1877 3193
635 193 878 224 TRis'rlUM
911 194 1008 224 ΜΒ.
1044 195 1086 224 v,
1117 184 1158 224 6.
1509 183 1624 226 2459

171 288 273 329 Nou
295 288 403 329 adeo
425 288 506 329 toti
525 287 625 327 fatis
645 299 844 340 urgemur
862 287 1043 341 iniquis,

228 354 292 396 Ut
311 368 407 396 mea
426 355 483 395 sit
501 353 645 406 longis
663 367 785 395 mens
807 368 988 408 quoque
1011 358 1130 396 mota
1150 354 1292 396 malis.

170 421 305 475 Finge
323 426 467 463 tamen
486 426 647 462 motam
664 435 673 463 :
706 423 877 475 quoties
901 422 1228 475 Agamemnone
1248 424 1396 462 natum

225 489 407 529 Dixisse
429 489 473 528 in
494 487 691 542 Pyladen
710 490 842 529 verba
863 494 1071 541 proterva
1092 489 1253 542 putas?

174 555 273 597 Nec
293 556 443 609 procul
464 569 490 596 a
512 569 614 597 vero
636 561 719 605 est,
740 555 860 609 quod
882 555 949 596 vel
972 555 1160 608 pulsarit
1180 555 1370 597 amicum
1387 569 1397 595 :

229 623 395 664 Mansit
414 624 457 663 in
477 623 633 664 officiis
653 636 736 664 non
756 624 902 664 minus
922 623 994 664 ille
1017 623 1126 664 suis.

171 689 274 730 Hoc
294 694 360 731 est
380 703 477 731 cum
497 691 669 731 miseris
692 690 835 731 solum
857 703 1088 732 commune
1108 691 1263 741 beatis,

223 756 454 798 Ambobus
474 758 605 798 tribui
628 757 746 811 quod
768 759 877 799 solet
898 758 1174 811 obsequium.

169 822 344 865 Ceditur
363 828 406 865 et
426 826 575 875 caecis,
597 830 639 866 et
659 838 770 878 quos
792 829 1015 877 praetexta
1037 823 1267 874 verendos,

222 890 448 945 virgaque
468 906 566 934 cum
586 893 731 933 verbis
751 892 1004 945 imperiosa,
1028 891 1148 933 facit.

167 958 214 999 Si
235 959 342 1000 mihi
361 973 449 1000 non
470 960 634 1013 parcis,
660 959 843 1000 fortunae
866 972 1047 1013 parcere
1069 959 1219 1000 debes.

225 1025 332 1067 Non
353 1027 487 1067 habet
505 1027 550 1067 in
571 1026 701 1066 nobis
723 1026 854 1066 ullius
877 1027 941 1066 ira
962 1027 1122 1067 locum.

169 1091 291 1145 Elige
309 1098 554 1135 nostrorum
572 1094 799 1134 minimum
820 1094 1132 1146 minimumque
1152 1092 1376 1134 laborum:

225 1159 334 1210 Isto,
357 1173 447 1214 quo
466 1162 587 1211 reris,
609 1161 815 1214 grandius
836 1160 944 1200 illud
965 1161 1062 1200 erit.

1569 757 1625 799 :30

1568 1093 1626 1134 35

168 1279 241 1309 adeo
255 1280 314 1310 toti
334 1280 502 1319 premimur
514 1278 600 1316 fatis
614 1279 762 1317 adversis,
776 1283 810 1309 ut
823 1288 908 1309 meus
922 1278 1044 1308 animus
1057 1278 1099 1308 sit
1115 1279 1209 1308 etiam
1223 1281 1358 1309 mutatus
1371 1278 1504 1309 diutinis
1515 1288 1625 1309 oerum-

170 1322 226 1351 nis.
275 1321 359 1351 Pone
374 1324 477 1351 tamen
492 1323 662 1351 mutatum:
686 1321 803 1359 quoties
823 1321 923 1351 credis
935 1320 1042 1362 filium
1056 1320 1297 1359 Agamemnonis
1309 1320 1462 1361 effutiisse
1476 1331 1563 1352 voces
1578 1331 1625 1352 us-

163 1372 254 1402 peras
270 1362 303 1393 in
326 1363 470 1402 Pyladen
481 1360 497 1393 ‚⁹
541 1362 649 1402 Neque
675 1362 763 1402 longe
778 1366 824 1394 est
839 1374 858 1394 α
873 1372 957 1402 veru,
978 1364 1057 1403 quod
1071 1363 1164 1393 etiam
1178 1363 1364 1403 appetiverit
1384 1364 1525 1395 amicum.
1570 1364 1629 1394 Ille

169 1414 224 1435 non
241 1405 340 1435 minus
354 1405 443 1435 stetit
459 1405 492 1435 in
507 1405 572 1435 suis
588 1404 705 1447 officiis.
749 1406 820 1437 Hoc
837 1406 933 1436 solum
956 1409 1002 1436 est
1017 1415 1173 1436 commune
1188 1406 1286 1436 beatis
1301 1416 1369 1436 cum
1390 1406 1522 1445 miseris,
1547 1407 1627 1446 quod

166 1447 297 1489 officium
325 1447 400 1477 solet
427 1447 576 1487 proestari
604 1448 751 1488 utrisque.
799 1449 929 1479 Ceditur
949 1452 979 1479 et
1000 1449 1101 1487 ccecis,
1118 1452 1147 1478 et
1172 1448 1213 1478 iis
1235 1458 1310 1488 quos
1321 1452 1478 1488 praetexta
1492 1453 1522 1480 et
1535 1450 1627 1488 virga

166 1490 327 1530 imperiosa
339 1500 405 1520 cum
422 1490 545 1520 vocibus
559 1490 645 1528 facit
669 1492 852 1521 tremendos.
898 1491 935 1521 Si
959 1491 1035 1521 mihi
1051 1501 1111 1521 non
1126 1491 1272 1530 ignoscis,
1287 1491 1376 1522 debes
1390 1491 1548 1530 ignoscere
1556 1491 1627 1530 sor-

165 1536 258 1564 tunoe.
305 1533 433 1562 Nullius
454 1534 503 1562 ira
526 1533 615 1562 habet
639 1533 736 1562 locum
755 1534 787 1563 in
810 1532 907 1563 nobis.
954 1533 1047 1571 Elige
1062 1533 1221 1563 minimum
1237 1535 1273 1563 de
1286 1537 1377 1573 parte
1390 1537 1564 1564 nostrorum
1583 1534 1626 1564 la-

166 1575 270 1605 borum
280 1586 292 1612 ,·
314 1575 391 1605 illua
407 1575 468 1605 erit
484 1575 582 1612 majus
604 1584 639 1604 eo
655 1576 734 1614 quod
749 1578 901 1605 autumas.
947 1575 1050 1609 Quam
1068 1574 1164 1612 fossoe
1187 1575 1322 1605 humida.»
1335 1578 1408 1605 sunt
1422 1575 1549 1606 consitae
1556 1574 1626 1613 fre-

778 1664 795 1675 ο

166 1724 249 1755 totis.
292 1723 379 1754 Tum
399 1723 519 1754 Heius.
547 1723 683 1754 volebat
702 1723 770 1762 fat.
794 1724 954 1763 agitamur
976 1724 1138 1764 iniq.-—26
1161 1723 1305 1755 Plurimi
1323 1725 1365 1756 P.
1382 1724 1521 1765 improba
1533 1724 1626 1757 verba

164 1770 232 1806 put.
257 1765 322 1797 dno
339 1766 445 1796 tristia
461 1766 574 1801 verba;
597 1766 660 1797 Be.
676 1771 711 1797 et
727 1767 811 1797 alius
828 1767 946 1807 impia;
968 1767 1053 1797 alius
1069 1770 1276 1807 aspera—27
1302 1767 1341 1798 In
1371 1767 1518 1807 vulgatis
1546 1769 1626 1807 quod

168 1810 213 1840 vel
226 1809 359 1849 pulsavit
374 1808 463 1838 amic.
487 1808 640 1849 plerique
656 1810 735 1849 quod
751 1819 832 1846 non;
855 1809 946 1840 unde
963 1810 1084 1841 Heius.
1104 1819 1140 1840 ne
1156 1819 1216 1840 non
1234 1810 1389 1850 pulsarit,·
1414 1811 1529 1841 Comb.
1554 1811 1627 1850 quia

168 1861 225 1882 non
246 1851 477 1891 pulsarit—‘28
502 1851 664 1891 Excerpt.
686 1852 783 1883 Voss.
812 1856 847 1882 et
875 1852 944 1882 duo
970 1852 1048 1883 libri
1075 1862 1130 1882 nec
1156 1861 1218 1891 pro
1241 1862 1318 1883 non:
1344 1852 1461 1883 Heius.
1478 1852 1627 1883 malebat

168 1904 249 1924 num.
296 1894 356 1923 sse.
379 1902 433 1922 nec
448 1893 549 1922 minus
571 1893 634 1932 ipse
650 1893 821 1924 meis.-—-34
846 1894 940 1925 Leid.
953 1895 1022 1925 nob.
1041 1894 1112 1932 jam
1127 1904 1206 1924 nova
1217 1895 1312 1934 plaga
1325 1895 1440 1929 locum,-
1464 1895 1552 1934 quod
1574 1904 1625 1926 re-

170 1936 313 1976 petitum
341 1935 475 1966 videtur
498 1944 540 1966 ex
566 1935 683 1965 ultimo
713 1945 759 1966 vs.
777 1936 1013 1966 Ponticorum.
1060 1937 1128 1966 Pro
1145 1937 1232 1976 vulg.
1254 1937 1348 1966 ullius
1364 1936 1448 1967 Cod.
1472 1935 1624 1967 Gallicus

170 1979 279 2014 unium
302 1978 486 2018 Gottorpli.
502 1978 732 2009 maneria-35
758 1977 854 2008 Leid.
868 1981 963 2009 nostr.
977 1987 1106 2018 parvum
1122 1978 1307 2018 nimiumque
1321 1978 1382 2009 lab.
1407 1978 1441 2008 in
1456 1978 1625 2009 nonnullis

825 2074 856 2105 N
863 2074 963 2106 OTAE

207 2150 246 2178 25
271 2146 501 2186 Agamemnone
530 2146 654 2187 natum]
692 2146 867 2188 Orestem,
922 2148 1187 2180 misericordiam
1214 2157 1254 2180 ex
1294 2147 1432 2179 fortuna
1458 2147 1625 2187 solicitat;

170 2197 314 2236 seilicet,
329 2197 372 2228 de
389 2197 486 2237 cujus
503 2195 617 2228 furore
628 2198 699 2237 jam
716 2198 852 2238 saepius.

205 2249 247 2278 30
259 2246 429 2286 Ambobus]
445 2247 563 2277 Beatis
576 2246 712 2287 quidem
725 2252 866 2287 propter

163 2297 402 2328 auctoritatem
419 2305 584 2337 spemque
601 2295 842 2327 beneficiorum
859 2308 868 2336 ;

165 2347 294 2378 miseris
325 2356 407 2378 vero
445 2356 488 2377 ex
522 2346 733 2377 humanitate
763 2351 867 2388 atque

166 2398 409 2430 misericordia.

208 2450 247 2478 31
286 2448 373 2483 Quos
404 2446 577 2489 praetexta]
628 2447 867 2488 Magistratus,

172 2496 312 2528 scilieet.

211 2547 251 2576 32
279 2546 391 2586 Virga]
422 2547 583 2587 Lictoris,
596 2556 662 2588 qua
677 2546 734 2578 ille
751 2546 867 2579 obvios

169 2603 209 2624 ex
227 2593 280 2624 via
296 2596 538 2628 summovebat.

212 2645 251 2672 33
277 2642 402 2682 Parcis]
447 2644 670 2677 Callidissime
688 2644 867 2676 admodum

169 2692 280 2723 Poeta
303 2692 398 2732 quasi
415 2691 449 2722 in
469 2702 505 2723 se
529 2695 649 2725 mutati
666 2699 725 2726 aut
749 2705 866 2736 parum

167 2743 254 2775 firmi
278 2742 376 2775 amici
393 2752 529 2775 causam
546 2743 691 2786 derivat,
720 2747 867 2789 ejusque

922 2202 973 2237 ut,
988 2198 1077 2238 quod
1095 2198 1237 2229 maxime
1251 2208 1335 2238 opus
1350 2197 1427 2236 fuit,
1441 2199 1529 2229 illius
1545 2208 1624 2240 neg-

919 2248 1095 2288 ligentiam
1112 2248 1352 2279 dissimularet.
1396 2248 1494 2279 Fides
1519 2248 1625 2279 semel

921 2297 954 2328 in
981 2308 1079 2329 omne
1109 2303 1243 2338 tempus
1271 2298 1493 2338 deperditum
1525 2307 1624 2338 quam

920 2348 1136 2388 languentem
1150 2348 1339 2388 prudenter
1354 2348 1505 2379 excitare
1522 2348 1622 2378 licet:

920 2397 1082 2438 dilapsam
1096 2403 1206 2428 antem
1219 2402 1338 2438 aperte
1353 2407 1512 2428 accusare
1526 2406 1623 2427 nemo

922 2458 1021 2479 sanus
1039 2458 1218 2489 aggressus
1237 2449 1291 2479 sit.

970 2497 1130 2537 Fortunae]
1163 2498 1250 2527 Meae
1268 2496 1523 2527 infelicissimae.

963 2550 1005 2578 :34
1028 2547 1099 2586 Ira]
1145 2548 1195 2577 Ea
1225 2555 1307 2576 vero
1331 2545 1475 2575 delinita
1501 2544 1621 2576 Poetae

921 2596 1002 2627 nihil
1019 2605 1102 2634 opus
1127 2594 1203 2625 fnit.
1248 2595 1372 2624 Verum
1390 2594 1438 2624 ita
1451 2603 1536 2634 opus
1552 2604 1623 2626 esse

921 2644 1170 2687 quodammodo
1194 2643 1322 2683 fingere
1340 2644 1496 2682 videtur3
1519 2654 1560 2674 ne
1578 2645 1625 2676 in·

919 2694 1095 2726 fidelitatis
1120 2693 1264 2724 amicum
1289 2703 1433 2734 arguere
1454 2694 1625 2735 intelliga-

923 2750 988 2778 tur.
1043 2745 1244 2786 Quanquam
1282 2748 1396 2776 autem
1432 2743 1623 2784 hujusmodi
