1877 3193
593 163 746 195 EPls'r.
780 164 846 194 Ex
882 164 1044 194 PoNro
1078 164 1174 195 Lm.
1207 164 1240 195 1.
1271 155 1315 196 3.
1563 157 1677 200 2519

216 258 363 300 *Arma
384 258 621 300 Neoclides
643 260 717 311 qui
739 259 926 301 Persica
947 259 1148 300 contudit
1168 259 1314 309 armis,

277 325 487 379 Argolica
506 327 689 379 primam
710 328 843 368 sensit
862 328 906 367 in
929 329 1034 368 urbe
1052 328 1216 380 fugam.
1622 331 1676 369 70

220 394 390 435 Pulsus
412 393 628 434 Aristides
649 396 794 447 patria
813 395 1142 436 Lacedaemona
1158 394 1295 448 fugit:

277 461 393 502 Inter
411 473 522 514 quas
544 461 738 511 dubium,
758 475 856 514 quae
878 462 994 514 prior
1016 465 1150 510 esset,
1173 467 1278 502 erat.

221 528 355 570 Caede
373 540 477 581 puer
495 527 611 568 facta
633 527 871 567 Patroclus
893 526 1072 580 Opu'nta
1092 527 1280 580 reliquit,

276 595 636 648 Thessaliamque
658 594 783 643 adiit,
812 593 978 648 hospes
998 592 1203 644 Achillis,
1225 595 1418 637 humum.

219 663 334 704 Exul
354 663 409 703 ab
432 662 673 703 Haemonia
695 661 901 703 Pirenida
921 662 1058 703 cessit
1081 662 1136 702 ad
1157 661 1334 713 undam,
1622 665 1659 705 7.

274 729 376 780 Quo
402 730 512 771 duce
532 730 654 771 trabs
676 729 870 771 Colchas
888 742 1015 770 sacra
1036 729 1227 770 cucurrit
1248 743 1404 783 aquas,

1655 666 1678 705 gl!

214 855 307 894 elegit
321 858 391 886 tuas
402 856 585 894 mansiones,
597 856 686 886 tellus
696 855 817 886 Attica.
855 853 1030 894 Neoclides,
1043 853 1205 895 quifregit
1220 856 1317 885 armis
1327 865 1413 886 arma
1433 856 1571 895 Persica,
1582 857 1678 888 sensit

210 898 346 938 primum
362 899 491 929 exilium
506 899 539 928 in
554 898 629 929 urbe
653 897 812 936 Argolica.
856 897 1016 927 Aristides
1044 897 1158 936 ejectus
1173 898 1279 937 patria
1292 898 1385 936 fugit
1400 898 1547 938 Spartam
1558 910 1570 935 ;
1592 900 1676 930 inter

212 951 288 980 quas
310 941 460 972 incertum
477 944 555 980 erat,
570 944 642 971 utra
657 944 734 970 esset
758 940 870 980 potior.
916 940 1080 970 Patroclus
1101 949 1176 979 puer
1191 941 1325 971 deseruit
1343 942 1468 981 Opunta
1482 944 1607 981 patrato
1623 942 1677 972 Ιιο-

213 984 350 1021 micidio,
363 987 393 1014 et
408 984 514 1024 hospes
531 983 663 1014 Achillis
678 983 761 1013 venit
776 983 808 1013 in
824 986 941 1013 terram
966 982 1181 1014 Thessalicam.
1227 982 1291 1013 Ille
1318 993 1375 1022 quo
1400 985 1474 1014 duce
1487 984 1577 1015 navis
1588 994 1677 1015 sacra

212 1026 340 1057 sulcavit
365 1037 460 1066 aquas
486 1026 615 1057 Colchas
641 1027 712 1057 exul
736 1025 774 1056 ab
801 1024 969 1056 Haemonia
990 1025 1074 1056 venit
1099 1027 1140 1056 ad
1165 1035 1276 1065 aquam
1301 1026 1494 1058 Pirenidem.
1543 1027 1678 1058 Cadmus

828 1110 1059 1121 mmaeoseeoo-

211 1173 400 1204 cognomen
435 1164 445 1182 ‘
471 1164 689 1196 Axeni.'—67
724 1166 890 1204 Excerpt.
925 1166 1022 1195 Voss.
1057 1162 1133 1194 ‘esse
1170 1166 1402 1195 remotus-70
1441 1164 1525 1195 Cum
1560 1165 1570 1181 ‘
1601 1173 1678 1194 sen-

212 1206 290 1237 tire'
316 1207 350 1237 in
376 1208 497 1237 malam
524 1212 656 1247 partem
694 1206 766 1237 fere
789 1207 905 1247 capiat
931 1207 1075 1245 Noster,
1097 1211 1136 1236 ut
1158 1206 1258 1236 modo
1287 1216 1334 1237 vs.
1359 1209 1411 1238 39.
1437 1212 1473 1237 et
1498 1207 1576 1237 alibi
1605 1206 1675 1236 dic-

213 1256 297 1289 tum,
336 1259 404 1279 non
440 1249 536 1288 capio
577 1249 661 1289 quid
702 1249 759 1287 sit,
794 1250 911 1279 sentire
948 1249 1083 1288 primam
1119 1247 1247 1286 sugam,
1285 1248 1348 1278 nisi
1380 1257 1422 1278 ex
1453 1249 1547 1278 initio
1579 1249 1676 1279 exilii

211 1291 375 1329 grandem
396 1293 469 1331 jam
496 1291 725 1321 calamitatem
749 1291 916 1331 experiri:
953 1291 1048 1332 atqui
1076 1290 1285 1320 contrarium
1303 1291 1378 1321 vult
1405 1294 1523 1321 auctor
1546 1297 1677 1329 noster,

210 1342 277 1364 non
300 1332 405 1364 fuisse
430 1333 613 1364 admodum
638 1343 742 1373 grave
770 1334 923 1372 exilium,
950 1334 1029 1374 quia
1055 1333 1170 1363 statim
1199 1333 1316 1364 urbem
1340 1333 1452 1374 Argos
1493 1334 1676 1372 concessit,

209 1385 285 1416 quae
304 1376 359 1406 vix
386 1375 530 1407 Athenis
558 1376 781 1408 concedebat.
805 1377 921 1409 Quare
945 1376 1142 1416 legendum,
1162 1376 1314 1415 Argolica
1340 1386 1411 1408 num
1427 1387 1515 1416 quam
1531 1377 1627 1407 sensit
1639 1377 1675 1407 in.

210 1418 434 1458 urbefugam?
458 1429 500 1450 an
520 1429 554 1450 se
571 1420 707 1451 exulem
732 1429 806 1450 esse
829 1419 934 1450 sensit
962 1418 1087 1459 Argis?
1110 1420 1176 1457 vel,
1196 1420 1257 1457 dic,
1273 1429 1377 1459 quam.
1421 1420 1457 1449 Si
1474 1420 1614 1459 vulgata
1626 1429 1677 1450 re·

210 1462 363 1502 tinenda,
392 1463 538 1503 legenda
564 1468 617 1494 est
643 1472 706 1502 per
734 1462 1049 1501 interrogationem,
1077 1462 1226 1499 Argolica
1253 1472 1292 1492 an
1315 1459 1480 1500 primam?
1515 1462 1676 1493 Burm.-—

209 1507 250 1535 74
277 1505 496 1545 Thessaliamq.
523 1515 565 1536 ex
598 1511 745 1545 quatuor
770 1510 876 1535 vett.:
906 1504 994 1543 vulg.
1029 1503 1349 1542 Thessalicamq.—-75
1374 1504 1416 1533 V.
1447 1505 1488 1534 ad
1518 1504 1677 1535 urbem.-

209 1549 250 1577 76
264 1548 526 1587 Colchas...aquas
542 1557 584 1577 ex
598 1547 717 1577 Heius.
734 1546 868 1577 emend.
883 1556 891 1583 ;
908 1555 985 1576 nam
1004 1555 1088 1576 unus
1107 1545 1200 1577 Med.
1226 1546 1294 1580 Quo
1307 1547 1382 1576 duce
1397 1545 1574 1577 Colchiacas
1587 1547 1675 1586 Argo

867 1644 900 1675 N
906 1642 1008 1674 OTAE

209 1718 326 1749 littore
344 1717 481 1749 Pontici
496 1718 597 1749 maris
614 1719 690 1757 sita,
707 1719 791 1749 urbe
806 1719 915 1750 oriun-

211 1767 297 1798 dus:
338 1768 392 1799 cui
424 1768 516 1799 lucro
548 1767 614 1799 fnit
638 1779 658 1799 a
681 1769 840 1800 Barbaris
871 1770 913 1801 ad

212 1818 415 1849 cultissimus
432 1818 593 1859 homines,
614 1818 840 1851 Athenienses
865 1820 914 1851 di-

213 1878 268 1907 co,
284 1867 458 1899 devenire.

256 1923 298 1951 69
335 1919 509 1959 Neoclides]
565 1920 811 1952 Themistocles
852 1926 916 1959 est,

212 1971 441 2010 Atheniensis,
457 1971 596 2002 Neoclis
612 1970 710 2009 filius,
726 1971 793 2009 cni,
810 1981 915 2012 quan-

212 2030 313 2061 quam
342 2021 384 2051 ab
412 2021 475 2051 illis
507 2021 652 2059 veniret,
684 2020 822 2052 difficile
850 2031 916 2053 non

211 2069 278 2102 fuit
295 2072 384 2111 apud
403 2071 541 2102 Graecos
559 2072 696 2102 exilium
714 2072 796 2112 pati.

257 2122 422 2161 Contudit]
443 2122 526 2152 Rern
543 2122 648 2162 ipsam
666 2132 731 2153 non
749 2123 915 2163 poeniteat

210 2183 251 2204 ex
270 2173 456 2203 Plutarcho
474 2173 665 2212 praesertim
683 2183 901 2213 cognoscere.

252 2226 294 2254 70
317 2222 474 2262 Primam]
508 2223 665 2263 Namque
692 2224 817 2263 saepius
842 2224 914 2264 pul-

208 2283 275 2306 sue.

250 2327 290 2355 71
316 2324 490 2364 Aristides]
515 2323 735 2355 Atheniensis
752 2324 817 2355 fuit
836 2324 913 2355 Phi·

208 2375 377 2416 losophus,
392 2375 537 2405 maxime
562 2375 743 2415 Politicus,
765 2375 913 2406 Themis-

210 2426 292 2457 tocli
320 2435 469 2466 coaevum,
493 2425 547 2456 cui
579 2435 599 2455 a
629 2426 765 2466 justitia
797 2427 913 2456 datum

211 2485 413 2515 cognomen.

252 2527 295 2554 ’12
320 2525 421 2565 Quas]
444 2525 572 2566 Urbes,
587 2526 728 2557 scilicet.

255 2573 334 2608 Quoe
357 2575 458 2614 prior]
479 2576 557 2606 Non
582 2577 691 2608 minus
718 2577 807 2608 enim
832 2582 913 2608 tunc

211 2623 373 2662 temporis
395 2623 518 2663 Sparta
539 2635 638 2664 quam
656 2625 797 2657 Athenae
815 2625 913 2659 flore·

212 2672 285 2705 bat.

255 2725 296 2756 7³
323 2721 429 2761 Caede]
473 2721 666 2764 Patroclus,
695 2726 851 2758 Menoetii
879 2725 915 2756 fi·

968 1719 1045 1757 lius,
1058 1727 1136 1749 cnm
1159 1718 1336 1759 astragalis
1362 1717 1507 1756 luderet,
1524 1716 1675 1757 Aphida-

969 1770 1093 1801 mantis
1119 1769 1239 1809 filium,
1268 1771 1396 1810 Eauen,
1429 1779 1488 1801 seu
1521 1769 1675 1810 Clisony-

969 1832 1072 1861 muni,
1094 1827 1132 1852 ut
1150 1822 1207 1852 alii
1222 1827 1360 1861 vocant,
1378 1821 1482 1851 iratus
1500 1820 1591 1862 quod
1609 1820 1673 1850 sibi

969 1873 1098 1913 aliquos
1115 1872 1347 1912 surripuisset,
1362 1871 1498 1901 occidit.
1544 1871 1621 1902 Qua
1638 1879 1674 1899 re

970 1923 1004 1952 in
1020 1923 1242 1960 Thessaliam,
1254 1926 1358 1961 atque
1376 1921 1407 1950 in
1423 1921 1540 1950 urbem
1555 1919 1674 1950 Phthi-

971 1983 1023 2004 am
1055 1973 1096 2002 ad
1132 1973 1275 2003 Peleum
1307 1970 1474 2011 confugit,
1509 1969 1565 2000 nbi
1595 1978 1673 2000 cnm

972 2023 1104 2054 Achille
1133 2021 1355 2053 arctissimam
1387 2020 1673 2052 necessitudinem

970 2073 1153 2105 contraxit.

1015 2124 1155 2165 Opunta]
1180 2124 1231 2154 Ex
1250 2124 1391 2164 Opunte
1410 2123 1561 2153 Locridis
1579 2121 1674 2163 oppi-

969 2175 1013 2206 do
1029 2174 1205 2206 oriundum
1218 2174 1418 2204 Patroclum
1434 2178 1580 2204 testatur
1595 2180 1675 2213 quo·

968 2234 1033 2267 que
1051 2225 1232 2256 Homerus.

1012 2279 1051 2307 75
1078 2274 1260 2315 Hoemonia]
1281 2274 1464 2313 Thessalia,
1488 2272 1543 2303 cui
1574 2277 1609 2302 ct
1639 2272 1675 2302 il·

969 2327 1027 2358 lud
1046 2335 1178 2357 nomen.

1014 2375 1182 2416 Pirenida]
1205 2375 1323 2407 Fontis
1344 2375 1501 2411 I'irencs,
1518 2373 1558 2402 ad
1587 2373 1675 2403 radi-

967 2438 1024 2459 ces
1044 2426 1302 2463 Acrocorinthi;
1324 2435 1366 2455 ex
1389 2434 1455 2463 qno
1474 2421 1673 2453 Corinthum

969 2478 1088 2509 urbem
1106 2477 1291 2515 intelligas,
1306 2484 1372 2514 quo
1389 2474 1491 2504 Jason
1509 2473 1676 2512 confugit.

1012 2531 1054 2559 70
1080 2527 1148 2561 Quo
1163 2526 1251 2564 duce]
1287 2524 1390 2555 Jason
1423 2523 1493 2561 ipse
1519 2526 1583 2559 est,
1613 2523 1671 2563 qui

969 2578 1076 2609 Peliae
1105 2584 1202 2605 suasu
1220 2574 1253 2603 in
1269 2573 1465 2604 Colchieam
1482 2572 1672 2612 expeditio-

969 2637 1046 2659 nem
1062 2624 1236 2663 navigavit

1015 2675 1128 2715 Trabs]
1152 2674 1246 2713 Argo
1273 2672 1367 2704 navis
1393 2677 1446 2703 est
1475 2682 1572 2704 sacra
1594 2673 1672 2704 Pal-

967 2727 1056 2759 ladi:
1074 2727 1132 2757 illa
1146 2734 1293 2766 namque
1308 2723 1671 2765 Argonautae‚Jasone
