1877 3193
844 204 956 235 IBIS.

175 298 332 349 Qualis
354 303 396 341 et
417 300 514 354 ipse
535 300 630 349 fuit,
654 313 742 354 quo
763 301 1055 354 praecipiente
1073 299 1279 341 columba

232 368 311 408 Est
329 367 432 408 data
452 368 670 409 Palladiae
690 370 859 422 praevia
880 369 1061 421 duxque
1077 368 1178 409 rati.

174 434 353 489 Quique
375 436 516 477 oculis
540 436 695 485 caruit,
716 449 794 489 per
813 449 924 489 quos
944 437 1056 476 male
1077 435 1247 476 viderat
1266 446 1433 484 aurum,

232 502 414 542 Inferias
434 507 538 543 nato
561 516 675 555 quos
698 503 818 542 dedit
838 504 948 542 orba
969 515 1142 554 parens.

175 569 332 610 Pastor
353 574 399 610 ut
420 571 638 619 AEtnaeus,
661 570 732 609 cui
752 581 882 609 casus
905 572 1004 608 ante
1025 567 1192 609 futuros

230 636 437 677 Telemus
460 636 721 690 Eurymides
741 637 1012 678 vaticinatus
1033 641 1139 678 erat.

175 705 238 745 Ut
258 703 346 744 duo
368 704 588 753 Phinidae,
609 705 772 757 quibus
791 704 909 745 idem
926 704 1070 744 lumen
1093 704 1269 754 ademit,

231 770 320 821 Qui
342 771 482 812 dedit:
515 775 564 812 ut
583 771 829 826 Thamyrae,
853 772 1189 825 Demodocique
1212 776 1360 826 caput.

177 838 252 879 Sic
274 838 436 891 aliquis
458 842 535 878 tua
553 839 747 878 membra
764 842 897 888 secet,
921 838 1132 879 Saturnus
1158 842 1200 880 ut
1220 839 1320 880 illas
1553 840 1638 881 275

233 905 467 946 Subsecuit
484 909 649 959 partes,
668 905 784 946 unde
805 911 978 947 creatus
996 910 1100 947 erat.

1547 501 1632 542 270

176 1041 265 1070 qnam
281 1035 327 1062 est
342 1032 455 1062 electus
470 1032 588 1062 arbiter
604 1034 641 1063 de
657 1032 838 1071 litejocosa.
886 1033 999 1068 Qualis
1014 1043 1129 1074 quoque
1144 1033 1172 1063 is
1191 1032 1272 1071 fuit,
1286 1042 1342 1072 quo
1359 1031 1488 1070 jubente
1503 1030 1641 1063 columba

176 1076 250 1104 data
268 1078 313 1104 est
328 1075 401 1104 navi
418 1075 583 1114 Palladioe,
599 1085 666 1115 quoe
690 1076 749 1116 ipsi
773 1076 899 1116 proez'ret
915 1077 1059 1116 illamque
1083 1077 1219 1107 duceret.
1268 1075 1388 1115 Quique
1415 1074 1508 1105 oculis
1533 1074 1642 1115 quibus

176 1125 287 1147 aarum
303 1118 381 1147 mule
403 1122 604 1157 perspexerat
623 1117 693 1155 fuit
717 1119 870 1158 privatus,
897 1129 969 1159 quos
992 1122 1092 1149 mater
1115 1119 1187 1149 orba
1203 1118 1291 1159 filios
1305 1118 1391 1148 dedit
1406 1117 1548 1155 inferias.
1599 1117 1642 1148 Ut

174 1162 281 1198 pastor
298 1161 440 1190 AEtnaeus
454 1160 503 1190 cui
524 1161 663 1191 Telemus
682 1162 871 1202 Eurymedes
893 1163 1087 1201 praedixerat
1103 1161 1309 1200 infortunium
1317 1160 1474 1198 futurum.
1525 1160 1567 1190 Ut
1584 1160 1642 1190 duo

182 1201 338 1239 Phinidae,
354 1203 463 1242 quibus
489 1203 569 1232 idem
595 1204 721 1234 sustulit
748 1205 859 1243 oculos,
876 1204 928 1243 qui
952 1204 1109 1243 proebuit;
1131 1207 1166 1234 ut
1182 1209 1274 1242 caput
1292 1203 1466 1243 Tlmmyrae,
1482 1205 1511 1232 et
1529 1202 1643 1232 Demo·

177 1244 256 1276 doci.
302 1245 354 1275 Itu
370 1245 484 1285 aliquis
498 1246 654 1276 rescindat
670 1250 737 1276 tuos
759 1249 860 1285 artus,
880 1250 915 1277 ut
942 1246 1101 1277 Saturnus
1114 1246 1239 1276 rescidit
1257 1246 1327 1275 illus
1348 1248 1466 1285 partes,
1483 1254 1522 1275 ex
1537 1245 1645 1284 quibus

955 1331 1032 1341 em

179 1384 278 1416 multi
307 1384 364 1415 alii
389 1384 444 1414 ille
475 1392 537 1424 pro
567 1384 751 1423 ipse.—272
784 1384 879 1414 Unus
908 1383 996 1414 liber
1027 1382 1210 1417 Euritides:
1249 1386 1284 1413 et
1310 1381 1377 1412 duo
1406 1381 1646 1412 Eumenides.-

179 1431 243 1459 274
266 1427 306 1458 Iu
330 1427 392 1457 lioc
416 1427 553 1457 nomine
576 1426 808 1465 [Demodociq]
837 1427 971 1456 variant
998 1426 1127 1464 scripti.
1174 1424 1414 1463 Demolophique
1437 1423 1594 1454 Francof.
1610 1427 1646 1453 et

180 1470 304 1509 Petav.
362 1469 432 1499 Alii
459 1467 722 1507 Demodophique,
753 1467 991 1507 Demosoaique‚
1019 1466 1262 1505 Demophoz'que.
1307 1465 1494 1496 Demodoci
1521 1465 1648 1505 poetae,

180 1514 237 1553 qui
251 1511 348 1542 Ἰλίου
363 1509 480 1541 ἅλωσιν
495 1510 645 1549 scripsit,
659 1509 749 1550 qnod
767 1519 904 1540 carmen
922 1510 1041 1540 Ulixes
1068 1508 1152 1539 tibia
1179 1508 1316 1547 cecinit,
1332 1507 1482 1538 meminit
1498 1507 1646 1538 Ptolem.

182 1554 362 1596 Hephaest.
378 1555 398 1584 l.
415 1562 480 1584 vn.
505 1552 561 1593 qui
589 1561 631 1582 an
655 1551 774 1583 itidem
800 1552 929 1583 tibicen
958 1551 1062 1582 fuerit
1089 1550 1214 1582 nescio.
1238 1551 1457 1582 Barim—275
1485 1549 1645 1581 Nicolaus

845 1647 876 1678 N
883 1647 983 1679 OTAE

184 1723 286 1762 eruit,
301 1731 398 1764 quem
415 1720 585 1761 Antigona
601 1719 670 1751 filia
685 1720 809 1751 deinde
827 1721 889 1752 cir-

184 1772 372 1811 cumduxit,
398 1775 432 1802 et
460 1771 630 1812 perimere
655 1780 691 1801 se
716 1770 889 1802 volentem

184 1821 367 1863 prohibuit.

225 1874 289 1903 266
327 1871 452 1911 Clarus]
491 1871 648 1912 Namque
680 1875 718 1902 ut
748 1871 889 1902 Tiresiae

185 1924 414 1955 calamitatem
440 1923 580 1963 Jupiter
602 1924 746 1962 levaret,
771 1923 890 1954 vatici·

183 1974 287 2005 nandi
303 1978 474 2014 arte‚quae
494 1973 661 2012 Apollinis
675 1977 727 2004 est
742 1973 891 2014 propria,

185 2023 307 2064 insigni
325 2022 490 2054 beneficio
507 2024 653 2053 donavit.

230 2074 346 2114 Senex]
367 2074 532 2104 Tiresiam
551 2073 724 2113 intelligit,
741 2073 797 2113 qui
814 2082 890 2112 sep-

187 2130 255 2156 tem
272 2129 392 2155 aetates
418 2124 540 2153 vixisse
558 2123 704 2161 dicitur,
721 2132 740 2153 a
754 2122 891 2154 Junone

186 2178 378 2207 occaecatus
405 2174 482 2204 ideo
497 2173 586 2214 quod
614 2174 655 2204 ab
683 2183 723 2204 ea
740 2173 838 2204 simul
856 2178 892 2204 et

187 2225 274 2256 Jove
293 2224 540 2265 sumtusjudex
557 2224 665 2255 vii-inc
682 2235 724 2255 an
741 2224 891 2255 mulieris

186 2274 293 2305 libido
310 2275 418 2314 major
442 2279 544 2311 esset,
570 2283 636 2305 non
653 2284 714 2315 pro
732 2275 816 2315 ipsa,
832 2274 892 2306 sed

187 2325 221 2357 in
238 2325 328 2355 illius
346 2325 500 2363 gratiam,
521 2325 726 2355 sententiam
744 2324 892 2355 tulisset.

232 2378 293 2406 267
321 2375 389 2410 Quo
403 2374 620 2415 praecipiente]
645 2374 765 2406 Phinei
782 2375 893 2414 tangit

188 2426 351 2461 fabulam,
366 2426 406 2455 de
423 2426 536 2465 quain
555 2426 695 2456 Metam.
708 2425 764 2456 cui
781 2434 800 2455 a
816 2425 891 2456 Diis

190 2476 268 2507 ideo
284 2475 370 2507 eruti
384 2475 487 2513 oculi,
501 2474 589 2515 quod
603 2475 728 2506 liberos
743 2485 783 2505 ex
797 2476 893 2506 Cleo-

190 2531 289 2567 patra
305 2529 484 2565 susceptos
508 2534 664 2556 novercae
683 2525 774 2555 Ideae
794 2533 892 2554 suasu

191 2580 409 2607 cxcaecasset.
447 2574 510 2604 Ille
527 2583 668 2614 namque
687 2573 893 2613 Argonautis

192 2629 310 2656 auctor
337 2624 403 2654 fuit
426 2622 614 2653 columbam
632 2633 731 2664 quam
750 2623 803 2653 Dii
819 2623 893 2653 mit-

192 2678 307 2706 terent
331 2678 567 2714 sequerentur,
595 2673 692 2713 cujus
715 2683 779 2715 ope
807 2674 892 2714 Cya-

192 2733 273 2757 neas
290 2728 404 2764 petras
421 2721 604 2752 evitarent.

236 2776 300 2807 268
324 2772 419 2815 Rati]
445 2772 496 2804 De
514 2771 606 2811 Argo
633 2771 894 2813 navicloquitur,

943 1721 1111 1752 Minervae
1129 1731 1187 1752 seu
1206 1719 1358 1751 Palladis
1376 1722 1450 1750 arte
1467 1717 1646 1758 fabricata,

943 1781 1008 1812 qua
1025 1771 1233 1811 Argonautae
1251 1770 1283 1800 in
1301 1769 1497 1801 Coleliidem
1515 1768 1617 1799 vecti.

986 1823 1050 1852 269
1067 1821 1189 1861 Quique
1205 1819 1314 1859 oculis]
1333 1819 1569 1858 Polymnestor
1584 1821 1648 1858 est,

944 1881 1005 1903 rex
1022 1871 1187 1910 Tliraeiae,
1203 1879 1303 1911 quem
1331 1868 1477 1901 Hecuba
1499 1868 1575 1899 ideo
1593 1877 1648 1898 oc-

945 1922 1089 1953 caecavit
1107 1921 1194 1962 quod
1222 1920 1428 1960 Polydorum
1445 1918 1551 1948 filium
1575 1918 1648 1948 auri

944 1972 1135 2012 cupiditate
1150 1971 1324 2011 impulsus,
1339 1969 1427 2010 quod
1447 1969 1525 1999 olim
1549 1968 1649 1998 rebus

946 2023 1012 2052 suis
1026 2020 1180 2052 diffidens
1194 2019 1388 2051 crediderat
1405 2018 1574 2057 Priamus,
1588 2027 1649 2058 per

946 2081 1109 2101 summum
1147 2071 1256 2101 scelus
1284 2068 1476 2100 occidisset.
1538 2069 1647 2100 Quam

946 2131 1017 2153 rem
1037 2120 1168 2161 prolixe
1184 2120 1288 2150 habes
1303 2119 1336 2149 in
1353 2119 1494 2149 Metam.

990 2175 1052 2203 270
1076 2171 1227 2211 Inferias]
1258 2171 1308 2201 Eo
1325 2169 1459 2200 nomine
1476 2168 1649 2209 appellan-

947 2226 1003 2253 tur
1021 2222 1162 2252 mortuis
1177 2230 1253 2261 quae
1272 2219 1513 2260 persolvuntur
1528 2227 1635 2248 sacra.

989 2274 1051 2303 271
1077 2270 1206 2310 Pastor]
1236 2268 1466 2310 Polyphemus
1488 2267 1522 2297 in
1549 2267 1651 2298 AEtua

947 2327 1062 2354 monte
1091 2321 1252 2362 Cyclops,
1279 2324 1316 2350 ut
1341 2319 1441 2358 vulgo
1468 2316 1653 2356 creditum,

947 2382 1045 2414 quem
1070 2372 1187 2412 stipite
1212 2370 1334 2401 adusto
1356 2368 1495 2408 Ulysses
1523 2366 1649 2398 lumine

946 2421 1105 2464 privavit.

989 2474 1051 2502 272
1078 2468 1230 2508 Telemus]
1258 2468 1353 2499 luter
1370 2466 1537 2505 Cyclopas
1556 2470 1649 2498 vates

948 2520 1098 2561 insignis,
1113 2519 1154 2548 de
1172 2528 1237 2559 quo
1256 2518 1397 2547 Metam.
1415 2525 1498 2547 xm.

990 2573 1052 2600 273
1079 2567 1239 2606 Phinidae]
1265 2566 1430 2596 (trambus
1447 2570 1482 2596 et
1496 2566 1650 2606 Orytlius

949 2631 967 2652 a
984 2620 1115 2650 Phineo
1128 2622 1225 2659 patre
1242 2626 1397 2647 novercae
1415 2617 1579 2648 instinctu
1596 2626 1650 2648 ex-

947 2668 1077 2701 caecati.

990 2721 1051 2751 274
1071 2717 1247 2758 Thamyrce]
1267 2715 1376 2747 l'o'cta
1395 2715 1457 2747 fuit
1475 2717 1650 2756 Thracius,

951 2769 1189 2801 Philanunouis
1218 2773 1251 2799 ct
1282 2767 1448 2809 Argiopes
1478 2768 1646 2808 Nympha:
