1877 3193
468 472 545 528 P.
603 469 899 529 OVIDII
959 467 1351 526 NASONIS

617 650 1198 702 EPISTOLARUM

390 809 623 884 EX
775 806 1432 883 PONTO

715 1001 985 1051 LIBER
1040 1002 1113 1049 ΙΙ.

650 1390 1071 1440 EPISTOLA
1127 1392 1174 1438 Ι.

556 1551 944 1593 GERMANICO
990 1551 1256 1594 CAESARI.

739 1690 1094 1724 ARGUMENTUM.

186 1785 336 1816 TmERu
355 1783 504 1815 Neronis
520 1783 726 1822 ovationem,
743 1793 842 1825 quam
871 1784 924 1816 hic
953 1784 1100 1825 digniori
1126 1785 1260 1817 nomine
1286 1785 1475 1827 triumphum
1492 1788 1644 1828 appellat

231 1838 344 1878 poeta,
357 1837 398 1867 ad
416 1837 499 1868 sein
515 1837 685 1877 Scythiam
701 1836 791 1868 fama
807 1839 1008 1878 pertulerat,
1022 1849 1121 1880 quam
1140 1838 1225 1870 dicit
1241 1839 1303 1870 sibi
1318 1849 1473 1880 magnam
1489 1841 1643 1872 laetitiam

229 1892 406 1922 attulisse:
431 1891 571 1931 ejusque
587 1890 727 1921 forman·
744 1891 953 1930 describens,
965 1892 1106 1922 Caesaris
1123 1892 1336 1923 clementiam
1354 1893 1482 1931 laudat,
1495 1894 1552 1934 qui
1568 1903 1644 1924 cum

227 1946 378 1977 hostibus
396 1945 428 1975 in
445 1945 534 1976 bello
551 1945 661 1985 captis
686 1945 787 1976 vitam
816 1946 1037 1984 concesserit,
1063 1950 1180 1986 sperat
1195 1955 1327 1987 qnoque
1345 1947 1507 1987 majorem
1524 1947 1558 1978 in
1577 1957 1645 1979 nio-

230 2000 309 2030 dum
335 2000 428 2029 illum
458 2008 593 2029 usurum
621 1999 653 2028 iu
679 2008 713 2029 se
742 1998 859 2029 eadem
889 1998 1084 2030 clementia.
1132 1999 1268 2030 Deinde
1298 2000 1390 2031 Deos
1419 2006 1581 2040 precatur
1607 2006 1645 2033 ut

230 2051 372 2083 Tiberio
389 2052 573 2092 longiorem
592 2051 694 2082 vitam
716 2051 918 2083 concedant.

187 2148 252 2204 H
261 2176 320 2206 Uc
344 2178 517 2217 quoquc
540 2164 732 2205 Caesarei
753 2165 948 2218 pervenit
968 2164 1085 2205 fama
1108 2165 1328 2220 triumphi,

243 2231 470 2284 Languida
490 2245 580 2285 quo
602 2232 709 2272 sessi
730 2232 808 2272 vix
827 2232 946 2273 venit
967 2245 1073 2273 aura
1097 2232 1219 2274 Noti.

230 2339 327 2371 Fama
342 2339 493 2380 triumphi
511 2340 647 2372 Coesarei
659 2342 838 2381 penetravit
853 2342 947 2372 etiam
963 2342 1033 2381 huc,
1059 2351 1117 2383 quo
1141 2341 1273 2383 spiritus
1296 2343 1462 2374 exhaustus
1478 2343 1557 2373 Noti
1572 2342 1647 2372 lassi

796 2415 1032 2427 eeeeeeeeeeee

229 2455 270 2486 In
286 2456 377 2488 Mor.
394 2456 466 2488 haec
482 2456 638 2498 Epistola
654 2458 848 2490 inscribitur
873 2458 1042 2490 Groecino:
1070 2460 1103 2490 in
1129 2459 1223 2490 Med.
1248 2464 1283 2490 et
1307 2459 1390 2498 Arg.
1415 2460 1451 2489 <Ie
1478 2458 1645 2498 Triumpho

847 2544 986 2576 NOTAE

235 2604 250 2632 l
277 2601 452 2642 Triumphi]
495 2606 551 2636 De
575 2607 752 2639 Pannonio
779 2618 890 2640 sermo
945 2612 1068 2649 potest.

192 2657 257 2692 est,
282 2661 381 2693 quem
406 2652 565 2686 Tiberius
589 2657 678 2697 egit:
713 2668 822 2701 neque
850 2670 891 2690 ea
987 2661 1006 2688 2
1033 2657 1133 2696 Fessi]
1161 2655 1264 2688 Quasi
1291 2659 1421 2687 tantum
1447 2655 1489 2687 ab
1515 2656 1643 2688 Italicis

191 2712 244 2734 res
258 2712 299 2734 cx
312 2702 436 2734 tabulis
450 2703 693 2746 chronologicis
704 2708 805 2740 dubia
814 2717 890 2741 esse
944 2708 1011 2739 oris
1027 2707 1144 2738 dissita
1159 2705 1277 2738 fuisset
1292 2706 1383 2746 regio
1398 2706 1570 2748 Scythica,
1587 2706 1643 2738 ubi
