1877 3193
237 144 353 187 2826

725 158 765 187 Ρ.
797 155 956 185 0V1D11
990 155 1202 187 NASONlS

238 249 581 305 Muneribusque
601 251 686 291 tuis
705 250 899 300 laedaris,
920 253 969 291 ut
990 249 1144 292 Icarus
1161 265 1172 303 ;
1201 251 1245 292 in
1266 264 1394 305 quem

294 317 446 359 Intulit
468 322 659 359 armatas
681 318 799 357 ebria
820 318 947 358 turba
966 331 1132 360 manus.

236 383 458 438 Quodque
480 385 628 425 dolore
648 387 767 426 necis
788 388 943 439 patriae
966 387 1042 439 pia
1065 386 1158 428 filia
1176 386 1293 437 fecit,

1604 386 1690 427 615

293 452 486 493 Vincula
506 466 583 506 per
604 453 752 506 laquei
772 453 842 494 sac
860 454 937 493 tibi
957 458 1101 505 guttur
1121 458 1236 495 eant.

238 517 561 572 Obstructoque
582 519 739 560 famem
761 521 946 573 patiaris
966 521 1115 562 limine
1135 522 1255 571 tecti,

294 585 357 625 Ut
378 586 513 636 legem
536 599 684 638 poenae
706 586 779 626 cui
800 587 923 626 dedit
943 588 1041 640 ipsa
1062 601 1234 639 parens.

236 652 363 694 Illius
384 652 589 705 exemplo
612 653 750 693 violes
771 653 1006 694 simulacra
1027 654 1206 704 Dianae,

290 718 470 759 Aulidis
491 733 516 760 a
538 725 668 773 portu
690 721 766 773 qui
786 720 884 761 leve
900 723 1032 762 vertit
1051 722 1150 762 iter.

1607 721 1692 763 620

237 785 563 840 Naupliadaeve
584 788 716 828 modo
734 787 839 829 ficto
861 801 940 843 pro
962 789 1137 830 crimine
1158 801 1315 843 poenas

293 852 437 897 Morte
458 856 582 908 luas3
613 869 692 898 nec
714 861 756 898 te
777 870 865 898 non
884 858 1098 899 meruisse
1122 858 1266 911 juvet.

231 1003 365 1034 pressas,
385 994 489 1034 Atque
502 1005 609 1036 pereas
624 997 686 1027 tuis
701 997 800 1036 donis,
815 997 895 1028 sicut
912 998 1031 1036 Icarus,
1043 997 1075 1027 in
1092 1006 1179 1037 quem
1192 1004 1303 1035 agmen
1314 995 1433 1027 ebrium
1446 994 1575 1026 immisit
1585 1004 1693 1025 manus

231 1040 380 1068 armatas.
427 1039 471 1068 Et
487 1040 565 1078 quod
578 1039 654 1080 filia
667 1039 722 1079 pia
728 1039 811 1076 fecit
828 1050 953 1070 moerore
968 1039 1080 1070 mortis
1089 1039 1216 1079 palriae,
1224 1040 1282 1077 fac
1297 1039 1367 1070 nodi
1382 1037 1479 1078 laquei
1491 1037 1695 1078 comprimant

232 1078 292 1109 tibi
299 1079 422 1117 fauces.
466 1082 571 1122 Atque
583 1081 716 1122 patiaris
726 1082 848 1120 famem
863 1083 951 1113 aditu
967 1085 1073 1113 domus
1092 1083 1250 1122 praecluso,
1277 1085 1312 1112 ut
1328 1082 1377 1112 cui
1399 1082 1467 1121 ipsa
1480 1084 1580 1111 mater
1591 1079 1695 1120 posuit

232 1122 330 1160 legem
355 1124 509 1164 supplicii.
554 1125 669 1155 Loedas
682 1125 847 1156 simulacra
864 1126 992 1164 Dianoe,
1018 1125 1097 1156 sicut
1116 1125 1167 1156 ille
1182 1125 1234 1165 qui
1261 1125 1324 1155 leve
1338 1125 1400 1155 iter
1415 1123 1554 1155 turbavit
1570 1132 1588 1153 α
1602 1125 1695 1163 portu

232 1164 366 1197 Aulidis.
403 1167 458 1198 Vel
475 1176 580 1207 poenas
595 1169 733 1199 exsolvas
745 1171 841 1199 morte
863 1178 921 1209 pro
944 1169 1056 1199 scelere
1068 1168 1161 1209 ficto,
1185 1168 1264 1199 sicut
1282 1167 1472 1208 Naupliades
1483 1177 1495 1205 ;
1517 1175 1611 1207 neque
1637 1164 1696 1195 tibi

842 1250 1083 1263 eeeeeeeeeeee

234 1302 502 1334 deducere.-—ol2
526 1305 682 1336 Proinde
707 1306 746 1336 R.
774 1307 872 1337 mole:
896 1306 982 1337 latet
1007 1307 1144 1347 aliquid.
1168 1308 1390 1338 Rama—613
1414 1307 1494 1337 Pet.
1513 1306 1609 1336 sacris
1632 1314 1695 1345 pro

236 1343 311 1374 tuis.
335 1344 423 1374 Tum
438 1346 528 1375 Mor.
547 1351 580 1375 et
598 1351 667 1376 tres
685 1348 740 1376 alii
767 1357 843 1377 cum
861 1357 910 1386 pr.
930 1348 993 1377 Ed.
1011 1349 1138 1386 laeteris,
1164 1352 1316 1379 ut.—6l4
1340 1350 1435 1378 Unus
1452 1348 1538 1377 liber
1557 1347 1697 1377 Contulit

234 1389 419 1417 urm-615
444 1387 507 1418 Ed.
524 1388 681 1426 Salvagn.
706 1389 807 1426 patris
823 1397 883 1426 pro
908 1389 1040 1427 patriae:
1065 1395 1100 1419 et
1127 1399 1177 1428 pr.
1204 1390 1266 1419 Ed.
1294 1399 1371 1419 cum
1397 1389 1530 1418 duobus
1557 1388 1695 1427 scriptis

232 1428 458 1467 patruis—617
487 1429 683 1468 Obstructoq.
700 1429 786 1459 bene
800 1429 913 1461 Jureti
929 1429 1024 1460 liber.
1049 1430 1162 1460 Heius.
1186 1430 1242 1460 Sa.
1269 1434 1304 1460 et
1322 1430 1409 1459 Mor.
1426 1438 1502 1459 cum
1526 1428 1614 1460 Edd.
1633 1430 1696 1460 Fa-

236 1479 331 1500 nens.
347 1473 383 1500 et
406 1470 537 1510 Mycill.
556 1470 822 1510 obstructusqu63
854 1471 887 1500 in
914 1471 1114 1509 quibusdam
1140 1472 1242 1502 etiam
1272 1471 1525 1511 Obstvrz'ctusque:
1548 1472 1589 1502 R.
1617 1472 1697 1503 Con-

234 1514 426 1552 structusque
438 1524 450 1550 ,·
474 1513 544 1543 Me.
562 1513 776 1553 Abjectusque.
800 1514 858 1544 Pr.
884 1513 947 1544 Ed.
965 1514 1068 1545 etiam
1090 1514 1222 1553 patieris
1237 1514 1301 1545 lim.
1326 1515 1364 1545 R.
1382 1523 1432 1554 pr.
1459 1513 1558 1544 limite
1569 1516 1643 1544 tect.
1660 1519 1696 1545 et

237 1554 326 1585 alter
339 1554 572 1586 lumina—618
596 1557 650 1587 Sa.
668 1560 702 1586 et
717 1557 756 1586 R.
774 1557 844 1586 decl.
860 1556 926 1595 ipse
938 1559 1116 1596 paru—619
1140 1557 1242 1587 Multi
1257 1557 1376 1596 scripti
1389 1561 1425 1587 et
1441 1556 1526 1586 editi
1540 1555 1696 1589 simulacr.

236 1596 511 1628 Minervoe.—620
536 1598 655 1629 Heius.
671 1598 823 1629 malebat
838 1600 879 1629 ad
892 1602 1030 1638 portum,
1057 1599 1135 1639 quia
1152 1600 1252 1630 aliter
1269 1598 1451 1629 dicendum
1467 1598 1630 1634 eratfecit
1643 1599 1697 1630 vel

238 1639 336 1670 movit
347 1640 419 1670 iter.
443 1640 505 1671 Ed.
522 1641 677 1681 Salvagn.
700 1651 788 1681 quem
816 1651 878 1680 pro
895 1642 967 1681 qui:
992 1647 1027 1671 et
1044 1641 1198 1673 Gallicus
1226 1644 1327 1672 versat
1342 1651 1404 1681 pro
1418 1640 1629 1672 vertit.—62l
1656 1641 1696 1673 R.

230 1681 314 1718 falso
328 1682 596 1724 prusiam—622
622 1684 699 1715 Pet.
729 1685 817 1714 alter
839 1687 870 1715 te
885 1684 930 1714 sic
945 1684 1087 1716 meruiss.
1104 1688 1140 1716 et
1165 1685 1243 1715 Pet.
1274 1693 1325 1724 pr.
1353 1693 1429 1715 cum
1456 1684 1497 1715 R.
1513 1687 1549 1714 et
1562 1683 1618 1715 Sa.
1632 1692 1696 1724 pro

895 1785 1039 1817 NOTAE

278 1859 341 1888 013
366 1857 489 1898 Icarus]
510 1859 675 1900 Erigones
688 1863 742 1891 est
759 1863 869 1901 pater,
883 1861 940 1902 qui

237 1917 313 1940 cum
334 1906 464 1940 Atticae
482 1910 619 1942 colonos
637 1911 705 1942 vini
725 1920 820 1942 usum
837 1911 940 1942 docu-

995 1861 1111 1893 naeira
1127 1861 1185 1893 diu
1201 1861 1341 1902 retenti,
1365 1860 1452 1902 quod
1480 1870 1616 1892 cervum
1637 1860 1697 1892 ali-

996 1922 1097 1954 quem
1127 1913 1201 1954 ejus
1231 1911 1429 1953 imprudens
1462 1910 1697 1951 Agamemnon

237 1958 331 2000 isset,
347 1958 390 1990 ab
405 1959 523 1992 iisdem
548 1961 662 2001 ebriis,
687 1961 820 2002 sibique
843 1971 941 2001 para·

238 2014 310 2041 tum
326 2017 494 2042 venenum
509 2011 720 2053 putantibus,
739 2011 941 2043 interfectus

239 2063 301 2091 est.

281 2112 343 2141 615
370 2111 470 2152 Filia]
504 2113 584 2153 Ipsa
600 2118 651 2145 est
667 2114 829 2156 Erigone,
852 2115 942 2147 Icari

239 2157 318 2197 filia,
334 2169 408 2199 quae
422 2166 572 2201 paternae
586 2164 679 2194 necis
694 2164 808 2196 dolore
818 2166 941 2207 laqueo

239 2210 384 2237 mortem
400 2210 463 2240 sibi
479 2213 657 2243 conscivit.

281 2258 346 2286 618
371 2257 431 2286 Cui
446 2259 546 2297 dedit]
570 2262 622 2289 De
644 2262 816 2293 Pausania
836 2264 942 2294 Lace-

240 2305 484 2336 daemoniorum
500 2307 628 2348 inclyto
645 2310 729 2339 duce
747 2312 872 2350 agitur,
886 2313 942 2353 qui

241 2364 318 2386 cum
348 2355 381 2386 in
405 2355 574 2387 Minervae
603 2358 711 2388 aedem
742 2360 941 2399 proditionis

239 2414 317 2436 reus
347 2404 570 2446 confugisset,
603 2407 707 2437 valvis
744 2408 942 2448 obstructis,

239 2455 371 2496 lapides
399 2457 500 2487 etiam
526 2457 569 2487 ad
595 2467 669 2489 eam
687 2467 758 2488 rem
777 2457 940 2490 afferente

241 2510 349 2537 matre
375 2511 434 2537 aut
461 2511 573 2547 patre,
600 2513 703 2548 atquc
726 2509 811 2540 adeo
828 2519 943 2541 eorum

235 2554 385 2596 judicio,
401 2557 549 2596 turpiter
570 2559 742 2589 extinctus
754 2564 815 2590 est.

285 2609 349 2637 620
371 2607 512 2648 Aulidis]
544 2607 641 2639 Aulis
673 2609 870 2648 regiuncula
889 2613 942 2641 est

242 2656 400 2697 Boeotiae,
413 2657 470 2688 ubi
485 2658 602 2690 Graeci
620 2659 800 2700 Principes
822 2659 855 2691 in
866 2660 944 2690 Tro·

240 2707 311 2747 jam
327 2708 520 2749 navigaturi
541 2709 691 2742 adversis
710 2708 847 2742 flatibus
863 2710 942 2742 Dia-

996 1961 1189 1994 occidisset.
1234 1961 1416 1993 Admotam
1433 1970 1513 1992 vero
1528 1961 1592 1992 aris
1602 1960 1696 2001 Iphi-

995 2012 1127 2052 geniam
1151 2011 1416 2052 Agamemnonis
1431 2010 1546 2049 filiam,
1560 2011 1698 2051 placan-

994 2061 1030 2092 di
1044 2072 1159 2102 causa,
1175 2062 1299 2102 s‘aepius
1316 2062 1474 2093 diximus.
1520 2061 1621 2093 Hanc
1634 2061 1697 2092 ita-

996 2123 1062 2153 que
1092 2117 1234 2154 tangere
1260 2111 1409 2143 fabulam
1436 2112 1607 2143 Nasonem
1632 2111 1697 2142 hoc

995 2163 1070 2194 loco
1102 2163 1305 2194 voluerunt:
1344 2172 1535 2204 quanquam
1574 2170 1696 2193 cervus

995 2214 1211 2245 simulacrum
1228 2214 1395 2256 quomodo
1409 2214 1544 2245 dicatur
1565 2222 1632 2244 uon
1648 2220 1697 2242 sa-

997 2265 1040 2295 tis
1070 2275 1248 2306 assequor:
1284 2274 1393 2305 neque
1423 2265 1487 2295 leve
1516 2261 1609 2294 istud
1635 2261 1697 2290 iter

996 2315 1118 2353 placet.

1038 2365 1099 2393 621
1126 2361 1327 2401 Naupliada’]
1365 2362 1420 2391 De
1441 2357 1626 2390 Palamede
1649 2359 1697 2391 lo-

995 2409 1120 2451 quitur,
1149 2410 1207 2449 qui
1236 2410 1278 2439 ab
1306 2408 1428 2449 Ulysse
1447 2408 1616 2449 quomodo
1632 2408 1696 2440 cir-

996 2465 1195 2490 cumventus
1224 2458 1330 2490 fuerit
1353 2458 1483 2489 dictum
1509 2459 1544 2489 in
1567 2467 1694 2499 praece-

997 2509 1168 2541 dentibus.

1039 2563 1103 2592 622
1127 2561 1197 2591 Nou
1210 2560 1370 2601 meruisse]
1391 2559 1570 2593 Quomodo
1585 2568 1694 2602 neque

996 2610 1198 2643 Palamedes
1228 2610 1430 2651 proditionis
1459 2620 1537 2643 reus
1568 2610 1694 2651 fuerat,

995 2661 1046 2694 uti
1060 2660 1206 2693 finxerat
1222 2660 1373 2702 Ulysses.
