1877 3193
201 171 315 215 2742
695 186 736 216 ι».
767 185 926 215 ovlmi
959 186 1174 218 NAsonis

202 279 256 320 In
275 280 443 322 medias
466 282 630 335 Syrtes,
651 281 842 322 mediam
861 294 961 322 mea
981 281 1079 323 vela
1101 281 1353 337 Charybdin

261 347 436 397 Mittite,
459 349 662 401 praesenti
683 348 783 389 duni
806 361 1031 389 careamus
1052 348 1199 390 humo.
1599 351 1656 393 10

201 413 314 468 Styx
334 429 520 468 quoque,
543 416 581 456 si
604 415 708 469 quid
727 428 780 456 ea
801 420 884 465 est,
911 416 1021 456 bene
1043 416 1377 458 commutabitur
1397 416 1539 459 Istro:

259 483 307 523 Si
328 483 433 536 quid
454 489 495 524 et
514 483 708 532 inferius,
731 496 861 536 quam
883 482 1032 536 Styga,
1052 484 1235 524 mundus
1254 484 1401 526 habet.

200 548 410 591 Gramina
431 551 572 590 cultus
592 562 707 602 ager,
727 549 862 602 frigus
882 550 1025 590 minus
1046 550 1138 590 odit
1155 550 1352 602 hirundo,

257 616 469 657 Proxima
492 616 742 657 Marticolis
762 629 893 668 quam
913 617 1014 657 loca
1035 618 1162 658 Naso
1184 617 1327 660 Getis.

199 683 329 724 Talia
350 689 609 723 succensent
630 686 805 735 propter
827 682 933 721 mihi
954 684 1087 724 verba
1108 685 1312 736 Tomitae,
1600 687 1655 727 15

257 751 417 804 Iraque
440 750 706 790 carminibus
728 749 909 801 publica
930 753 1050 789 mota
1068 751 1192 792 meis.

199 817 313 870 Ergo
333 831 413 869 ego
435 817 622 857 cessabo
642 828 865 868 nunquam
889 828 966 869 per
986 816 1178 856 carmina
1196 817 1314 867 laedi,

256 884 431 925 Plectar
453 887 497 923 et
515 884 691 923 incauto
713 895 887 935 semper
907 884 962 923 ab
981 883 1156 935 ingenio
1173 885 1192 924 Ί

199 950 314 1003 Ergo
336 964 430 1002 ego,
452 963 504 990 ne
526 950 733 999 scribam,
757 950 915 1003 digitos
937 951 1127 991 incidere
1149 956 1357 1003 cunctor3

253 1017 449 1071 Telaque
471 1017 613 1058 adhuc
636 1016 830 1066 demens,
857 1030 956 1070 quae
975 1030 1179 1068 nocuere,
1202 1031 1365 1072 sequor
1379 1019 1398 1058 Τ
1600 1018 1656 1058 :20

197 1084 271 1126 Ad
289 1090 457 1126 veteres
477 1084 686 1139 scopulos
707 1085 864 1125 iterum
883 1084 1094 1135 devertor,
1117 1085 1173 1126 ad
1194 1086 1313 1135 illas,

253 1152 306 1193 In
326 1153 485 1206 quibus
507 1151 686 1192 offendit
706 1153 918 1205 naufraga
937 1153 1122 1206 puppis,
1141 1166 1292 1206 aquas.

198 1219 285 1260 Sed
305 1220 411 1260 nihil
431 1219 615 1260 admisi:
645 1219 764 1259 nulla
783 1223 851 1259 est
870 1231 971 1259 mea
990 1219 1137 1272 culpa,
1159 1219 1350 1262 Tomitae
1367 1234 1380 1275 ;

256 1285 384 1335 Quos
403 1299 501 1337 ego,
522 1298 622 1326 cum
641 1286 740 1325 loca
761 1286 844 1325 sim
865 1289 1007 1326 vestra
1026 1299 1224 1338 perosus,
1246 1300 1358 1329 amo.

197 1407 313 1437 medias
327 1406 446 1447 SyrteS,
463 1405 497 1435 in
512 1406 643 1436 mediam
660 1405 850 1446 Charybdin,
872 1407 961 1436 modo
977 1406 1065 1444 longe
1079 1406 1175 1436 simus
1189 1406 1227 1436 ab
1239 1406 1296 1436 hac
1311 1409 1406 1437 terra.
1451 1405 1534 1447 Styx
1549 1407 1655 1446 eliam,

196 1450 226 1480 si
241 1460 276 1480 ea
291 1453 336 1479 est
352 1448 481 1488 aliquid,
495 1449 666 1478 simundus
680 1448 771 1478 habet
785 1448 902 1487 aliquid
918 1447 1050 1484 inferius
1064 1447 1174 1487 Styge,
1188 1449 1339 1478 commode
1359 1449 1531 1479 mutabitur
1546 1450 1658 1481 Danu-

197 1492 257 1522 bio.
303 1492 422 1521 Arnum
437 1490 594 1520 subactum
614 1489 714 1519 minus
729 1490 833 1520 horret
847 1489 967 1528 herbas,
983 1489 1113 1519 hirundo
1128 1490 1231 1519 minus
1247 1494 1423 1521 aversatur
1431 1490 1552 1530 frigus,
1566 1502 1658 1531 quain

197 1535 283 1565 Naso
297 1534 359 1563 loca
373 1533 547 1573 propinqua
562 1531 712 1562 bellicosis
737 1532 840 1562 Getis.
886 1532 1015 1562 Tomitae
1029 1531 1107 1561 mihi
1126 1532 1303 1562 irascuntur
1318 1531 1353 1562 ob
1374 1533 1578 1571 hujuscemodi
1592 1544 1655 1565 ser-

196 1585 311 1614 mones,
333 1579 425 1615 atque
441 1575 488 1605 ira
502 1574 621 1615 publice
636 1574 775 1605 excitata
792 1578 845 1605 est
862 1575 938 1604 meis
963 1573 1112 1605 versibus.
1158 1575 1323 1614 Nunquam
1350 1574 1451 1613 igitur
1475 1585 1534 1606 non
1559 1577 1656 1607 laedar

192 1630 250 1659 per
259 1628 363 1650 versus
376 1630 386 1654 ;
409 1620 439 1648 et
455 1627 573 1658 semper
584 1617 700 1657 puniar
714 1617 753 1648 ab
764 1616 888 1656 ingenio
902 1614 1098 1657 improvido?
1144 1617 1275 1648 Cessone
1288 1617 1390 1656 igitur
1403 1621 1562 1658 amputare
1576 1619 1656 1658 digi-

197 1666 257 1700 tos,
274 1671 310 1692 ne
326 1660 457 1691 scribam.
468 1670 478 1695 ;
500 1664 591 1700 atque
604 1660 704 1690 adhuc
730 1670 835 1691 amens
847 1660 942 1698 faveo
969 1660 1051 1698 telis,
1069 1669 1135 1699 quae
1155 1657 1348 1698 obfuerunt?
1393 1660 1537 1701 Deflecto
1551 1671 1658 1692 marsus

197 1706 237 1734 ad
253 1705 393 1743 antiquos
406 1703 552 1741 scopulos,
566 1706 597 1733 et
610 1702 680 1733 illas
695 1712 790 1742 aquas
811 1703 843 1732 in
857 1702 966 1742 quibus
981 1702 1068 1732 navis
1090 1701 1245 1742 naufraga
1260 1706 1305 1733 est
1319 1703 1404 1734 elisa.
1455 1704 1564 1734 Verum
1577 1703 1658 1735 nihil

191 1746 277 1783 feci;
295 1746 410 1777 nullum
437 1748 482 1775 est
507 1754 607 1776 meum
631 1745 759 1784 crimen,
789 1745 929 1784 Tomitae,
950 1754 1024 1785 quos
1044 1753 1100 1784 ego
1123 1744 1232 1785 diligo,
1253 1755 1425 1786 quanquam
1449 1747 1517 1777 odio
1529 1746 1658 1778 habeam

813 1839 1046 1850 ‘mmm

195 1895 204 1912 ‘
224 1895 314 1935 Lege
337 1904 378 1925 ex
407 1894 570 1926 ambobus
585 1894 699 1926 Vatic.
723 1892 820 1926 Maff.
848 1897 883 1924 et
906 1893 985 1925 Urs.
1013 1891 1147 1924 mittar.’
1172 1891 1307 1924 Ciofan.
1352 1893 1462 1925 Mater
1487 1892 1655 1926 editiones

197 1937 352 1978 quaedam
369 1947 444 1969 cum
457 1938 604 1978 quinque
621 1937 780 1978 scriptis:
805 1945 916 1977 neque
927 1936 1026 1967 aliter
1040 1935 1253 1967 doctissimus
1269 1936 1462 1968 Gronovius
1475 1935 1659 1969 observat.

196 1989 253 2011 111.
273 1983 303 2011 l.
322 1980 379 2020 qui
392 1980 570 2011 videndus.
587 1980 710 2011 Patav.
723 1980 785 2010 nisi
799 1979 921 2010 mittar.
966 1978 1099 2018 Scribe,
1121 1979 1182 2009 nisi
1196 1982 1296 2010 muter
1319 1982 1354 2009 ut
1376 1979 1461 2015 ista;
1483 1979 1550 2019 vel,
1563 1988 1657 2019 quam

196 2026 299 2053 muter
320 2027 353 2053 ut
380 2023 458 2054 ista.-
483 2033 560 2053 nam
585 2022 955 2062 Arundelianus,quam
981 2021 1093 2052 mittar
1117 2020 1154 2051 ab
1177 2021 1259 2052 ista:
1291 2031 1351 2061 qua
1367 2022 1477 2052 mittar
1492 2022 1658 2062 nonnulli,

196 2066 251 2095 vel
267 2075 392 2105 quoque.
431 2066 548 2105 Forte,
576 2066 672 2097 Nulla
694 2065 781 2105 prior
808 2075 883 2095 cura
910 2067 967 2104 est,
992 2067 1078 2095 terra
1093 2073 1183 2103 quam
1210 2066 1312 2095 muter
1334 2067 1370 2095 ut
1384 2064 1457 2096 ista.
1493 2064 1658 2095 Heius.-

197 2110 217 2136 8
241 2107 309 2137 Pro
329 2108 403 2146 quia
418 2109 515 2139 multi
532 2108 616 2139 editi
632 2111 824 2148 quoque.-—9
846 2107 934 2138 Tres
950 2111 1036 2138 vett.
1052 2107 1186 2137 medium
1199 2106 1340 2147 Syrtim;
1364 2112 1399 2138 et
1416 2107 1458 2137 P.
1481 2116 1557 2137 cum
1574 2106 1657 2137 duo-

198 2148 262 2179 bus
277 2149 349 2180 aliis
366 2150 504 2189 Syr-tem.
549 2151 633 2181 Mox
663 2150 845 2181 Leid.mea
868 2153 939 2181 vota
962 2150 1106 2179 Ch.—11
1132 2149 1197 2180 Ed.
1223 2149 1363 2181 Gruter.
1389 2159 1477 2190 quoq.
1503 2149 1657 2189 siquidem

197 2193 255 2221 est.
300 2191 436 2221 Deinde
453 2192 550 2222 inulti
566 2192 651 2223 editi
665 2192 921 2223 commutabimur
936 2192 1050 2223 1.—15
1065 2192 1132 2222 Ms.
1146 2192 1278 2223 Bersm.
1296 2192 1362 2224 Tal.
1379 2193 1543 2223 succedunt
1553 2192 1657 2231 propt.

197 2235 283 2263 —16
307 2232 402 2263 Unus
418 2234 460 2263 V.
475 2237 568 2273 parta
585 2244 645 2273 pro
663 2237 842 2265 metm—17
868 2235 934 2265 Ms.
951 2235 1083 2264 Bersm.
1102 2234 1167 2264 Cur
1186 2237 1338 2272 ega—21
1363 2234 1517 2265 Devertor
1532 2232 1656 2263 Heius.

198 2274 296 2305 dedit
323 2284 364 2305 ex
389 2275 546 2315 scriptis;
580 2275 637 2306 alii
660 2276 810 2306 divertor.
853 2276 940 2306 Tum
966 2277 1006 2306 ad
1030 2276 1100 2305 illas
1126 2275 1277 2315 quinque
1303 2275 1399 2312 libri;
1422 2274 1512 2315 quod
1539 2273 1655 2313 placet

199 2317 321 2349 Heius.
340 2317 430 2357 vulg.
446 2321 476 2348 et
494 2318 661 2349 illas.-23
684 2318 726 2348 V.
739 2317 817 2347 mihi
832 2326 894 2357 pro
918 2320 1083 2347 mem—25
1108 2317 1186 2347 Duo
1209 2316 1287 2347 libri
1313 2319 1464 2347 momenta
1479 2315 1539 2346 lab.
1557 2319 1593 2347 et
1609 2315 1652 2347 R.

854 2408 994 2441 NOTAE

240 2492 261 2520 9
294 2487 419 2529 Syrtes]
452 2489 544 2520 Loca
573 2491 653 2520 sunt
677 2487 743 2518 duo
771 2486 898 2518 vadosa
995 2485 1034 2513 1-1
1072 2482 1264 2524 Marticolis]
1289 2483 1439 2516 Martem
1464 2487 1501 2516 et
1527 2483 1654 2519 bellum

197 2538 324 2570 littoris
340 2537 509 2579 Africani,
531 2538 675 2570 maxime
692 2536 898 2579 periculosa,
952 2533 1154 2565 amantibus.

198 2588 240 2618 de
257 2589 376 2629 quibus
391 2589 581 2622 Sallustius.
996 2587 1037 2616 16
1076 2583 1291 2625 Carminibus]
1327 2583 1460 2617 Quibus
1490 2584 1580 2617 male
1610 2585 1654 2618 de

242 2638 440 2681 Charybdin]
464 2640 671 2681 voraginem
686 2638 778 2671 illam
797 2636 899 2670 maris
951 2635 1023 2667 istis
1038 2633 1120 2665 locis
1138 2633 1302 2674 praedico.

196 2687 302 2720 Siculi
313 2689 386 2729 jam
399 2699 491 2730 saepe
506 2690 659 2721 vidimus.
994 2689 1036 2719 20
1061 2684 1154 2725 Tela]
1177 2685 1336 2719 Carmina
1353 2684 1448 2718 dicit.

242 2740 281 2770 n
305 2737 405 2780 Styx]
426 2739 620 2772 Inferorum
636 2740 745 2781 palus.
