1877 3193
229 173 343 216 2508
711 185 751 217 P.
782 183 939 216 ovmn
974 183 1187 215 NAsoms

231 277 398 332 Magna
416 281 565 321 tenent
584 279 690 320 illud
709 292 850 320 rerum
871 279 1096 320 molimina
1113 291 1272 321 numen
1290 293 1299 319 :
1624 282 1680 321 75

289 345 407 388 Haec
427 351 494 388 est
511 348 681 388 coelesti
703 350 876 401 pectore
896 360 1000 388 cura
1021 348 1175 388 minor.

229 412 327 454 Nec
347 420 491 464 vacat,
513 415 558 454 in
581 428 669 468 qua
688 417 774 455 sint
793 415 925 468 positi
946 416 1119 467 regione
1141 414 1346 465 Tomitae,

289 479 510 530 Quaerere,
533 482 715 521 finitimo
737 482 813 520 vix
835 482 934 522 loca
953 486 1055 522 nota
1076 482 1226 523 Getae:

231 545 322 587 Aut
342 548 446 600 quid
469 549 746 588 Sauromatae
769 548 947 596 faciant,
970 548 1073 600 quid
1097 548 1281 602 Iazyges
1304 561 1443 598 acreS,

287 614 502 668 Cultaque
526 615 722 656 Oresteae
744 616 937 656 Taurica
956 619 1067 655 terra
1087 615 1197 656 Deae
1214 630 1223 657 ε
1623 614 1679 653 80

233 679 435 733 Quaeque
457 682 555 722 aliae
579 684 743 733 genteS,
764 682 839 720 ubi
860 682 1015 732 frigore
1037 683 1236 722 constitit
1258 683 1384 732 Ister,

290 747 413 787 Dura
434 752 579 786 meant
598 745 725 785 celeri
747 750 865 796 terga
885 758 961 797 per
979 749 1117 786 amnis
1138 761 1266 800 equo.

232 813 435 854 Maxima
454 826 554 866 pars
574 813 794 852 hominum
814 825 892 852 nec
914 816 969 860 te,
993 813 1298 865 pulcherrima,
1319 819 1484 865 curant,

289 879 447 928 Roma,
469 893 547 920 neo
570 878 756 919 Ausonii
777 879 927 919 militis
949 892 1069 920 arma
1089 881 1259 922 timent.

230 946 351 986 Dant
372 947 540 986 animos
559 959 686 987 arcus
707 947 808 996 illis,
830 947 1057 1001 plenaeque
1078 947 1317 1000 pharetrae3
1626 947 1682 987 85

288 1011 519 1066 Quamque
541 1014 648 1053 libet
666 1014 804 1065 longis
828 1014 1029 1054 cursibus
1049 1018 1176 1067 aptus
1196 1026 1334 1066 equus
1352 1026 1362 1053 t

232 1077 453 1131 Quodque
475 1080 592 1120 sitim
614 1079 806 1120 didicere
829 1080 904 1120 diu
923 1081 1108 1121 tolerare
1127 1080 1371 1133 famemque
1389 1093 1398 1121 ε

289 1144 507 1198 Quodque
528 1158 715 1198 sequens
736 1146 874 1187 nullas
895 1147 1032 1188 hostis
1052 1147 1229 1187 habebit
1250 1159 1403 1199 aquas,

230 1283 279 1314 hic
293 1284 374 1314 locus
396 1284 588 1316 novissimus.
633 1284 748 1324 Ingens
766 1287 882 1325 pondus
905 1296 1007 1317 rerum
1023 1287 1139 1318 detinet
1155 1287 1230 1317 illud
1245 1297 1375 1318 nuinen:
1396 1287 1462 1317 haec
1476 1297 1549 1317 cura
1565 1290 1609 1316 est
1626 1287 1682 1316 mi-

231 1335 288 1357 nor
299 1329 398 1356 mente
418 1326 543 1357 coelestz'.
589 1327 697 1366 Neque
712 1328 807 1358 otium
822 1332 867 1358 est
887 1332 993 1368 petere
1014 1330 1047 1359 in
1071 1340 1130 1368 qua
1155 1339 1208 1359 ora
1227 1329 1355 1359 Tomitce
1370 1329 1431 1358 sint
1447 1329 1511 1366 sici,
1526 1329 1612 1366 regio
1628 1328 1683 1357 vix

230 1368 354 1406 cognita
373 1369 461 1398 Getoe
476 1369 586 1399 vicino.
637 1369 692 1399 Vel
712 1370 785 1408 quid
802 1370 992 1401 Sauromata>
1015 1381 1118 1401 rerum
1144 1374 1267 1410 gerant,
1292 1371 1365 1410 quid
1391 1370 1520 1410 Iazyges
1540 1379 1637 1408 acres,
1651 1374 1681 1400 et

231 1411 320 1441 tellus
339 1412 469 1441 Taurica
483 1412 567 1441 culta
579 1422 597 1441 a
612 1411 681 1441 Dea
699 1413 846 1442 Orestia.-
869 1416 898 1442 et
914 1414 985 1443 alioe
1000 1414 1151 1451 nationes,
1162 1423 1241 1453 quae,
1254 1417 1415 1452 postquam
1434 1412 1597 1442 Danubius
1616 1422 1682 1442 con·

230 1455 332 1482 cretus
346 1456 391 1482 est
398 1452 538 1491 frigore,
553 1453 730 1482 discurrunt
743 1454 892 1484 velocibus
905 1456 991 1494 equis
1004 1465 1058 1494 per
1073 1455 1178 1493 rigida
1191 1459 1280 1493 terga
1299 1455 1407 1494 fluvii.
1453 1454 1595 1484 Maxima
1608 1463 1684 1493 pars

231 1494 385 1524 hominum
408 1504 501 1534 neque
516 1495 562 1524 tui
577 1494 688 1524 habent
705 1495 866 1532 rationem,
885 1497 984 1526 Roma
1001 1496 1246 1533 formosissima;
1270 1506 1364 1535 neque
1378 1496 1582 1533 reformidant
1595 1505 1683 1527 arma

231 1535 343 1566 militis
358 1537 446 1566 Itali.
490 1536 602 1573 Arcus,
619 1540 648 1566 et
671 1537 826 1575 pharetrae
850 1536 988 1576 refertae,
1014 1541 1105 1577 atque
1129 1538 1197 1577 equi
1218 1537 1319 1568 idonei
1341 1538 1477 1567 cursibus
1491 1538 1683 1577 quantumvis

231 1578 329 1618 longis
343 1582 458 1617 augent
476 1579 538 1609 illis
553 1578 670 1608 animos
681 1589 693 1616 ;
716 1582 744 1609 et
761 1580 838 1619 quod
863 1583 1060 1611 assueverunt
1084 1580 1138 1610 diu
1161 1580 1231 1620 pati
1246 1580 1332 1610 silim
1347 1583 1377 1610 et
1397 1579 1514 1616 famem
1526 1590 1537 1616 ;
1561 1583 1589 1610 et
1605 1582 1684 1619 quod

840 1674 1075 1686 eeeeeeeeeeee

233 1738 273 1768 73
300 1736 457 1778 Quinque
474 1737 550 1768 libri
568 1747 642 1768 cum
669 1747 720 1778 pr.
737 1737 801 1768 Ed.
828 1747 908 1767 omn.
935 1737 1115 1769 novit.—77
1140 1736 1209 1768 Alii
1232 1738 1304 1768 Non
1325 1741 1476 1769 vanu—81
1502 1738 1543 1768 P.
1562 1742 1598 1769 et
1613 1742 1683 1769 tres

234 1779 291 1810 alii
310 1779 452 1819 Quidque
466 1780 507 1810 al.
532 1780 662 1819 Gryph.
688 1780 767 1810 min.
793 1780 856 1810 Ed.
884 1780 1106 1819 Quoque.—83
1130 1780 1198 1810 Pro
1223 1780 1377 1811 hominum
1393 1781 1513 1811 Heins.
1528 1780 1617 1820 conj.
1632 1780 1684 1811 ho-

231 1831 322 1857 rum,·
346 1822 398 1852 vel
415 1821 535 1859 harum,
551 1823 623 1852 scil.
642 1822 805 1862 gentium.
843 1821 978 1852 Deinde
1009 1821 1127 1852 Heins.
1153 1823 1308 1862 reposuit
1325 1827 1433 1853 curant
1450 1832 1512 1863 pro
1529 1823 1617 1862 vulg.
1633 1832 1684 1853 cu-

232 1866 306 1899 rat,·
328 1863 407 1903 quia
422 1864 455 1893 in
473 1864 627 1903 proximo
642 1874 688 1895 vs.
714 1865 747 1894 in
778 1864 853 1894 Pol.
880 1863 963 1903 Arg.
980 1868 1014 1894 et
1041 1863 1172 1895 duobus
1189 1865 1262 1895 aliis
1279 1869 1352 1895 erat
1368 1866 1489 1903 timent,
1505 1864 1594 1904 quod
1611 1873 1684 1895 rec-

234 1905 300 1936 tius
317 1909 426 1945 putat,
442 1916 542 1946 quam
567 1907 670 1945 timet,
697 1906 788 1947 quod
817 1906 891 1937 aliae
915 1905 1003 1936 Edd.
1027 1907 1286 1938 exhibent.-——86
1309 1907 1349 1937 In
1367 1908 1433 1937 Ms.
1448 1906 1591 1937 Fabricii
1609 1910 1684 1936 erat

236 1947 410 1982 Quamlibet
426 1952 456 1979 et
469 1949 551 1988 long.
568 1950 659 1990 quod
677 1949 704 1980 si
721 1949 844 1989 legitur
861 1948 1018 1989 Qualibet,
1033 1948 1122 1979 idem
1137 1954 1235 1990 putat
1257 1949 1361 1990 magis
1378 1948 1582 1981 Ovidianum
1599 1957 1682 1979 esse.

893 2055 1031 2087 NOTAE

235 2136 307 2158 sum
322 2129 526 2167 praesertim.
985 2129 1165 2170 Iphigenia
1194 2138 1307 2160 sorore
1335 2127 1496 2165 abstulit;
1541 2130 1579 2157 ut
1608 2124 1681 2157 fuse

276 2177 384 2216 Bona]
406 2178 597 2209 vincibilis.
984 2179 1112 2209 dictum
1128 2181 1161 2208 in
1178 2177 1464 2218 praecedentibus.

277 2228 317 2255 75
332 2226 511 2266 Molimz'na]
527 2227 594 2257 Pro
608 2226 709 2258 rebus
723 2235 797 2267 quae
811 2235 931 2266 magno
1028 2230 1067 2257 81
1091 2228 1192 2266 Alioe]
1208 2229 1256 2257 Ut
1270 2230 1350 2257 sunt
1364 2227 1555 2263 Basternae,
1567 2222 1680 2261 Alani,

234 2275 402 2306 molimine
420 2276 654 2316 perficiuntur.
984 2276 1085 2311 Daci,
1099 2278 1163 2306 Sec.

277 2327 319 2355 76
351 2325 446 2365 Hoec]
497 2326 544 2356 Ut
574 2328 758 2366 cognoscat
787 2333 862 2365 quae
887 2323 932 2354 sit
1028 2328 1068 2355 82
1095 2324 1209 2363 Terga]
1230 2323 1384 2354 Glaciem
1400 2323 1565 2363 adeoque.

236 2376 386 2407 conditio
400 2377 500 2417 hujus
518 2377 594 2408 loci.
1027 2376 1067 2404 83
1093 2372 1278 2412 Hominum]
1301 2373 1353 2403 De
1371 2373 1409 2403 iis
1431 2372 1588 2412 gentibus
1610 2372 1680 2412 agit

278 2425 402 2465 Minor]
424 2427 538 2458 Minus
552 2426 665 2466 digna.
985 2423 1019 2454 in
1046 2424 1167 2464 quibus
1190 2423 1400 2463 versabatur,
1423 2423 1567 2453 maximo
1593 2423 1681 2463 peri-

276 2476 318 2505 78
347 2474 410 2506 Vix
433 2475 522 2516 nota]
572 2476 721 2517 Propter
745 2474 932 2516 ignobilita-
987 2474 1074 2504 culo.

238 2528 318 2554 tem.
1029 2525 1068 2553 87
1092 2522 1254 2562 Didicere]
1276 2522 1389 2563 Atque
1416 2522 1573 2563 equidem
1589 2522 1681 2555 istud

278 2576 320 2604 79
342 2573 486 2615 Iazyges]
518 2574 607 2605 Istos
629 2575 701 2615 jam
726 2583 829 2614 supra
855 2574 933 2605 Sar·
985 2571 1583 2612 egregiadisciplinadocente,istud
1597 2581 1682 2612 prae·

237 2622 349 2653 inatiae
366 2623 544 2663 Europaeae
563 2625 707 2664 populos
725 2623 881 2656 vidimus.
984 2623 1187 2654 stantissinro
1213 2623 1379 2662 Magistro
1397 2623 1554 2655 Horatio.
1592 2623 1679 2655 Pau.

279 2674 320 2702 80
339 2672 492 2714 Orestem]
510 2674 619 2704 Diana
633 2679 698 2714 est,
713 2683 812 2715 quam
831 2674 932 2706 Ores·
985 2673 1067 2704 culis
1084 2682 1185 2712 egere
1201 2673 1380 2703 maximum
1394 2672 1553 2704 adversus
1569 2665 1679 2713 tyran*-

237 2726 290 2753 tes
306 2730 348 2754 ex
371 2721 519 2754 Taurica
543 2723 751 2756 Chersoneso
775 2732 842 2756 una
856 2732 931 2754 cum
985 2732 1044 2755 nos
1062 2721 1126 2755 fuit
1142 2731 1276 2765 semper
1290 2726 1326 2755 et
1341 2722 1404 2755 erit
1422 2722 1624 2763 prmsidium.
