1877 3193
222 180 339 223 2410
708 191 748 220 P.
779 187 936 219 ovum
969 185 1186 218 NAsoNJs

226 285 404 339 Vulgus
426 284 546 325 adest
567 284 839 337 Scythicum,
862 286 1161 336 brace-amque
1179 282 1305 323 turba
1325 282 1552 325 Getarum.

285 352 361 393 Sic
381 353 494 393 male
517 365 616 405 quae
640 351 788 402 video,
810 365 893 392 non
916 353 1147 404 videoque,
1168 353 1337 391 nocent.

234 418 332 460 Una
353 425 496 460 tamen
516 432 617 471 spes
638 422 720 467 est,
744 431 843 471 quae
864 432 932 458 me
956 418 1122 458 soletur
1142 418 1187 457 in
1208 416 1330 467 istis;

284 486 399 527 Haec
421 487 512 526 fore
532 489 670 525 morte
692 498 789 526 mea
808 499 891 525 non
914 486 1118 526 diuturna
1138 484 1268 525 mala.
1618 482 1674 524 50

228 605 403 636 braccatum
421 605 571 636 Getarum
589 606 696 636 adest.-
715 608 807 645 atque
832 605 880 636 ita
905 616 971 645 quoe
998 606 1130 643 intueor,
1157 607 1187 635 et
1213 614 1272 635 uon
1297 604 1418 634 intueor
1443 602 1562 634 obsunt.
1614 602 1683 632 Una

227 651 329 678 tamen
344 651 387 678 est
402 658 479 687 spes,
495 657 562 687 quoe
576 657 624 677 me
638 648 753 678 soletur
764 648 796 678 in
811 649 882 678 istis
891 659 902 685 ;
925 649 988 679 hoec
1004 648 1084 678 mala
1099 657 1158 678 non
1165 646 1238 685 fore
1253 648 1345 685 longa
1359 646 1444 676 obitu
1458 655 1533 677 meo,

838 729 1069 740 mmmm

230 789 315 817 -46
339 786 408 816 Pro
424 785 507 815 nulla
526 784 645 814 Heins.
665 792 752 813 corr.
768 792 876 819 nemo;
903 782 956 812 vel
972 782 1056 821 legit
1071 784 1114 813 Et
1127 784 1203 813 mihi
1216 795 1275 823 qua
1288 784 1333 815 nil
1348 787 1391 815 est
1405 784 1601 820 carina—47
1618 781 1687 813 Alii

229 827 453 867 bacchataque;
477 826 566 867 quod
597 835 639 856 ex
666 824 785 856 vitiosa
811 825 982 865 scriptura
999 825 1091 855 venit
1107 825 1244 864 baccata,
1268 831 1305 856 ut
1332 831 1406 856 erat
1429 827 1464 856 in
1489 827 1616 857 Lovan.
1644 826 1686 856 R.

228 870 425 909 barbamque.
463 870 687 898 Burm.—*4S
721 867 808 898 Zffale
837 872 890 898 est
917 875 959 896 ex
985 867 1118 898 emend.
1147 868 1266 898 Heius.
1294 869 1387 907 vulg.
1416 868 1520 904 mala5
1551 868 1686 907 quidam

229 911 349 951 scripti
366 921 441 941 cum
460 920 508 950 pr.
525 910 613 941 Edd.
630 920 688 949 me,
713 915 748 940 et
764 920 841 940 mox
857 912 977 940 movent
1003 919 1065 949 pro
1094 913 1211 941 nocent.
1258 911 1419 941 Francius
1446 910 1501 941 Sic
1516 909 1594 940 mihi
1609 920 1686 950 quoe.

229 957 313 984 —50
337 953 460 984 Soletur
475 953 642 992 meliores,
664 958 751 983 teste
770 952 891 983 Heius.
909 952 965 982 alii
980 953 1109 983 solatur.

886 1047 1027 1080 NOTAE

273 1126 315 1154 48
342 1122 413 1153 Non
425 1122 527 1162 video]
557 1121 775 1163 Acutissime,
792 1127 827 1154 ut
846 1124 933 1154 solet
1030 1127 1071 1155 49
1096 1123 1175 1159 Quoe
1189 1122 1320 1163 soletur]
1346 1122 1431 1153 Haec
1448 1120 1630 1153 Rhetorice
1654 1125 1689 1151 et

232 1172 352 1203 Poeta.
381 1172 512 1203 Malum
528 1172 617 1212 quod
635 1182 699 1203 non
715 1173 855 1203 videbat
868 1174 933 1204 hoc
989 1174 1031 1205 ad
1069 1174 1271 1206 movendam
1309 1172 1586 1214 misericordiam,
1623 1180 1690 1203 non

234 1226 319 1259 erat,
336 1222 498 1254 sodalium
515 1227 617 1265 atque
640 1224 754 1255 uxoris
771 1224 933 1256 absentia.
989 1233 1068 1256 vere
1085 1229 1120 1255 et
1136 1233 1177 1255 ex
1191 1224 1313 1266 animo,
1328 1223 1497 1255 dicuntur.

707 1561 1036 1610 ELEGIA
1090 1562 1210 1609 VII.

795 1717 1150 1748 ARGUMENTUM.

237 1806 413 1840 Mmssuu
430 1808 551 1850 Poeta,
568 1811 671 1851 quod,
687 1810 898 1851 bienniojam
913 1815 1048 1851 exacte,
1065 1812 1174 1842 nullas
1190 1811 1232 1842 ab
1249 1811 1355 1842 amico
1373 1810 1547 1851 acceperit
1559 1809 1693 1840 literas:

279 1871 355 1892 cum
369 1862 402 1892 hi
429 1863 621 1902 praesertim
637 1863 679 1894 ad
696 1873 769 1894 eum
789 1863 989 1904 scripserint
1012 1864 1209 1904 quibuscum
1228 1864 1386 1894 amicitiae
1404 1873 1482 1894 usus
1499 1871 1566 1893 non
1581 1860 1696 1892 fuerat

279 1918 347 1944 tam
364 1916 539 1955 probatus.
583 1917 764 1958 subjungit
777 1922 891 1948 tamen
908 1918 1007 1947 malle
1025 1927 1060 1947 se
1078 1917 1189 1948 omnia
1202 1917 1354 1957 credere,
1370 1926 1467 1957 quam
1480 1915 1571 1946 illum
1587 1913 1696 1944 nullas

279 1966 319 1996 ad
338 1978 411 1998 eum
429 1969 564 2001 dedisse
588 1971 717 2010 literas,
732 1980 813 2011 quas
835 1971 1045 2011 interceptas
1060 1970 1162 2001 fuisse
1187 1971 1370 2001 existimat.
1414 1969 1587 2000 Admonet
1602 1970 1695 2007 post-

281 2029 372 2051 remo
385 2026 422 2053 ut
440 2022 482 2053 ad
500 2033 576 2054 eum
594 2024 734 2063 scribat,
753 2028 795 2055 ne'
810 2023 945 2064 sember
961 2024 1175 2055 excusandus
1191 2024 1244 2055 sit.

240 2124 345 2181 ssls
367 2156 436 2183 me
459 2145 524 2183 sol
545 2145 653 2185 adiit
674 2146 831 2196 gelidae
854 2151 956 2198 post
975 2148 1136 2198 frigora
1156 2149 1340 2196 brumae,

300 2207 466 2262 Bisque
488 2223 614 2250 suum
634 2214 750 2251 tacto
778 2212 908 2251 Pisce
928 2213 1094 2264 peregit
1112 2213 1212 2252 iter.

286 2324 341 2356 Sol
356 2335 403 2356 me
419 2326 465 2357 bis
480 2327 552 2357 *visit
567 2330 637 2367 post
657 2327 785 2367 frigora
810 2327 922 2366 gelidae
948 2327 1079 2368 hyemis,
1104 2328 1206 2368 bisque
1221 2328 1348 2360 absolvit
1371 2340 1459 2361 suum
1481 2341 1603 2363 cursum
1615 2334 1698 2373 pisce

853 2410 1086 2421 eeeeeeeeeeee

291 2464 308 2492 l
332 2461 451 2494 Heius.
481 2463 614 2494 emend.
639 2464 699 2494 Bis
713 2475 765 2495 ver
781 2466 836 2496 Sol
850 2466 928 2496 adiit
940 2477 950 2496 .·
975 2465 1035 2496 Pr.
1063 2466 1124 2497 Ed.
1143 2466 1203 2496 Bis
1217 2476 1264 2497 me
1280 2467 1334 2497 Sol
1355 2469 1469 2507 gelida
1481 2470 1560 2500 vidit
1572 2471 1700 2510 postfr.

899 2558 929 2588 N
936 2556 1041 2588 OTAE

292 2624 308 2651 1
334 2622 410 2662 Bis]
434 2622 555 2664 Neque
581 2627 693 2654 tamen
715 2634 775 2664 per
792 2624 874 2655 duos
889 2635 945 2656 an·
999 2630 1035 2657 ut
1047 2635 1147 2666 supra
1159 2626 1408 2667 annotavimus,
1420 2636 1534 2660 mense
1551 2628 1698 2662 Octobri

248 2679 309 2701 nos
325 2671 433 2703 adhue
449 2673 579 2712 aberat,
605 2674 632 2704 εἰ
655 2674 753 2704 modo
768 2684 810 2705 ex
827 2675 945 2707 Poetae
999 2676 1127 2716 ejectus
1144 2681 1208 2707 est.

249 2720 361 2755 verbis
377 2730 448 2754 rem
465 2726 570 2757 totam
585 2723 766 2766 dij11dices5
789 2734 946 2771 namque,
1041 2727 1061 2758 2
1085 2723 1194 2766 Pisce]
1220 2724 1296 2758 Hoc
1322 2725 1419 2769 dicit,
1435 2727 1514 2771 quia
1539 2737 1602 2771 per
1620 2727 1700 2772 hye-
