1877 3193
182 162 298 205 2604
667 176 708 206 P.
738 174 899 205 ovum
931 173 1143 205 NAsoms

597 434 1015 485 EPISTOLA
1072 435 1217 484 VIII.

636 600 908 645 MAXIMO
941 600 1179 643 COTTAE.

721 754 1080 787 ARGUMENTUM.

184 850 291 883 HANc
319 851 496 892 epistolam
523 851 642 883 scribit
664 851 705 881 ad
725 851 875 890 Cottam,
901 851 1002 891 eique
1030 850 1156 889 gratias
1182 850 1254 890 agit
1270 851 1359 892 quod
1385 851 1426 882 ad
1444 861 1480 882 se
1503 850 1635 882 miseri-t

226 903 371 944 Augusti
398 904 554 944 Caesaris,
580 904 697 943 Liviae,
723 912 762 933 ae
788 903 890 934 etiam
916 903 1045 934 Tiberii
1072 903 1250 943 imagines:
1276 913 1358 944 quos
1374 904 1529 944 quoniam
1550 913 1637 943 prae-

227 961 351 996 sentes,
367 961 401 988 et
418 956 517 987 aliter
534 956 648 988 videre
666 966 731 987 non
749 960 897 997 poterat,
924 966 985 996 pro
1010 956 1088 986 Diis
1105 956 1341 987 venerabatur.
1386 957 1498 996 Rogat
1511 955 1635 986 deinde

225 1017 283 1039 eos
300 1013 337 1040 ut
355 1009 417 1039 sibi
435 1010 547 1040 mitius
564 1010 703 1041 exilium
721 1010 928 1041 concedant:
952 1019 1016 1041 nec
1033 1011 1210 1050 patiantur
1231 1019 1345 1041 eorum
1361 1009 1537 1049 imagines,
1553 1017 1635 1049 quas

226 1061 331 1093 habet
346 1072 481 1103 semper
496 1072 623 1104 secum,
638 1072 713 1094 esse
728 1063 761 1094 in
778 1063 893 1094 hostili
909 1066 944 1094 et
960 1062 1067 1094 inviso
1083 1063 1166 1095 loco.
1633 1070 1637 1074 ”

186 1175 470 1233 REDD1TUS
493 1197 561 1234 est
579 1194 707 1233 nobis
728 1193 881 1234 Caesar
900 1207 998 1234 cum
1020 1193 1198 1234 Caesare
1216 1206 1369 1247 nuper,

243 1258 368 1308 Quos
388 1260 494 1299 mihi
513 1260 687 1308 misisti,
712 1260 908 1300 Maxime
930 1260 1076 1308 Cotta,
1100 1262 1238 1301 Deos.

186 1323 332 1377 thue
353 1338 479 1366 suum
500 1339 654 1366 munus
676 1339 914 1375 numerum,
937 1339 1065 1379 quem
1085 1327 1226 1376 debet,
1247 1326 1444 1374 haberet,

242 1391 321 1432 Est
342 1393 402 1432 ibi
426 1393 677 1434 Caesaribus
696 1392 822 1432 Livia
836 1393 990 1445 juncta
1010 1393 1119 1433 suis.

184 1456 419 1510 Argentum
444 1459 565 1507 felix,
585 1460 787 1510 omnique
808 1459 976 1497 beatius
998 1470 1119 1506 auro,
1608 1456 1636 1495 5

242 1522 390 1573 Quod,
412 1524 553 1564 fuerat
571 1524 759 1577 pretium
781 1536 880 1563 cum
901 1523 1022 1571 rude,
1043 1534 1199 1562 numen
1218 1522 1310 1562 erit.

185 1589 291 1632 Non
309 1590 414 1631 mihi
436 1591 615 1632 divitias
636 1589 778 1631 dando
799 1589 971 1643 majora
990 1588 1208 1638 dedisses,

243 1656 475 1698 Coelitibus
496 1658 642 1699 missis
662 1661 815 1698 nostra
836 1657 917 1696 sub
940 1667 1019 1696 ora
1037 1655 1191 1696 tribus.

228 1773 372 1805 Maxime
390 1775 494 1814 Cotta,
515 1775 620 1806 Coesm·
634 1786 703 1807 cum
718 1777 853 1816 Coesnre,
871 1787 945 1817 quos
960 1777 1043 1808 Deos
1058 1777 1134 1808 mihi
1150 1777 1276 1815 misisti,
1293 1785 1390 1817 nuper
1413 1775 1497 1807 nobis
1512 1779 1556 1807 est
1571 1778 1640 1808 red-

184 1817 268 1847 ditus
277 1827 287 1847 .·
310 1820 412 1857 atque,
425 1821 459 1848 ut
475 1821 561 1848 tuum
577 1820 688 1849 (Ionum
702 1819 827 1850 haberet
843 1829 1013 1860 numerum,
1025 1830 1111 1860 quem
1124 1820 1222 1858 debet,
1236 1819 1327 1850 Livia
1339 1822 1382 1850 est
1395 1819 1440 1850 ibi
1455 1820 1563 1849 addita
1574 1819 1639 1849 suis

189 1858 373 1890 Caesaribus.
416 1860 591 1898 Argentum
607 1861 740 1901 beatum,
765 1865 855 1902 atque
869 1862 996 1899 felicius
1010 1863 1092 1893 omm'
1107 1872 1194 1901 auro,
1209 1863 1299 1902 quod,
1313 1872 1380 1892 cum
1388 1861 1491 1899 fuerit
1503 1861 1638 1901 pretium

186 1902 271 1942 mide,
286 1901 375 1933 habet
391 1912 511 1934 numen.
557 1903 728 1935 vabendo
746 1905 822 1935 mihi
835 1905 975 1945 divitias,
986 1915 1045 1936 non
1067 1905 1226 1936 obtulisses
1240 1904 1357 1943 majora
1372 1912 1524 1939 munera,
1538 1902 1638 1934 tribus

800 1990 1030 2002 “texe-tuneo

231 2042 250 2070 2
274 2041 422 2073 Quidam
439 2051 500 2081 pro
516 2042 600 2073 Deos
615 2043 733 2083 legunt
747 2044 895 2075 duos.--3
923 2043 1019 2074 Suum
1036 2053 1079 2074 ex
1104 2043 1208 2074 Barb.
1227 2043 1283 2074 alii
1304 2052 1378 2074 cum
1394 2043 1482 2083 vulg.
1497 2045 1639 2073 tuum.—

189 2084 208 2112 4
230 2083 345 2113 Ursin.
365 2084 499 2122 Cumque
514 2085 558 2114 ibi
577 2086 612 2116 C.
636 2091 671 2116 et
687 2086 770 2116 editi
795 2086 931 2126 quidam
956 2087 1016 2116 Est
1038 2087 1173 2117 tim—6
1195 2086 1251 2117 Sic
1275 2087 1425 2125 legerem
1451 2094 1528 2115 cum
1554 2085 1638 2115 Vos-

188 2123 281 2154 siano
298 2129 334 2154 et
349 2124 564 2157 Francofurt.
590 2126 623 2156 id
640 2132 703 2166 est,
728 2128 829 2168 quod,
853 2138 929 2159 cum
956 2128 1163 2168 fungebatur
1187 2129 1260 2160 vice
1285 2128 1428 2158 aliarum
1455 2136 1578 2165 rerum,
1603 2131 1639 2156 et

188 2165 237 2195 ita
254 2166 400 2205 pretium
417 2171 502 2206 erat,
525 2168 560 2197 id
577 2173 629 2198 est
645 2174 834 2208 argentum,
858 2179 924 2209 quo
940 2170 1068 2210 aiiquid
1084 2171 1148 2201 emi
1165 2174 1293 2209 posset,
1312 2178 1401 2200 nune
1417 2169 1497 2198 mihi
1514 2177 1638 2198 numen

189 2207 254 2237 erit
270 2212 411 2247 propter
426 2208 586 2248 imagines
604 2210 784 2241 Caesarum.
824 2212 905 2241 Erat
922 2211 1107 2250 Leidensis‚
1127 2216 1163 2242 et
1184 2216 1328 2251 quatuor
1345 2210 1420 2240 alii:
1437 2209 1548 2246 fuerat
1564 2217 1637 2238 sex-

189 2248 298 2279 decim
315 2249 371 2279 alii
387 2249 476 2280 libri.
522 2250 575 2280 De
591 2260 726 2281 nummo
743 2252 835 2291 capit
850 2252 1040 2290 Fabricius,
1057 2253 1114 2282 sed
1141 2262 1188 2282 vs.
1208 2255 1260 2282 57.
1282 2254 1291 2269 ‘
1308 2250 1496 2282 simulacra'
1524 2255 1558 2280 et
1585 2252 1637 2280 70.

189 2291 198 2307 ‘
213 2291 320 2331 signa’
338 2301 460 2322 vocans
477 2291 611 2323 videtur
624 2293 796 2323 icuuculas
809 2293 980 2323 indicare:
1005 2294 1067 2324 nisi
1083 2294 1176 2324 etita
1188 2292 1293 2323 facies
1309 2302 1443 2322 nummo
1456 2292 1635 2332 insculptae

189 2334 302 2364 vocari
314 2334 574 2374 possint.Burm.
599 2334 772 2367 Fabricius
785 2335 928 2375 italegit
941 2339 976 2365 et
989 2335 1184 2377 distinguit:
1205 2334 1399 2372 Quodsuorit
1409 2334 1557 2374 pretium,
1566 2344 1636 2366 cum

841 2428 980 2460 NOTAE

236 2511 252 2539 1
281 2508 387 2539 Coesar
415 2518 484 2540 cum
515 2509 654 2550 Caesare]
683 2508 824 2551 Augusti
852 2514 889 2541 et
983 2512 1003 2540 4
1028 2508 1116 2548 Suis]
1139 2507 1277 2546 Marito,
1294 2508 1487 2549 scilicet‚et
1504 2508 1585 2540 filio.

192 2558 322 2589 Tiberii
338 2558 513 2598 imagines.
983 2563 1004 2590 6
1029 2560 1132 2600 Rude]
1158 2560 1233 2590 Non
1251 2560 1430 2599 signatum.

236 2610 254 2637 3
281 2607 380 2641 Quem
391 2607 495 2648 debet]
518 2609 608 2642 Quia
621 2609 692 2641 sine
706 2609 801 2641 Livia
816 2620 888 2651 sua,
986 2609 1124 2649 Numen]
1149 2609 1296 2648 Propter
1321 2609 1500 2649 impressas
1522 2609 1555 2640 iu
1588 2619 1639 2640 ar-

195 2657 304 2687 altera
330 2657 380 2687 sui
404 2662 515 2699 parte,
539 2659 694 2701 Augusto
711 2660 792 2692 satis
815 2670 891 2702 pro·
943 2663 1045 2701 gento
1059 2663 1159 2690 autea
1174 2658 1249 2689 rudi
1266 2659 1433 2689 Caesarum
1450 2659 1624 2700 imagines.

196 2709 351 2747 spectum
365 2715 432 2741 non
447 2706 576 2739 fuisset.
985 2714 1005 2741 8
1032 2708 1208 2750 Caelitibus]
1232 2708 1272 2740 Iu
1297 2713 1518 2750 conspectum
1547 2707 1634 2740 datis
