1877 3193
534 189 687 222 Ems'r.
721 189 787 220 Ex
823 189 978 220 PoN'ro
1011 190 1107 222 ΜΒ.
1138 190 1190 221 ιι.
1215 179 1259 221 9.
1507 182 1620 224 2609

176 279 320 331 Quam
342 294 516 324 caream
533 286 689 338 raptis,
710 298 736 325 o
756 285 932 338 publica
952 285 1144 335 numina,
1163 285 1306 327 vobis.

232 347 330 389 Vos
349 351 472 391 eritis
493 356 653 392 nostrae
675 355 831 406 portus
853 355 897 391 et
921 365 997 393 ara
1016 352 1149 405 sugae.

175 413 274 455 Vos
295 429 376 469 ego
398 419 676 471 complectar,
699 418 867 459 Geticis
889 419 927 458 si
947 419 1093 469 cingar
1111 420 1166 459 ab
1185 418 1317 459 armis
1334 432 1344 460 :

232 482 415 537 Vosque
435 498 556 525 meas
577 485 779 537 Aquilas‚
801 497 883 524 vos
903 496 1002 523 mea
1020 484 1145 535 Signa
1164 498 1340 539 sequar.
1568 485 1624 525 70

176 548 269 590 Aut
287 563 368 602 ego
389 563 458 591 me
480 551 601 599 fallo,
627 550 846 602 nimiaque
867 549 1070 601 cupidine
1088 549 1238 591 ludor:

232 617 323 658 Aut
343 631 443 671 spes
462 617 585 658 exilii
606 616 917 658 commodioris
939 617 1076 657 adest.

177 683 294 725 Nam
312 685 456 725 minus
475 688 517 725 et
533 685 677 725 minus
698 686 765 724 est
782 683 917 724 facies
939 684 983 723 in
1003 683 1191 736 imagine
1212 683 1343 725 tristis
1361 698 1372 736 ;

231 750 431 804 Visaque
450 755 548 792 sunt
569 751 700 792 dictis
721 762 905 791 annuere
927 762 1005 790 ora
1024 750 1151 790 meis.

175 815 306 866 Vera,
329 830 501 870 precor,
521 818 625 858 fiant
645 816 811 858 timidae
834 816 1051 869 praesagia
1070 816 1255 857 mentis:
1569 818 1626 858 75

229 882 445 938 Justaque
466 884 664 938 quamvis
686 886 768 933 est,
791 882 846 923 sit
864 884 1002 923 minor
1022 884 1086 924 ira
1107 883 1209 924 Dei.

172 993 263 1032 genis
269 993 378 1032 fossis,
393 1005 482 1034 quam
505 996 588 1025 vobis
601 995 713 1025 ablatis
726 996 890 1034 destituar,
908 1007 924 1024 a
940 996 1065 1026 numina
1079 994 1258 1026 communia.
1298 994 1357 1025 Vos
1374 993 1466 1024 eritis
1474 996 1581 1033 portus
1595 997 1623 1025 et

175 1045 232 1066 «rra
248 1039 350 1066 nostro
375 1038 478 1068 exitio.
525 1038 594 1075 Ego
610 1048 661 1067 tos
675 1039 868 1077 complectar,
891 1039 917 1067 si
934 1038 1026 1075 suero
1041 1038 1264 1067 circumventus
1276 1037 1371 1067 armis
1389 1036 1522 1074 Geticis,
1536 1039 1565 1066 et
1580 1045 1626 1066 sa·

175 1087 251 1116 quar
265 1088 318 1108 tos
332 1089 413 1109 meas
429 1080 568 1118 Aquilas,
585 1089 636 1109 ros
652 1090 717 1110 mea
731 1081 833 1118 signa.
885 1081 938 1111 Vel
960 1090 1015 1118 ego
1038 1080 1113 1109 mihi
1126 1080 1256 1117 impono,
1271 1082 1302 1109 et
1316 1078 1452 1118 decipior
1465 1077 1560 1108 nimio
1574 1079 1625 1108 de-

174 1119 300 1158 siderio,
315 1121 361 1150 vel
375 1131 442 1160 spes
457 1122 546 1151 exilii
561 1122 771 1152 commodioris
785 1123 882 1153 adest.
929 1123 1012 1152 Nam
1027 1122 1139 1161 species
1154 1122 1254 1151 minus
1274 1124 1366 1160 atque
1388 1121 1489 1150 minus
1512 1122 1557 1149 est
1578 1129 1625 1150 se-

175 1171 246 1191 tera
262 1162 293 1191 in
308 1164 421 1202 effigie,
437 1167 466 1193 et
482 1164 584 1193 vultus
598 1165 680 1193 visus
705 1168 750 1194 est
765 1163 875 1199 fat-ere
898 1164 972 1194 meis
1000 1163 1195 1193 sermonibus.
1243 1163 1306 1192 Oro
1330 1162 1432 1192 omina
1449 1161 1544 1192 animi
1559 1162 1625 1192 mei

175 1204 281 1241 pavidi
296 1207 359 1234 sint
375 1209 474 1245 certa,
487 1210 516 1236 ct
533 1206 669 1245 quamtis
684 1206 731 1235 ira
748 1206 812 1236 Dea·
827 1207 978 1244 sstjustu,
994 1206 1034 1235 sit
1051 1205 1156 1235 letior.

782 1275 1015 1286 eeeeeeeeeeee

175 1318 313 1348 recedet!
336 1317 543 1349 Heins.——67
568 1320 700 1349 Lumina
716 1318 874 1350 Leidens.
890 1321 925 1348 et
940 1317 1087 1357 Argent.
1104 1322 1142 1348 ut
1160 1318 1215 1349 Sol
1230 1321 1265 1349 et
1280 1318 1376 1349 Luna
1400 1318 1409 1335 ‘
1424 1317 1560 1358 publica
1575 1319 1624 1350 lu-

174 1359 277 1390 mina'
300 1360 442 1399 Virgilio
459 1360 516 1391 lib.
533 1370 556 1392 1.
584 1362 712 1400 Georg.
738 1361 918 1398 dicuntur3
942 1359 1025 1390 nihil
1043 1365 1155 1391 tamen
1171 1360 1225 1392 hic
1241 1365 1353 1391 muto:
1379 1370 1503 1391 munera
1526 1360 1624 1400 prim.

174 1401 266 1433 Edit.
289 1401 337 1432 ita
360 1402 368 1418 ‘
387 1402 522 1441 publica
539 1403 689 1434 munera’
712 1402 799 1433 dixit
814 1402 901 1433 Met.
917 1411 966 1432 VI.
983 1405 1055 1433 351.
1070 1402 1113 1432 de
1129 1403 1224 1443 aquis
1241 1402 1485 1434 communibms
1510 1403 1622 1434 Bur-m.

174 1446 258 1474 -68
282 1443 350 1474 Ara
366 1443 485 1475 Heins.
504 1445 598 1476 dedit
625 1455 668 1475 ex
694 1445 747 1476 Sa.
772 1445 855 1483 Arg.
883 1453 933 1483 pr.
959 1444 1054 1474 Med.
1079 1448 1114 1474 et
1140 1454 1198 1474 sex
1216 1445 1288 1475 aliis
1303 1454 1367 1492 pro
1386 1446 1475 1484 vulg.
1491 1454 1624 1475 aura.—

175 1488 216 1517 69
240 1485 282 1517 Ρ.
297 1486 451 1526 Scythicis
466 1497 528 1527 pro
549 1487 679 1518 Getzcis.
722 1487 805 1516 Tum
824 1485 918 1515 Leid.
933 1485 961 1514 si
976 1489 1090 1524 tangar
1108 1486 1169 1522 ab;
1193 1485 1275 1525 Arg.
1293 1486 1436 1524 jungar,-
1457 1486 1540 1516 alius
1556 1487 1624 1516 vin-

173 1537 235 1559 car.
239 1530 323 1558 —70
347 1528 402 1559 Ita
419 1529 538 1559 Heius.
555 1539 603 1558 vs.
620 1527 797 1558 emendat:
815 1526 849 1556 in
864 1526 954 1565 vulg
975 1527 1077 1565 thue
1089 1536 1229 1566 measaq.
1246 1531 1349 1557 vestra
1365 1537 1419 1566 ego
1431 1527 1512 1566 sign.
1538 1527 1623 1560 eod.

174 1569 264 1600 Mor.
293 1570 409 1609 Vosque
431 1580 513 1600 meas
539 1572 715 1608 ‹1q.testra
741 1578 795 1606 ego
821 1568 902 1606 sign.
927 1567 1008 1607 Arg.
1035 1571 1071 1598 et
1096 1573 1227 1607 septem
1252 1569 1308 1600 alii
1328 1579 1380 1600 vos
1405 1579 1472 1601 mea
1497 1569 1622 1609 sign.—

175 1614 216 1641 76
240 1611 357 1642 Heius.
374 1612 519 1642 malebat
534 1612 659 1650 Justaq.
676 1611 880 1650 quantumvis,
904 1609 965 1640 sic.-
990 1610 1089 1641 etita
1105 1610 1231 1642 Douza

830 1700 969 1731 NOTAE

217 1763 259 1792 64
286 1761 404 1801 Invz'so]
429 1761 570 1802 Hostili,
597 1763 700 1794 scilic.
727 1762 783 1794 ubi
813 1773 870 1804 pe·
924 1763 1019 1795 Salus
1035 1767 1071 1795 et
1084 1764 1292 1804 Perfugium.

178 1811 243 1842 rire
259 1810 377 1851 possit.
967 1815 1008 1844 70
1030 1814 1176 1855 Aquites]
1206 1814 1402 1856 eujusmodi
1416 1814 1450 1847 iu
1467 1815 1621 1847 exercitu

218 1861 259 1890 68
281 1859 412 1901 Portus]
436 1860 623 1893 Proverbio
645 1861 785 1902 dictum,
808 1870 870 1901 pro
925 1862 1020 1904 signa
1038 1865 1274 1905 sequebantur.

619 2223 1022 2273 EPISTOLA
1079 2226 1182 2274 IX.

692 2388 884 2430 COTYI
917 2388 1086 2431 REGI.

713 2508 1067 2542 ARGUMENTUM.

181 2597 238 2629 AD
253 2597 387 2628 Cotium
403 2598 507 2630 filium
519 2601 608 2631 Cotii
625 2602 714 2642 regis
728 2603 880 2635 Thraciae
894 2605 977 2634 hanc
993 2603 1167 2642 epistolam
1185 2602 1316 2642 scribit,
1330 2602 1510 2645 laudatque
1524 2605 1618 2638 illum

224 2660 244 2680 a
259 2649 392 2690 generis
408 2650 555 2689 origine:
579 2659 772 2695 monetque,
789 2657 920 2696 regium
948 2665 985 2686 ac
1001 2656 1148 2685 «livinum
1172 2665 1244 2685 esse
1261 2656 1391 2686 miseris
1408 2666 1621 2699 succurrere,

224 2707 259 2732 et
274 2701 336 2732 sibi
354 2702 573 2742 potissimum,
591 2704 634 2735 ob
648 2707 761 2739 studia
775 2709 921 2749 poeticae
940 2708 1129 2747 facultatis5
1153 2709 1317 2749 siquidem
1332 2709 1389 2740 ina
1403 2709 1497 2750 quasi
1514 2711 1620 2751 quod-

267 2754 380 2796 Delph.
395 2758 424 2786 et
443 2755 516 2788 var.
539 2757 622 2789 Clas.
856 2761 949 2791 Otia.
1463 2765 1482 2792 8
1507 2762 1534 2793 C
