1863 3193
619 134 863 167 ansrmM
897 136 994 170 mn.
1023 137 1056 169 1.
1087 129 1130 169 7.
1489 130 1601 173 2237

152 230 352 272 Carmina
376 233 557 272 mutatas
578 228 799 272 hominum
820 231 1010 273 dicentia
1027 231 1214 274 formas:

205 298 368 340 Infelix
387 297 551 338 domini
570 298 691 350 quod
712 298 812 351 fuga
832 299 949 352 rupit
969 312 1100 353 opus.

151 365 266 407 Haec
288 379 366 419 ego
386 364 631 415 discedens,
658 365 773 406 sicut
791 366 901 406 bene
922 366 1056 407 multa
1074 379 1285 419 meorum,

205 433 310 487 Ipse
330 445 426 473 mea
445 432 578 486 posui
597 436 781 474 moestus
801 434 844 474 in
865 434 963 486 igne
982 446 1130 475 manu.

150 499 296 553 thue
315 512 533 541 cremasse
555 513 684 541 suum
703 500 834 542 fertur
856 500 937 541 sub
962 501 1113 554 stipite
1132 506 1285 543 natum

202 569 420 618 Thestias,
443 572 486 609 et
506 569 657 610 melior
675 572 813 610 matre
838 568 976 610 fuisse
994 582 1143 622 soror;

147 638 219 679 Sic
242 651 324 690 ego
343 649 430 678 non
454 637 644 687 meritos,
666 650 839 678 mecum
857 637 1067 691 peritura,
1090 637 1261 679 libellos

200 704 400 759 Imposui
419 705 601 760 rapidis,
628 705 802 747 viscera
820 710 981 757 nostra,
1001 707 1130 760 rogis.

143 773 229 815 Vel
250 773 369 827 quod
389 787 508 814 eram
527 773 701 824 Musas,
720 777 767 815 ut
788 773 968 815 crimina
984 777 1146 824 nostra,
1167 785 1376 827 perosus:

197 840 285 881 Vel
306 842 426 895 quod
446 841 586 882 adhuc
609 854 810 882 crescens
833 846 878 882 et
897 842 1002 882 rude
1023 853 1198 883 carmen
1216 844 1321 883 erat.

144 906 257 958 Quae
280 909 486 961 quoniam
504 921 589 949 non
610 911 710 948 sunt
729 908 905 960 penitus
927 908 1113 957 sublata,
1133 907 1210 948 sed
1230 911 1402 959 extant3

198 975 406 1017 Pluribus
427 976 642 1030 exemplis
661 975 825 1029 scripta
842 974 983 1016 fuisse
1003 986 1111 1016 reor.

1539 706 1597 749 20

142 1123 296 1154 hominum
311 1133 435 1159 versas;
457 1124 535 1162 quod
549 1132 623 1161 opus
637 1120 828 1151 lamentabile
844 1120 970 1151 exilium
995 1120 1111 1151 domim·
1136 1119 1238 1160 co'e'git
1262 1121 1409 1152 deserere.
1453 1121 1522 1163 Ipse
1537 1133 1592 1162 ego

141 1166 243 1196 tristis
255 1165 450 1205 profecturus
464 1165 541 1195 illud
557 1163 649 1201 injeci
663 1164 696 1194 in
710 1163 814 1201 ignem
828 1173 894 1193 mea
908 1173 1012 1201 manu,
1023 1163 1101 1194 sicut
1116 1162 1190 1194 bene
1204 1164 1301 1194 multa
1316 1173 1464 1195 meorum.
1501 1166 1544 1196 Et
1557 1170 1591 1196 ut

143 1207 285 1237 Thestias
298 1207 414 1237 dicitur
427 1216 574 1237 cremasse
589 1206 787 1247 suumfilium
799 1205 853 1236 sub
868 1209 963 1243 torre,
978 1210 1068 1245 atque
1072 1205 1173 1243 fuisse
1185 1206 1290 1236 melior
1300 1216 1387 1236 soror
1401 1211 1500 1238 matre
1511 1219 1522 1244 ;
1545 1209 1592 1239 ita

140 1259 193 1288 ego
209 1249 322 1280 immisi
337 1249 370 1279 in
394 1259 534 1289 asperum
553 1248 659 1286 focum
674 1251 779 1279 nostra
801 1249 987 1289 proecordz'a,
1013 1248 1128 1279 libellos
1144 1249 1288 1288 indignos
1303 1259 1418 1280 mecum
1433 1250 1568 1281 occidere
1579 1262 1589 1281 .-

140 1292 184 1322 rel
198 1292 269 1331 quia
283 1292 351 1322 odio
367 1292 510 1323 habebam
528 1292 647 1330 Musas,
662 1294 695 1321 ut
712 1294 816 1321 nostra
822 1290 956 1331 flagitia
966 1302 979 1328 ;
1002 1291 1047 1322 vel
1061 1293 1130 1331 quia
1146 1301 1267 1322 carmen
1283 1295 1350 1323 erat
1366 1292 1464 1323 adhuc
1480 1295 1591 1333 imper-

131 1333 251 1371 fectum
274 1337 304 1365 et
318 1336 405 1366 rude.
452 1334 531 1369 Quoe
545 1334 784 1375 quandoquidem
799 1344 859 1364 non
874 1337 944 1364 sunt
961 1334 1081 1365 omnino
1095 1334 1206 1375 deleta,
1229 1335 1283 1365 sed
1297 1339 1457 1376 supersunt
1469 1346 1481 1373 ;
1509 1335 1591 1367 arbe·-

742 1429 974 1440 ”neeemee

137 1493 253 1524 Burm.
282 1494 354 1525 Sec.
377 1494 450 1525 vult
473 1492 547 1524 Sint
561 1495 687 1526 m.—13
710 1493 793 1523 Tres
812 1492 930 1534 scripti
947 1494 1026 1524 hom.
1046 1493 1399 1532 narrantiaform.—15
1426 1495 1514 1526 Bene
1536 1501 1589 1526 est

137 1546 178 1566 ex
193 1537 283 1576 conj.
308 1537 425 1568 Heius.
443 1536 531 1577 quod
550 1546 599 1576 pr.
624 1537 668 1566 V.
695 1535 886 1575 Hamburg.
911 1540 946 1566 et
967 1540 1036 1567 tres
1057 1537 1114 1567 alii
1132 1536 1350 1568 confirmant:
1375 1539 1481 1568 ceteri
1499 1538 1586 1569 bona.

136 1578 311 1610 Pomanus
328 1580 429 1611 etiam
447 1579 584 1620 legebat
599 1579 769 1611 bena—19
785 1578 845 1609 Pr.
860 1579 900 1610 V.
924 1578 979 1610 Sic
993 1589 1053 1610 non
1068 1580 1222 1620 mentitos,
1238 1582 1396 1611 metz-25
1415 1580 1588 1620 Legentmn

788 1712 932 1745 NOTAE

137 1817 233 1848 quam
246 1808 279 1838 in
293 1808 400 1848 digito
413 1810 501 1842 domi
517 1811 664 1852 forisque
678 1809 830 1842 ferebat:

136 1867 280 1899 namque
310 1858 407 1897 illud,
441 1861 474 1890 ni
501 1860 610 1899 fallor,
640 1861 688 1891 his
718 1862 831 1892 verbis

134 1909 143 1924 ‘
160 1907 294 1948 fersque
312 1906 497 1948 refersque’
514 1909 734 1948 significatur.

179 1961 214 1989 11
239 1956 361 1998 Major]
396 1958 553 1999 Namque
570 1963 664 1989 certe
684 1960 765 1990 illud
780 1970 831 1990 su-

134 2018 206 2040 mus
230 2009 375 2040 maxime
403 2009 492 2050 quod
526 2009 636 2039 animo
659 2009 832 2040 sentimus.

133 2062 218 2092 Quae
243 2069 296 2091 res
321 2061 347 2091 si
374 2060 491 2091 otiosis
515 2059 752 2096 nebulonibus,
774 2059 830 2100 qui

133 2109 210 2140 nihil
224 2109 339 2141 vident
350 2119 457 2151 neque
467 2110 588 2149 sciunt,
602 2109 652 2140 vel
666 2110 699 2140 in
712 2110 831 2140 transi·

134 2165 170 2190 tu
201 2164 410 2200 occurreret,
440 2169 512 2191 sese
539 2158 628 2190 forte
662 2163 729 2189 tam
762 2163 830 2190 tur-

132 2210 222 2249 piter
248 2211 282 2241 in
307 2210 428 2241 malam
455 2220 525 2241 rem
550 2219 647 2241 ruere
663 2219 729 2240 non
746 2209 830 2241 sine-

132 2266 218 2291 rent.

174 2312 214 2340 12
238 2309 370 2350 Mando]
401 2311 461 2350 Ut,
477 2310 622 2349 scilicet,
640 2314 674 2342 et
690 2320 732 2341 ex
757 2320 829 2341 car-

130 2358 273 2390 minibus
301 2361 517 2400 suavitatem,
543 2362 674 2401 aliaque
694 2370 769 2402 quae
793 2361 828 2392 in

131 2408 242 2440 Poeta
259 2420 372 2442 amore
387 2411 486 2451 digna
503 2415 610 2449 erant,
626 2411 737 2442 animo
751 2410 827 2441 sub-

125 2459 250 2499 jiceret
265 2462 392 2492 amicus
409 2462 476 2501 ille,
490 2471 530 2492 ne
548 2460 665 2492 fomite
691 2472 750 2492 suo
771 2461 827 2492 de-

131 2510 250 2542 stituta
262 2512 410 2544 amicitia
430 2513 688 2553 languesceret;
710 2517 745 2544 et
773 2522 827 2543 ea-

133 2559 208 2591 dem
233 2572 347 2602 opera,
373 2573 415 2594 ex
443 2568 693 2603 praeceptorum
716 2562 825 2602 gravi-

133 2613 205 2639 tate
231 2620 303 2650 quae
330 2612 453 2652 passim
479 2612 512 2643 in
530 2612 675 2643 Nasonis
690 2611 826 2652 scriptis

132 2664 315 2692 occurrunt
327 2671 422 2694 suum
444 2666 583 2704 pararet
595 2661 824 2696 commodum.

931 1814 969 1842 13
994 1809 1153 1850 Mutatus]
1176 1811 1232 1842 De
1251 1808 1522 1849 Metamorphosi
1540 1809 1586 1840 lo-

884 1862 1020 1902 quitum
1051 1871 1125 1902 quae
1143 1860 1380 1901 proculdubio
1406 1861 1494 1891 serio
1517 1869 1586 1891 me-

885 1912 1007 1942 ditanti
1036 1922 1119 1952 opus
1141 1915 1192 1942 est
1209 1915 1244 1941 et
1261 1910 1585 1942 excellentissimum

886 1965 921 1990 et
933 1961 1227 1999 jucundissimum.

931 2012 969 2039 18
995 2010 1152 2049 Thestias]
1175 2009 1300 2039 Althea
1321 2009 1525 2046 est‚Thestii
1546 2008 1584 2039 fi-

883 2056 940 2095 lia,
957 2058 1123 2097 Meleagri
1150 2062 1271 2096 mater,
1292 2068 1364 2098 qum
1388 2057 1583 2089 interemto-

883 2115 955 2136 rum
987 2106 1028 2137 ab
1056 2116 1095 2137 eo
1117 2105 1259 2137 fratrum
1286 2107 1414 2146 dolore,
1431 2107 1583 2148 stipitem

884 2156 1021 2189 fatalem
1049 2157 1194 2199 quo-filii
1222 2157 1296 2188 fata
1318 2158 1583 2190 continebantur

883 2207 916 2238 in
933 2209 1044 2248 ignem
1070 2208 1200 2248 injecit.
1252 2209 1378 2239 Verum
1407 2208 1447 2240 de
1474 2208 1524 2240 his
1548 2209 1582 2240 in

882 2258 970 2289 Met.
988 2267 1070 2289 vm.
1088 2258 1168 2289 Fab.
1185 2260 1216 2290 4.

925 2307 1033 2348 Soror]
1057 2309 1181 2340 Melior
1207 2319 1300 2340 soror
1323 2308 1400 2347 fuit,
1416 2309 1580 2351 siquidem

882 2357 1024 2389 fratrum
1041 2369 1142 2390 causa
1157 2359 1261 2390 filium
1280 2359 1440 2400 perdidit.

924 2411 965 2439 20
993 2409 1133 2449 Viscera]
1183 2409 1346 2448 Perinde,
1384 2418 1494 2450 neque
1533 2412 1581 2439 te·

882 2468 987 2499 mere,
1016 2460 1126 2491 solent
1155 2464 1310 2490 auctores
1332 2459 1374 2489 de
1394 2458 1462 2488 suis
1485 2457 1579 2489 libris

879 2510 973 2551 loqui
989 2519 1027 2541 ac
1044 2510 1071 2540 si
1088 2509 1146 2540 filii
1169 2513 1294 2548 essent,
1312 2509 1380 2549 qui,
1407 2512 1445 2538 ut
1459 2512 1578 2539 notum

879 2563 941 2600 est,
972 2565 1149 2601 parentum
1176 2559 1280 2591 etiam
1306 2559 1438 2591 viscera
1462 2558 1578 2599 appel-

878 2609 1003 2642 lantur.
