1877 3193
849 188 961 221 lBIS.

178 284 325 326 Natus
345 288 392 326 ut
410 283 602 328 Althaeae
624 285 809 329 flammis
822 285 1090 330 ,absentibus
1110 285 1234 336 arsit,

236 352 312 393 Sic
334 355 435 393 tuus
456 352 657 393 ardescat
673 353 836 407 stipitis
856 353 954 405 igne
973 366 1122 406 rogus,

178 417 239 460 Ut
257 431 375 459 nova
398 419 624 460 Phasiaca
643 431 901 472 comprensa
920 423 986 460 est
1005 424 1142 473 nupta
1163 431 1346 468 corona,

235 486 381 541 thue
402 491 526 540 pater
545 490 709 540 nuptae,
729 499 917 540 cumque
937 490 1115 540 parente
1137 487 1309 529 domus.

178 553 240 596 Ut
262 567 390 595 cruor
411 554 658 595 Herculeos
677 554 788 594 abiit
807 553 996 593 diffusus
1012 553 1063 606 lin
1085 557 1223 603 artus,

236 620 438 675 Corpora
457 621 716 674 pestiferum
738 619 803 659 sic
824 622 898 659 tua
913 619 1032 659 virus
1053 618 1167 660 edat.

179 687 285 738 Qua
305 700 389 728 sua
409 686 650 728 Penthiden
671 686 819 738 proles
837 690 906 728 est
922 686 1012 726 ulta
1030 685 1296 740 Lycurgum,

235 754 354 795 Haec
374 757 550 795 maneat
571 753 647 793 teli
668 757 710 794 te
728 766 910 806 quoque
935 754 1068 807 plaga
1088 755 1207 795 novi.

178 820 326 875 thue
348 821 510 871 Milon,
531 822 664 862 robur
684 821 890 862 diducere
908 821 1047 862 fissile
1068 825 1235 875 tentes;

234 887 335 930 Nec
355 888 505 942 possis
527 891 682 942 captas
701 888 804 929 inde
824 888 979 930 referre
1001 901 1167 930 manus.

1552 757 1636 800 610

176 1046 341 1086 unguibus,
363 1050 510 1087 putantes
524 1057 588 1078 esse
612 1047 764 1079 membra
781 1049 910 1090 Orphei.
957 1051 1021 1080 Oro
1045 1052 1080 1080 ut
1104 1049 1197 1080 sicuti
1212 1049 1304 1091 filius
1328 1050 1461 1082 Althoeae
1478 1050 1634 1091 flagravit

167 1089 311 1129 flammis
331 1090 464 1130 dissitis,
486 1090 533 1121 ita
549 1093 619 1121 tuus
633 1090 811 1122 absumatur
826 1093 898 1131 igne
913 1092 1042 1123 titionis.
1093 1093 1137 1123 Ut
1153 1103 1230 1123 nova
1246 1096 1344 1133 nupta
1359 1103 1500 1133 oppressa
1515 1097 1559 1124 est
1586 1104 1634 1125 co-

175 1141 252 1162 rona
265 1131 432 1172 Phasiaca=
446 1135 516 1163 utve
526 1136 619 1173 puter
630 1137 745 1174 nuptoe,
754 1137 784 1164 et
798 1136 905 1165 domus
913 1145 981 1166 cum
993 1138 1093 1175 putre.
1141 1135 1400 1170 Quemadmodum
1412 1146 1502 1167 cruor
1513 1145 1637 1176 sparsus

175 1174 271 1221 subiit
286 1174 423 1206 membra
439 1175 605 1211 Herculea,
622 1177 668 1206 ita
684 1186 830 1207 venenum
844 1178 972 1208 exitiale
986 1179 1075 1208 rodat
1092 1180 1178 1208 tuum
1193 1188 1311 1218 corpus.
1356 1179 1440 1210 Illud
1455 1180 1564 1209 vulnus
1575 1178 1636 1209 tibi

175 1217 349 1264 zmpendeat
362 1218 456 1248 etiam
471 1218 526 1248 teli
540 1218 623 1259 novi,
638 1219 793 1259 quofilius
807 1229 879 1251 suus
894 1221 976 1250 ultus
990 1223 1035 1251 est
1049 1220 1229 1260 Lycurgum
1255 1221 1437 1253 Penthiden.
1483 1222 1528 1252 Et
1542 1220 1635 1252 sicuti

177 1259 281 1291 Melon
295 1261 412 1291 coneris
426 1260 566 1292 dividere
589 1270 734 1301 quercum
749 1261 895 1303 fissilem,
918 1272 1014 1302 neque
1037 1264 1138 1293 valeas
1159 1263 1231 1294 inde
1254 1264 1413 1295 retrahere
1427 1273 1535 1295 manus
1558 1273 1637 1294 com-

984 1349 1023 1360 Ν

176 1404 280 1432 —603
304 1401 401 1433 Unus
416 1400 540 1433 Heius.
557 1401 804 1432 Althaea.-605
827 1400 899 1431 Pro
925 1411 1100 1439 comprensa
1116 1402 1238 1432 Heins.
1255 1412 1297 1433 ex
1315 1402 1511 1443 quibusdam
1528 1403 1636 1443 scrip·

176 1443 219 1474 tis
235 1442 332 1474 dedit
344 1452 536 1481 compressa;
557 1442 715 1482 Salvagn.
732 1442 822 1481 conj.
846 1441 1121 1473 combusta.—607
1145 1444 1239 1474 Unus
1257 1443 1375 1474 Heius.
1402 1446 1548 1476 dimissus
1572 1455 1634 1486 pro

175 1484 427 1526 diffusus—608
451 1485 492 1515 R.
509 1493 528 1513 a
545 1494 597 1523 pr.
615 1494 702 1514 man.
731 1487 786 1513 tua
809 1484 918 1513 vulnus
931 1484 1090 1515 ed.—609
1111 1485 1180 1515 Alii
1206 1485 1399 1516 Pentheiden
1424 1487 1636 1518 scribunt.—

176 1531 240 1560 610
264 1527 334 1558 Pro
350 1527 405 1557 teli
428 1526 506 1558 Pat.
530 1525 634 1557 habet
661 1526 833 1557 lectt—611
858 1525 976 1557 Heins.
1003 1536 1091 1558 corr.
1117 1527 1422 1560 Milon...diducere:
1445 1529 1503 1560 alii
1520 1529 1635 1562 Milo...

831 1622 976 1654 NOTAE

174 1699 357 1741 Strymone
372 1699 584 1732 Macedoniae
601 1699 712 1732 vicino
726 1698 829 1731 fluvio
842 1700 879 1731 il-

177 1751 235 1782 lud
249 1751 364 1781 datum
381 1760 515 1782 nomen.

222 1799 375 1841 Orpheos]
399 1801 455 1831 De
482 1800 548 1831 isto
569 1799 672 1840 poeta
694 1808 713 1830 a
727 1794 880 1830 Th'raciis

175 1850 374 1883 mulieribus
400 1850 573 1891 discerpto
594 1850 668 1890 jam
697 1859 789 1890 saepe
811 1849 880 1881 dic-

177 1905 260 1932 tum.

217 1953 281 1982 603
306 1950 424 1990 Natus]
469 1950 647 1991 Meleager
684 1953 751 1990 est,
780 1959 879 1991 quem

176 2002 254 2034 vide
270 2002 303 2033 in
320 2002 566 2043 superioribus.

217 2055 280 2083 605
307 2052 475 2092 Phasiaca]
516 2053 625 2084 Quam
653 2050 778 2082 obtulit
806 2050 880 2082 Me-

175 2101 242 2133 dea
257 2102 432 2141 Colchica,
459 2113 478 2133 a
506 2102 609 2133 Phasi
639 2101 750 2141 patrio
775 2100 880 2132 fluvio

175 2153 224 2183 sic
249 2151 353 2184 dicta.
400 2152 580 2185 Quomodo
606 2157 719 2183 autem
751 2151 880 2183 Creusa

175 2202 334 2234 Creontis
351 2203 440 2243 regis
456 2202 538 2242 filia,
555 2212 622 2233 una
637 2212 712 2233 cum
730 2206 803 2233 tota
828 2212 878 2233 re-

175 2254 243 2295 gia,
260 2254 396 2285 Mcdeae
420 2254 511 2294 dolo,
533 2258 637 2295 atque
662 2253 752 2283 ultro
778 2253 880 2283 missa

175 2313 313 2344 corona,
329 2305 484 2346 perierit,
502 2310 635 2346 repete,
653 2305 680 2335 si
694 2305 824 2344 placet,
838 2313 880 2334 ex

176 2355 420 2394 superioribus.

221 2403 423 2443 Comprensa]
446 2403 514 2435 Alii
528 2413 708 2444 compressa.
734 2403 812 2433 Non
830 2407 878 2434 te-

176 2462 271 2485 mere
287 2452 446 2484 mendum
461 2462 534 2485 esse
547 2454 580 2483 in
595 2455 656 2484 hac
670 2462 753 2483 voce
770 2455 878 2492 suspi-

175 2508 272 2536 catus
313 2507 364 2533 est
390 2502 517 2534 clariss.
545 2503 756 2543 SaNagnius,
785 2503 878 2542 cujus

175 2554 251 2585 loco
275 2551 441 2590 combusta,
469 2556 527 2583 aut
552 2553 678 2596 aliquid
702 2553 879 2593 ejusmodi,

176 2602 424 2644 reponendnnn

219 2655 283 2684 606
312 2653 408 2683 Pater
422 2651 542 2692 παρέω]
564 2652 673 2684 Creon
687 2652 878 2684 Corinthio-

178 2712 252 2734 rum
266 2711 340 2742 rex,
355 2703 492 2733 Creusae
505 2707 616 2743 pater,
629 2714 728 2744 quam
741 2703 877 2735 Medeae

179 2753 276 2785 uxori
295 2753 403 2786 Jason
417 2752 654 2794 superinduxit
667 2754 837 2794 pellicem.

976 1704 1038 1733 607
1065 1702 1181 1742 Cruor]
1221 1701 1321 1732 Illum
1346 1702 1500 1742 intellige
1520 1701 1576 1742 qui
1593 1710 1635 1733 ex

935 1753 1037 1784 Nessi
1054 1753 1219 1784 Centauri
1238 1762 1379 1793 corpore
1395 1752 1521 1793 sagitta
1537 1761 1637 1783 vene-

934 1808 1013 1835 nata
1023 1803 1178 1843 eductus,
1191 1813 1291 1845 quam
1309 1803 1476 1834 Hercules
1493 1802 1526 1832 in
1541 1802 1635 1832 illum

934 1853 1083 1885 miserat.
1129 1854 1179 1884 Eo
1221 1862 1302 1883 vero
1340 1851 1471 1883 infecta
1508 1851 1636 1891 tunica,

934 1910 1033 1944 quam
1045 1913 1106 1944 per
1119 1903 1249 1934 Lichan
1266 1902 1430 1933 Deianira
1441 1901 1534 1932 misit
1547 1900 1637 1931 Her-

934 1954 1015 1994 culi,
1035 1963 1078 1984 ex
1094 1963 1161 1994 qua
1177 1953 1268 1984 virus
1285 1952 1318 1983 in
1335 1956 1443 1983 totum
1468 1952 1539 1992 ejus
1562 1960 1635 1982 cor-

933 2012 996 2043 pus
1013 2001 1169 2034 diffusum
1184 2013 1191 2034 :
1217 2007 1255 2034 ut
1271 2003 1400 2033 dictum
1417 2001 1582 2042 superius.

976 2056 1040 2084 609
1063 2053 1186 2092 Proles]
1224 2054 1340 2084 Buten
1369 2052 1491 2084 dieunt
1518 2051 1637 2091 fuisse,

935 2104 992 2145 qui
1007 2104 1040 2134 iu
1059 2104 1166 2144 patris
1183 2114 1202 2134 a
1219 2104 1354 2134 Baccho
1371 2102 1495 2134 sublati
1510 2101 1638 2132 vindic-

935 2159 1003 2186 tam
1032 2153 1226 2185 sacerdotes
1256 2154 1330 2193 ejus
1362 2152 1500 2184 oceidit.
1547 2152 1636 2182 Pen-

935 2204 1066 2235 thidem
1107 2208 1219 2235 autem
1256 2203 1310 2233 vel
1338 2212 1381 2233 ex
1413 2211 1454 2232 eo
1483 2200 1636 2241 appellat

933 2255 1022 2296 quod
1054 2254 1202 2285 Penthei
1228 2252 1322 2284 faeta
1347 2252 1509 2282 adversus
1540 2250 1637 2282 Libe-

934 2315 1008 2337 rum
1026 2309 1158 2346 patrem
1175 2303 1217 2334 sit
1233 2302 1397 2341 imitatus,
1417 2301 1471 2331 vel
1487 2300 1574 2339 quod
1591 2309 1634 2329 ex

933 2356 1006 2395 ejus
1039 2353 1143 2385 fuerit
1170 2351 1363 2392 nepotibus.
1409 2348 1539 2378 Fabula
1575 2348 1634 2379 ob-

931 2414 1041 2482 segra·
1062 2450 1180 2489 Milon]
1205 2449 1271 2480 Hic
1294 2446 1509 2479 Crotoniates
1528 2447 1634 2478 lacer-

933 2507 1042 2533 torum
1060 2499 1167 2530 fretus
1183 2498 1315 2536 robore,
1339 2506 1414 2528 cum
1439 2496 1565 2536 lignum
1581 2506 1633 2528 se-

931 2550 1092 2583 mifissurn
1118 2550 1151 2580 in
1178 2549 1274 2589 sylva
1303 2557 1417 2578 errans
1445 2547 1633 2579 invenisset

931 2600 1085 2632 manibus
1112 2603 1254 2630 conatus
1286 2602 1337 2629 est
1364 2597 1547 2629 diducere:
1578 2608 1633 2630 ve-

931 2660 1004 2680 rum
1041 2647 1296 2689 comprehensis
1335 2648 1411 2687 illis,
1452 2651 1632 2689 postquam

931 2700 1030 2732 cunei
1043 2698 1127 2741 lapsi
1139 2702 1264 2739 essent,
1276 2697 1359 2729 feris
1377 2696 1494 2738 praeda
1509 2696 1588 2729 fuit.
