1877 3193
609 175 852 207 'rms'rmM
885 177 978 208 mn.
1012 177 1085 208 lv.»
1104 168 1148 209 5.
1491 170 1605 214 2403

152 268 270 311 Haec
292 270 423 323 igitur
441 269 574 322 regiO,
595 271 739 321 magni
761 283 864 323 pars
882 270 1036 311 ultima
1055 270 1221 320 mundi,

208 337 352 388 Quam
373 337 520 389 fugere
542 336 738 376 homines
760 337 922 390 Dique,
944 338 1190 390 propinqua
1209 335 1314 377 mihi
1335 339 1418 377 est.

151 402 298 457 Atque
320 418 458 445 meam
479 408 632 443 terram
655 417 791 457 prope
812 409 915 445 sunt
934 404 1129 444 funebria
1149 417 1289 455 sacra,
1550 405 1606 448 35

209 471 258 511 Si
277 472 407 511 modo
430 469 600 510 Nasoni
623 471 808 511 barbara
829 475 942 510 terra
960 482 1039 509 sua
1062 475 1145 510 est.

151 537 191 577 Ο
214 538 382 578 utinam
403 537 534 586 venti,
556 537 719 589 quibus
740 541 808 577 est
827 536 1002 576 ablatus
1025 536 1221 587 Orestes,

206 604 391 645 Placato
413 603 596 644 referant
616 608 663 643 et
677 615 777 643 mea
795 602 895 643 vela
918 603 1036 643 Deo!

147 757 282 787 meliora.
328 756 406 787 Haec
418 756 518 797 igitur
530 758 637 797 plaga,
661 757 837 797 penetralia
852 758 933 788 vasti
953 757 1047 797 orbis,
1071 768 1160 798 quam
1173 758 1308 790 hanzines
1323 762 1352 790 et
1368 759 1428 790 Dii
1435 758 1604 800 sugerunt,

146 803 190 830 est
204 799 279 829 mihi
292 800 446 838 proxima.
490 801 593 840 Atque
607 810 695 831 sacra
704 800 824 839 feralia
837 804 911 830 sunt
923 800 1021 838 juxta
1036 810 1133 831 meam
1149 804 1275 838 terram,
1290 802 1318 831 si
1332 803 1417 832 modo
1433 805 1519 833 terra
1534 803 1604 834 bar-

147 842 219 872 bara
233 846 278 872 est
292 852 347 872 sua
365 843 493 873 Nasoni.
541 844 570 873 0
584 844 704 874 utinam
724 843 820 883 venti,
843 842 948 883 quibus
966 843 1092 874 Orestes
1108 847 1153 874 est
1176 843 1325 884 sublatus,
1348 846 1494 876 reducant
1508 845 1602 876 etiam

145 894 212 915 mea
224 885 363 925 carbasa,
376 886 444 916 Deo
459 885 562 916 lenito.

757 979 851 992 ‘rebe
857 979 990 991 ‘eecce‘

147 1054 330 1095 Gottorph.
354 1065 458 1094 magn.
479 1056 652 1096 penetralia
668 1058 772 1088 mund.
817 1057 826 1073 ‘
843 1057 1054 1089 Doctissimo
1077 1057 1204 1088 auctori
1231 1057 1425 1088 Electorum
1454 1058 1601 1089 Etonen-

147 1097 230 1127 sium
245 1107 310 1127 non
329 1099 443 1138 placet
458 1098 532 1129 haec
550 1100 730 1139 correctio,
758 1100 835 1140 quia
855 1101 1031 1139 penetralia
1057 1110 1122 1130 non
1145 1104 1240 1130 recte
1258 1100 1464 1139 vituperanti
1480 1100 1601 1132 Po'eitae

145 1138 219 1169 haec
233 1140 308 1170 loca
324 1141 538 1172 conveniunt.
556 1142 602 1172 H.
616 1142 638 1173 ι’.
649 1152 689 1172 m.
702 1152 787 1181 poene
801 1153 832 1182 p.
846 1152 875 1172 u.
894 1153 933 1173 m.
945 1143 1111 1173 Bernens.
1158 1142 1234 1172 Nec
1250 1141 1393 1172 Francio
1411 1143 1601 1181 penetralia

146 1182 317 1220 placebat,
342 1183 420 1224 quia
438 1189 518 1214 tunc
537 1184 627 1222 perit
649 1184 819 1223 oppositio
834 1185 891 1214 τοῦ
904 1184 1085 1223 propinqua.
1131 1184 1139 1199 ‘
1156 1184 1304 1214 Ultimus
1320 1183 1422 1214 orbis’
1449 1193 1473 1215 1.
1497 1185 1599 1217 Trist.
1616 1202 1618 1204 ·

147 1225 276 1255 1.127.’
300 1226 501 1255 B1n·›12.—SG
524 1226 603 1256 Jnn.
622 1226 710 1255 Mor.
741 1231 776 1256 et
803 1226 866 1256 Ed.
895 1227 1026 1257 Bersm.
1053 1226 1282 1257 Nasonis.—S7
1308 1227 1369 1258 Be.
1392 1226 1472 1258 utin.
1490 1228 1601 1268 ventis,

145 1266 314 1305 quib.—SS
338 1268 444 1298 Barb.
458 1272 497 1301 ,et
513 1272 657 1307 quatuor
674 1267 729 1298 alii
745 1267 816 1298 hinc
832 1278 893 1308 pro
910 1271 951 1299 et.

806 1384 944 1416 NOTAE

143 1476 240 1517 antis,
256 1476 346 1518 regis
363 1476 588 1516 immanitate,
608 1476 760 1518 hospites
777 1478 843 1509 aris
897 1481 1021 1517 strnsa,
1043 1481 1102 1509 aut
1119 1482 1252 1509 remota
1267 1478 1309 1509 ab
1326 1478 1495 1510 hominum
1511 1488 1600 1510 com-

144 1526 423 1558 admovebantnr.
897 1528 1033 1559 mercio.

185 1579 226 1607 82
243 1577 394 1616 RIelioru]
419 1576 582 1616 Ariciam,
597 1577 671 1608 scil.
686 1581 725 1607 ut
742 1587 845 1618 supra
942 1581 982 1608 84
1018 1577 1184 1618 Homines]
1244 1577 1403 1619 Pylades,
1446 1577 1600 1620 Orestes,

145 1626 287 1657 dictum.
900 1627 1090 1668 Iphigenia.

187 1679 228 1707 83
255 1676 334 1707 Pars
350 1676 472 1716 ultima]
513 1676 579 1708 Alii
604 1678 789 1717 penetralia,
809 1677 843 1708 id
940 1677 1059 1718 Dique]
1083 1678 1163 1719 Ipsa
1184 1679 1304 1710 Diana.

144 1731 209 1765 est,
229 1726 330 1757 Orbis
355 1736 431 1768 pars
456 1727 606 1768 interior,
630 1732 663 1759 et
677 1728 771 1770 quasi
789 1728 843 1759 ab·
942 1730 982 1759 88
1004 1727 1091 1767 Deo]
1114 1726 1280 1769 Augusto.

649 2196 962 2245 ELEGIA
1018 2197 1083 2243 V.

692 2391 720 2422 A
728 2389 1050 2423 RGUMENTUM.

148 2505 299 2536 Amet-M
327 2505 442 2537 laudat
462 2504 584 2545 Poeta,
605 2515 749 2547 eumque
774 2509 900 2545 monet,
926 2508 965 2536 ut
981 2509 1178 2536 constanter
1200 2513 1318 2535 munus
1343 2504 1500 2535 amicitiae
1517 2513 1596 2537 exe-

189 2560 321 2597 quatur,
343 2558 440 2598 eique
462 2559 550 2599 apud
575 2558 767 2599 Augustum
791 2567 892 2598 opem
920 2557 1020 2588 ferat.
1068 2556 1229 2587 Ostendit
1257 2556 1378 2587 deinde
1401 2557 1515 2588 multis
1538 2566 1596 2588 ex-

191 2608 320 2648 emplis,
337 2613 487 2649 tempore
499 2611 608 2643 omnia
623 2611 744 2643 molliri
761 2615 886 2651 praeter
898 2610 968 2650 ejus
985 2614 1138 2647 cu1·aS,ct
1155 2608 1306 2639 ostendit
1322 2618 1358 2639 se
1374 2609 1420 2640 ita
1435 2608 1596 2651 deficere,

190 2664 229 2691 ut
244 2669 309 2691 non
325 2660 380 2690 din
394 2663 511 2694 eredat
524 2672 559 2694 se
573 2665 844 2706 supervicturum
859 2663 961 2695 tantis
973 2662 1082 2704 malis,
1098 2671 1196 2703 quam
1212 2671 1281 2693 rem
1298 2661 1382 2694 dicit
1396 2662 1459 2694 sibi
1475 2662 1596 2695 solatio

189 2713 342 2746 relictam
360 2722 443 2745 esse.
