1877 3193
524 162 679 193 EP1ST.
715 162 780 192 Ex
816 163 973 193 1³0N'r0
1008 162 1101 192 Lm.
1134 162 1166 192 1.
1192 150 1233 190 1.
1488 151 1602 194 2497

151 258 305 300 Rebus
324 257 453 305 idem,
476 257 599 297 titulo
621 256 778 307 differt,
799 261 841 298 et
858 256 1051 311 epistola
1071 256 1145 297 cui
1168 255 1227 296 sit

210 324 314 366 Non
333 323 553 364 occultato
574 324 749 364 nomine
769 325 906 364 missa
926 324 1066 364 docet.

152 391 251 433 Nec
271 404 351 432 vos
371 391 452 430 hoc
474 389 620 439 vultis,
641 391 717 430 sed
736 404 816 430 nec
836 391 1063 443 prohibere
1085 390 1273 443 potestis
1290 404 1300 430 :

214 458 432 510 Musaque
455 456 508 496 ad
529 456 694 497 invitos
715 456 913 496 officiosa
932 456 1062 496 venit.
1548 452 1604 494 20

156 524 379 578 Quicquid
395 522 438 563 id
460 527 542 572 est,
563 523 746 576 adjunge
765 521 888 562 meis.
949 520 1075 561 Nihil
1095 520 1279 573 impedit
1298 522 1414 560 ortos

212 592 368 640 Exule,
391 590 573 630 servatis
594 590 777 642 legibus,
800 588 922 629 Urbe
942 588 1039 630 frui.

157 659 291 710 Quod
309 662 475 698 metuas
496 670 585 697 non
605 661 684 699 est.
745 656 904 697 Antoni
926 656 1091 709 scripta
1110 655 1336 707 leguntur:

213 727 384 766 Doctus
405 729 451 765 et
471 725 515 765 in
535 728 709 777 promtu
730 725 889 765 scrinia
909 725 1072 764 Brutus
1094 722 1236 763 habet.

158 793 201 835 Ν
205 806 254 834 ec
275 805 344 833 me
365 792 617 833 nominibus
635 791 827 832 furiosus
849 790 1025 832 confero
1046 789 1197 831 tantis.
1550 789 1608 830 25

212 860 346 902 Saeva
368 861 491 901 Deos
513 864 666 900 contra
684 871 769 899 non
789 862 933 899 tamen
953 871 1075 898 arma
1093 857 1191 898 tuli.

157 929 360 981 Denique
382 927 602 975 Caesareo,
623 926 740 979 quod
757 939 845 966 non
867 925 1088 966 desiderat
1106 925 1219 978 ipse,

214 995 322 1036 Non
343 998 460 1036 caret
481 1008 504 1035 e
525 994 682 1034 nostris
700 993 820 1034 ullus
839 993 998 1033 honore
1018 992 1141 1033 liber.

159 1061 206 1102 Si
228 1062 401 1102 dubitas
422 1061 474 1101 de
495 1074 563 1101 me
581 1074 591 1112 3
622 1060 774 1100 laudes
796 1059 976 1100 admitte
998 1060 1218 1100 Deorum:

216 1128 273 1168 Et
296 1140 471 1168 carmen
490 1127 635 1168 demto
654 1127 826 1167 nomine
848 1139 969 1168 sume
991 1138 1146 1165 meum.
1551 1124 1609 1164 :30

162 1237 296 1275 vulgavi.
340 1238 428 1268 Idem
442 1237 540 1275 rebus,
555 1237 710 1267 diversum
725 1240 771 1267 est
785 1238 884 1267 indice
898 1246 910 1273 ,·
931 1240 961 1267 et
977 1236 1105 1276 epistola
1117 1235 1210 1265 missa
1224 1234 1342 1265 indicat
1354 1234 1393 1264 ud
1403 1242 1488 1273 quem
1498 1237 1612 1272 spectet

159 1290 217 1311 non
233 1279 425 1309 dissimulato
441 1279 570 1309 nomine.
618 1280 723 1318 Neque
747 1288 796 1309 vos
816 1279 870 1309 hoc
884 1279 1045 1319 expetitis,
1068 1279 1120 1308 sed
1135 1286 1229 1316 neque
1242 1277 1372 1317 potestis
1387 1276 1558 1315 impedire3
1580 1279 1610 1305 et

159 1323 252 1353 Musa
269 1321 400 1361 officiosa
415 1320 497 1351 venit
512 1321 551 1350 ad
572 1321 715 1351 nolentes.
764 1320 918 1361 Quicquid
931 1321 963 1352 id
985 1324 1041 1359 est,
1056 1321 1132 1350 adde
1148 1320 1232 1350 meis.
1279 1318 1371 1350 Nihil
1382 1318 1526 1358 prohibet
1537 1327 1611 1358 pro-

158 1367 277 1395 creatos
291 1363 329 1393 ab
351 1363 439 1393 exule
454 1362 526 1400 foui
555 1363 649 1402 Urbe,
665 1363 783 1402 legibus
797 1364 941 1394 serratis.
991 1363 1060 1394 Non
1076 1365 1121 1393 est
1136 1363 1215 1402 quod
1231 1361 1352 1393 timeas.
1398 1361 1524 1401 Scripta
1545 1361 1612 1391 An-

158 1405 235 1437 tonii
251 1406 417 1444 leguntur:
441 1408 470 1435 et
492 1405 632 1436 eruditus
659 1406 781 1436 Brutus
804 1406 893 1437 habet
920 1406 1024 1436 thecas
1050 1406 1082 1436 in
1102 1408 1235 1444 promtu.
1282 1405 1388 1443 Neque
1412 1412 1541 1434 vesanus
1566 1412 1612 1433 me

158 1458 297 1488 comparo
314 1447 413 1478 tantis
427 1447 617 1478 nominibus.-
641 1458 701 1478 non
723 1452 826 1479 tamen
849 1449 932 1486 gessi
952 1447 1025 1487 fera
1051 1456 1138 1477 arma
1161 1448 1306 1477 adversus
1330 1447 1426 1477 Deos.
1471 1445 1614 1484 Denique

158 1491 257 1522 nullus
272 1490 348 1521 liber
363 1500 402 1520 ex
419 1490 532 1520 nostris
554 1493 638 1519 caret
666 1491 753 1520 laude
772 1491 916 1528 Coesuris,
930 1491 1008 1529 quod
1024 1490 1088 1528 ipse
1109 1499 1169 1519 non
1183 1491 1280 1528 optat.
1326 1488 1364 1518 Si
1380 1488 1513 1517 incertus
1528 1496 1558 1516 es
1575 1489 1612 1516 de

159 1543 215 1574 me,
232 1534 336 1573 excipe
349 1533 452 1562 laudes
467 1532 619 1570 Deorum,
642 1535 671 1561 et
687 1533 816 1562 admitte
829 1542 950 1562 carmen
966 1541 1063 1561 meum
1079 1531 1197 1561 nomine
1209 1531 1339 1561 sublato.
1384 1529 1502 1559 Ramus
1523 1529 1612 1559 olim

770 1602 1001 1614 eeeeeeeeeeee

163 1652 203 1680 16
228 1649 296 1679 Pro
322 1649 377 1678 hoc
404 1647 525 1679 Heius.
549 1648 665 1678 mallet
686 1647 745 1678 hic.
792 1648 876 1678 Mox
902 1648 996 1679 Serv.
1023 1651 1088 1678 ant.
1104 1647 1271 1685 suia—18
1297 1645 1453 1677 Barthius
1480 1655 1522 1675 ex
1545 1645 1613 1675 suis

162 1691 367 1722 membranis
385 1689 677 1727 mi83.resert.—19
704 1691 769 1721 Nec
797 1700 857 1730 pro
885 1691 973 1730 vulg.
1001 1701 1059 1721 non
1084 1700 1126 1720 ex
1152 1689 1289 1729 scriptis
1318 1688 1432 1719 multis
1459 1687 1614 1718 restituit

164 1733 370 1764 Hems.--·21
395 1732 520 1762 Scrinia
536 1741 578 1762 ex
593 1733 760 1764 Twisden.
788 1733 906 1764 Comb.
934 1734 1103 1763 Boxhorn.
1132 1740 1167 1763 et
1193 1732 1233 1762 P.
1258 1741 1275 1761 a
1303 1740 1355 1771 pr.
1383 1739 1471 1761 man.
1499 1730 1614 1770 placet

165 1776 284 1805 Heius.
314 1785 382 1814 prm
410 1775 500 1813 vulg.
529 1775 687 1810 carminu;
708 1776 834 1805 Thuan.
862 1775 1002 1806 crimina.
1037 1775 1131 1805 Leid.
1154 1774 1411 1804 carminanostru
1431 1774 1534 1812 leget;
1559 1772 1611 1802 vel

164 1818 284 1848 Brutus
300 1818 380 1856 ugit,
404 1817 455 1847 vel
473 1816 657 1848 habet.—25
687 1818 847 1848 Nonnulli
874 1828 953 1848 nom.
974 1817 1107 1855 furiosis
1131 1816 1212 1854 conf.
1247 1817 1300 1847 Sa.
1319 1815 1456 1852 furiosis
1482 1823 1615 1845 consere.

163 1861 257 1890 Serv.
290 1869 428 1899 comparo
456 1861 620 1890 tant.-26
643 1860 761 1890 Barth.
789 1859 872 1890 Cod.
899 1870 978 1891 arm.
1006 1860 1174 1890 dedi.—-·28
1200 1859 1240 1889 P.
1269 1860 1360 1889 Dan.
1391 1858 1425 1887 in
1452 1866 1512 1897 pro
1542 1865 1614 1887 e.—

815 1933 954 1965 NOTAE

208 2001 246 2029 17
275 1996 429 2037 Epistola]
459 1996 623 2037 Adeoque
651 2000 686 2027 et
707 1996 862 2036 superior
959 1999 999 2027 21
1024 1996 1063 2026 In
1076 1993 1213 2035 promtu]
1237 1993 1368 2032 Palam,
1383 1998 1418 2023 et
1435 1992 1467 2023 iu
1483 1997 1614 2034 aperto,

166 2048 252 2079 liber
267 2047 332 2078 fuit
352 2047 562 2087 Epistolaris,
578 2046 679 2080 sicuti
695 2046 848 2076 vidimus.
917 2047 1005 2076 uude
1023 2055 1096 2076 cum
1114 2055 1197 2085 opus
1214 2050 1264 2076 est
1282 2048 1455 2084 petantur.

210 2101 249 2129 18
276 2098 345 2128 Νοη
360 2096 523 2135 occultato]
546 2097 792 2136 Suppresserat
806 2104 863 2126 au-
959 2095 1097 2134 Scrinia]
1125 2095 1266 2134 Quibus,
1282 2094 1428 2133 seilicet,
1443 2103 1615 2126 asserven-

167 2154 234 2179 tem
266 2147 420 2187 religiose
452 2146 636 2177 amicorum
675 2155 794 2176 nomen
829 2145 862 2175 in
918 2150 984 2176 tur.

164 2197 340 2229 Tristibus.
877 2230 882 2235 ,
957 2195 1092 2235 Brutus]
1114 2195 1176 2226 Ille
1192 2203 1283 2232 vero,
1310 2194 1366 2234 qui
1388 2193 1515 2225 Julium
1544 2194 1618 2226 Cae-

206 2251 248 2280 19
265 2248 332 2278 Nec
344 2247 407 2286 ros]
426 2246 522 2277 Istud
539 2245 572 2276 in
590 2245 772 2276 amicorum
789 2255 862 2285 gra·
916 2255 1024 2277 sarem
1042 2245 1181 2284 occidit,
1198 2244 1247 2274 vir
1267 2243 1332 2274 fnit
1349 2243 1437 2274 omni
1456 2243 1564 2274 laudis
1580 2249 1616 2275 et

167 2300 263 2336 tiam,
281 2299 305 2329 si
324 2298 410 2329 forte
427 2298 469 2327 ob
487 2296 648 2337 epistolas
666 2296 698 2326 in
716 2296 861 2327 Caesaris
915 2296 1130 2327 scientiarum
1148 2305 1272 2336 genere
1288 2295 1445 2335 inclytus.

167 2349 384 2380 offensionem
403 2347 634 2378 incurrissent.
958 2349 1000 2378 26
1025 2346 1126 2386 Deos]
1142 2346 1270 2378 Julium
1287 2350 1321 2376 et
1337 2344 1526 2384 Augustum
1544 2344 1617 2375 Cae-

211 2399 297 2439 Hoc]
320 2400 446 2430 Vestra
461 2397 596 2428 nomina
614 2397 646 2427 iu
671 2398 752 2428 mcis
770 2397 864 2428 libel-
918 2407 1020 2429 sares.

167 2449 207 2479 lis
224 2449 302 2489 legi.
960 2451 999 2478 27
1028 2448 1097 2477 Νοη
1126 2445 1292 2483 desiderat]
1330 2445 1377 2474 Ut
1405 2444 1431 2473 si
1459 2443 1615 2482 cuiquam

212 2501 252 2528 23
277 2498 452 2537 Leguntur]
483 2499 674 2539 Utcumque
709 2498 864 2537 Augusto
919 2497 1016 2528 irasci
1035 2495 1115 2526 velit
1133 2495 1316 2534 Augustus,
1332 2492 1420 2532 quod
1435 2491 1481 2521 illi
1500 2496 1556 2521 aut
1572 2491 1616 2522 de

174 2546 323 2577 infensus
341 2547 506 2578 Antonius
521 2548 637 2586 fuerit,
652 2549 724 2587 eJus
738 2549 866 2588 scripta
919 2548 976 2578 illo
993 2545 1199 2586 scripserim,
1217 2542 1279 2573 sibi
1304 2542 1374 2581 ipse
1402 2540 1544 2580 injurius
1570 2541 1616 2571 vi-

174 2597 334 2636 leguntur
349 2600 482 2627 tamen:
507 2598 630 2636 potiori
647 2599 751 2637 igitur
768 2598 866 2629 ratio-
921 2597 1053 2632 deatur,
1070 2603 1179 2634 quern,
1200 2592 1333 2622 nolente
1349 2590 1480 2630 codem,
1493 2590 1616 2630 passim

173 2657 214 2677 ne
233 2645 375 2677 Nasonis
391 2646 456 2684 legi
474 2646 614 2686 possint,
630 2649 686 2689 qui
701 2649 750 2680 illi
764 2648 866 2679 maxi·
920 2646 1112 2677 laudavero.

170 2706 225 2730 mc
241 2694 345 2726 favet.
965 2697 1006 2726 29
1026 2692 1076 2724 De
1089 2691 1150 2733 mc]
1174 2691 1254 2723 Mea
1280 2699 1382 2722 causa
1401 2688 1464 2721 hos
1488 2689 1616 2720 libellos

259 2749 373 2789 Delph.
389 2750 419 2779 et
440 2747 513 2778 ναν.
532 2748 617 2780 Clas.
852 2748 945 2780 ovid.
1456 2743 1475 2773 7
1499 2740 1530 2772 Τ
