1877 3193
219 144 334 186 2510
707 158 746 187 P.
780 157 938 188 ovum
972 156 1185 186 NAsoms

221 248 282 290 At
301 254 347 290 tu
367 254 455 291 tarn
476 250 667 304 placido,
689 264 818 304 quam
838 263 920 290 nos
941 263 1115 303 quoque
1136 251 1350 291 sensimus
1371 251 1509 302 illum,

275 317 303 358 J
308 317 432 358 udice
451 331 530 370 pro
551 317 757 371 lacrymis
779 330 856 358 ora
875 318 1047 358 resolve
1070 318 1190 357 meis.

221 384 324 426 Non
345 386 485 437 petito
504 389 554 425 ut
573 386 680 425 bene
703 386 773 435 sit,
796 386 872 426 sed
897 387 958 426 uti
980 386 1095 426 male
1117 387 1279 437 tutius3
1309 390 1446 440 utque
1586 386 1670 428 105

278 451 473 492 Exilium
494 465 613 493 saevo
634 452 763 493 distet
784 454 839 492 ab
861 453 983 492 hoste
1002 466 1159 492 meum.

222 517 453 572 Quamque
475 519 631 559 dedere
652 520 756 560 mihi
779 521 1020 573 praesentia
1039 520 1214 560 numina
1234 520 1383 570 vitam,

278 587 382 627 Non
404 586 565 626 adimat
588 587 740 627 stricto
763 588 994 640 squalidus
1016 601 1116 627 ense
1137 587 1287 628 Getes.

223 653 441 706 Denique,
466 655 502 693 si
524 655 697 701 moriar,
719 655 903 694 subeant
922 656 1126 706 pacatius
1146 668 1297 696 arvum

278 720 410 770 Ossa,
430 734 509 760 nec
532 734 559 760 a
578 720 786 773 Scythica
804 726 949 760 nostra
970 726 1216 773 premantur
1236 722 1385 763 humo.
1587 722 1671 761 110

221 788 318 828 Nec
339 788 452 827 male
475 787 746 839 compositos
769 789 833 835 (ut
855 786 1028 827 scilicet
1049 788 1179 827 exule
1199 788 1397 840 dignum)

277 854 468 895 Bistonii
491 854 656 893 cineres
680 853 841 904 ungula
860 853 1007 905 pulset
1027 854 1143 906 equi.

220 921 276 961 Et
294 935 363 970 ne,
385 922 423 960 si
443 924 640 972 superest
660 920 830 972 aliquid
850 923 956 973 post
976 920 1124 960 funera
1148 933 1324 970 sensus,

274 987 450 1028 Terreat
468 988 540 1028 hic
560 1000 710 1029 manes
732 988 941 1029 Sarmatis
960 989 1115 1029 umbra
1134 1000 1274 1029 meos.

219 1112 326 1133 manus
340 1103 429 1141 hujus
441 1103 554 1141 gentis.
599 1104 643 1133 At
660 1107 705 1142 tu,
718 1103 838 1133 arbitro
850 1107 915 1134 tam
935 1104 1006 1142 leni,
1021 1114 1111 1144 quam
1132 1114 1186 1135 nos
1211 1104 1306 1135 etiam
1320 1102 1441 1142 experti
1454 1112 1556 1134 sumus
1570 1103 1670 1141 illum,

218 1145 303 1184 aperi
319 1155 350 1175 ns
363 1155 418 1184 pro
434 1145 509 1175 meis
523 1147 678 1184 lacrymis.
726 1147 776 1176 Ne
790 1155 881 1184 roges
895 1151 929 1176 ut
945 1146 1018 1177 bene
1032 1148 1085 1183 sit,
1099 1149 1150 1177 sed
1174 1146 1222 1177 uti
1243 1147 1321 1177 male
1335 1147 1482 1184 securius,
1506 1149 1535 1176 et
1555 1149 1589 1176 ut
1606 1146 1671 1176 exi·

219 1187 294 1216 lium
309 1197 407 1217 meum
429 1188 471 1217 sit
495 1188 600 1226 procul
624 1188 661 1217 ab
682 1188 766 1218 hoste
778 1187 865 1227 fero:
889 1192 917 1217 et
945 1189 1040 1218 Getes
1054 1189 1197 1219 horridus
1224 1199 1279 1219 non
1307 1189 1410 1228 rapiat
1425 1188 1530 1227 gladio
1555 1189 1670 1218 nudato

218 1229 315 1259 vitam
329 1239 419 1268 quam
446 1229 506 1258 Dii
521 1229 666 1265 faventes
680 1230 755 1259 mihi
767 1230 974 1269 prabum-unt.
1023 1231 1173 1270 Denique,
1189 1232 1217 1261 si
1239 1232 1354 1269 obeam,
1377 1234 1481 1261 nostra
1496 1240 1563 1261 ossa
1577 1231 1672 1269 impo-

219 1274 333 1300 nuntur
346 1275 438 1301 terrae
452 1271 610 1310 quietiori,
624 1281 717 1310 neque
742 1275 913 1310 urgeantur
931 1273 1054 1310 pulvere
1080 1273 1242 1312 Scythico:
1266 1282 1358 1311 neque
1374 1273 1490 1311 ungula
1509 1273 1578 1312 equi
1596 1272 1672 1302 Bis·

218 1313 296 1343 ionii
312 1314 405 1344 calcet
420 1313 536 1343 cineres
551 1314 628 1343 male
643 1314 791 1351 conditos,
809 1318 841 1343 ut
853 1314 969 1343 scilicet
986 1316 1113 1351 dignum
1124 1314 1256 1354 profugo
1267 1325 1278 1345 .·
1302 1318 1333 1344 et
1346 1324 1395 1351 ne,
1411 1315 1439 1344 si
1459 1315 1607 1351 reliquum
1625 1317 1671 1343 est

218 1355 335 1396 aliquid
363 1365 466 1386 sensus
489 1359 557 1395 post
574 1355 661 1394 sata,
684 1356 790 1387 umbra
813 1355 988 1386 Sarmatica
1014 1356 1063 1386 hic
1087 1366 1230 1397 put-orem
1256 1356 1387 1386 incutiat
1411 1357 1485 1386 meis
1510 1355 1669 1386 ,Manibus

825 1439 1061 1451 eeeeeeeeeeee

220 1492 452 1533 Zinzerlingus
467 1493 580 1524 Prom.
598 1502 636 1524 11.
660 1496 689 1523 4.
717 1503 813 1532 uuus,
835 1495 878 1524 sit
895 1495 1016 1534 publica
1031 1494 1152 1524 sarcina
1167 1503 1258 1523 σανα».
1304 1494 1428 1524 Moreti
1446 1493 1530 1524 iiber
1547 1502 1606 1533 pro
1624 1491 1673 1523 di-

220 1544 318 1565 versa
339 1535 499 1573 lectione,
523 1536 565 1565 sit
591 1535 712 1574 publica
737 1536 860 1566 sarcina
885 1546 1000 1566 reram.
1046 1536 1267 1565 Sarravianus
1294 1535 1472 1565 admodum
1497 1535 1671 1573 mendose,

224 1577 324 1616 thue
352 1578 407 1607 dia
435 1577 489 1607 sub
515 1588 561 1615 eo,
583 1578 626 1607 sic
647 1580 687 1608 sil
709 1578 838 1617 publicae
863 1588 933 1609 saro
959 1582 1063 1608 terroe.
1110 1577 1325 1616 Combianus,
1356 1578 1456 1617 thue
1471 1578 1524 1608 ‹Iz'u
1539 1577 1594 1607 sub
1610 1577 1670 1607 eis:

220 1620 318 1657 alius,
334 1620 387 1649 sub
403 1630 436 1649 eo
452 1624 508 1650 est.
556 1621 665 1650 Locus
683 1619 821 1650 mirifice
847 1621 1000 1650 turbatus
1015 1631 1021 1650 :
1047 1629 1123 1656 nam
1141 1630 1239 1650 versu
1258 1620 1411 1659 proximo
1427 1629 1488 1659 pro
1505 1623 1554 1649 eat
1570 1619 1674 1658 pluri-

218 1661 262 1691 mi
277 1662 379 1691 etiam
397 1668 542 1700 velereS,
555 1666 636 1692 eant.
681 1662 815 1693 Timide
833 1662 919 1701 dico,
944 1663 1021 1693 dico
1039 1668 1161 1701 tamen,
1180 1662 1287 1692 videri
1304 1662 1549 1701 reponendum,
1570 1661 1670 1701 thue

218 1703 274 1733 diu
293 1703 411 1733 subsint
434 1704 504 1734 hnic
518 1704 639 1743 publica
653 1706 787 1743 pondera
813 1714 933 1735 rerum:
959 1704 1091 1735 videtur
1114 1705 1202 1735 enim
1224 1714 1289 1734 vox
1307 1714 1374 1735 una
1389 1709 1446 1735 aut
1462 1705 1568 1734 altera
1584 1704 1675 1734 exci-

219 1745 327 1776 disse!
351 1746 568 1776 Heius—103
596 1747 746 1784 Mallem,
771 1747 817 1777 At
842 1752 876 1776 eu
902 1750 966 1777 tum
990 1747 1123 1787 placido,
1143 1757 1314 1787 quanquam
1339 1756 1389 1777 nos
1415 1747 1547 1777 laesimus
1573 1745 1673 1784 illum,

220 1788 337 1823 Indice,
353 1790 403 1827 &a
431 1798 506 1818 nam
523 1790 636 1819 sentire
655 1790 768 1827 potius
785 1789 816 1819 in
832 1790 951 1819 malam
981 1796 1124 1828 partem,
1141 1800 1201 1829 pro
1219 1799 1368 1829 gravem,
1383 1789 1556 1820 crudelem
1571 1797 1674 1828 expe-

219 1830 292 1868 riri,
309 1831 461 1860 sumitur.
486 1832 703 1861 Burm.-—105
729 1831 768 1861 In
782 1832 981 1872 quibusdam
1000 1832 1173 1862 Ed‹1.N‹m
1193 1834 1287 1871 petis,
1310 1835 1344 1862 ut
1367 1833 1439 1862 benc
1454 1831 1505 1862 sit.
1542 1831 1584 1861 In
1597 1829 1674 1860 libri

220 1872 270 1902 sui
288 1874 439 1912 margine
463 1878 597 1903 notarat
622 1873 784 1913 Scaliger,
816 1875 899 1904 Neve
919 1878 988 1914 pete
1009 1878 1042 1904 ut
1071 1874 1143 1905 bene
1171 1874 1223 1905 sit.
1269 1874 1519 1904 Eruditissimns
1534 1873 1673 1913 juvenis

218 1914 367 1946 ,Iacobus
387 1916 560 1954 Rom-ins,
578 1916 648 1946 Non
674 1917 806 1955 petimus
830 1917 902 1947 bene
924 1917 981 1956 sit,
1005 1918 1057 1947 sed
1078 1917 1125 1947 uti
1141 1918 1218 1947 male
1233 1917 1344 1947 tulius.
1368 1918 1412 1947 D.
1430 1916 1549 1947 Heins.
1577 1915 1673 1953 Mage

219 1957 396 1997 legendum
415 1964 507 1996 puto,
527 1964 562 1988 ut
580 1959 621 1988 sit
637 1959 870 1998 pleonasmus:
905 1959 968 1989 nisi
986 1959 1063 1990 male
1084 1960 1128 1990 sit
1145 1960 1231 1990 idem
1250 1959 1337 1999 quod
1357 1968 1482 1998 parum.
1508 1958 1671 1988 Bersman.

220 2000 290 2029 Non
306 2004 375 2039 pete
389 2002 467 2039 quod
483 2001 623 2030 Putean.
658 2001 752 2030 Unus
767 2002 951 2031 Vaticanus
970 2002 1041 2032 Non
1056 2002 1157 2042 petit.-
1180 2003 1267 2041 lege‚
1281 2012 1339 2032 non
1351 2002 1451 2041 petito
1468 2004 1500 2031 ut
1524 2000 1597 2030 bene
1619 2000 1674 2038 sit,

221 2042 286 2080 vel,
300 2052 358 2072 mm
368 2043 464 2081 petito
477 2043 548 2073 benc
559 2043 612 2073 sit.
637 2044 800 2081 Scaliger,
818 2054 891 2074 nere
903 2048 971 2083 pete
984 2048 1018 2074 ut
1031 2045 1103 2075 bene
1115 2045 1177 2080 sit,·
1201 2045 1300 2074 etiam
1315 2053 1380 2074 non
1393 2044 1490 2074 male.
1526 2042 1589 2072 Vir
1606 2041 1673 2071 Po-

217 2082 390 2113 litissimus
406 2085 618 2114 Christianus
632 2086 809 2123 Daumius,
831 2087 897 2115 Non
915 2087 1012 2124 petito
1023 2091 1056 2117 ul
1073 2087 1146 2117 bene
1156 2086 1271 2123 sit‚se‹l
1286 2087 1332 2116 uti
1344 2096 1432 2124 mage
1445 2085 1553 2115 tulius.
1570 2082 1672 2116 Quod

219 2134 261 2154 ex
278 2127 411 2164 scripu.-
439 2127 707 2156 ssersmannianis
726 2128 755 2156 in
775 2137 834 2156 ora
851 2128 976 2158 codicis
993 2130 1043 2158 sui
1057 2129 1243 2159 annotavit.
1258 2129 1370 2158 Heius.
1396 2129 1511 2164 Forte,
1531 2136 1590 2157 non
1603 2128 1672 2164 peto

220 2166 288 2205 (vel
299 2170 384 2206 pete)
394 2177 450 2205 quo
462 2168 533 2197 bene
549 2169 602 2203 sit,
616 2170 722 2198 seduci
737 2169 810 2198 mihi
827 2171 925 2198 tutius
939 2180 948 2199 .-
961 2180 1018 2208 quo
1035 2180 1095 2209 pro
1106 2174 1139 2200 ut
1153 2172 1281 2200 centies
1298 2169 1387 2209 apud
1403 2170 1573 2200 Nasonem
1588 2177 1596 2196 :
1612 2175 1672 2195 uon

217 2211 302 2246 potes
322 2209 384 2238 Ms.
402 2209 530 2239 Bersm.
554 2210 773 2239 sturm—108
800 2211 863 2238 M».
895 2210 1022 2241 Rei-sm.
1047 2217 1082 2241 et
1107 2212 1194 2240 Mor.
1218 2221 1282 2242 cns.
1310 2212 1511 2241 Geta—109
1534 2207 1672 2239 Subeant

221 2249 342 2280 Heius.
356 2250 451 2280 dedit
468 2260 509 2280 ex
523 2260 589 2280 uno
606 2251 671 2280 Ha.
683 2260 743 2289 pro
755 2252 842 2286 vulg.
854 2251 999 2288 subcum,·
1013 2257 1048 2282 ut
1060 2251 1101 2281 ad
1116 2251 1153 2281 τὸ
1167 2262 1232 2282 ossa
1245 2251 1530 2282 reseratum—113
1543 2249 1671 2288 Aliquid

221 2300 264 2321 ex
292 2291 372 2332 Arg.
399 2297 433 2323 et
462 2302 527 2323 uuo
553 2293 595 2323 V.
623 2293 737 2332 placet
763 2292 882 2322 Heius.
912 2303 979 2332 prae
1003 2294 1092 2333 vulg.
1108 2294 1335 2333 aliquis—11¹4
1360 2293 1400 2323 In
1419 2292 1563 2333 vulgatis
1583 2292 1670 2322 Terr.

883 2382 1020 2413 NOTAE

264 2453 326 2483 103
351 2451 520 2492 Sensimus]
567 2451 702 2492 Quippe
727 2452 783 2492 qui
813 2451 918 2481 vitam
1018 2453 1080 2482 Pro
1097 2452 1255 2492 lacrymis]
1286 2451 1361 2482 Hoc
1390 2456 1454 2490 est,
1482 2451 1671 2490 lacrymosa

221 2503 463 2542 acceperimus,
480 2512 556 2533 cum
573 2512 631 2532 nos
655 2503 823 2543 potuisset
844 2511 917 2541 per-
973 2506 1008 2532 et
1025 2502 1146 2531 misera
1164 2501 1369 2531 conditione.

224 2552 315 2583 dere.
1017 2555 1077 2582 107
1104 2551 1255 2589 Numina]
1281 2549 1425 2589 Augusti
1446 2548 1649 2589 praesertim.

266 2604 327 2632 104
349 2603 475 2644 Judice]
521 2602 688 2642 Augusto,
714 2601 786 2632 scil.
824 2600 920 2640 Cum,
1017 2604 1077 2631 112
1102 2600 1255 2640 Bistonii]
1305 2601 1373 2630 Pro
1403 2600 1526 2630 Getico
1561 2597 1671 2638 posuit

224 2650 346 2691 inquit,
371 2652 426 2682 ille
452 2653 494 2683 sit
523 2658 590 2684 tam
614 2651 704 2683 mitis
731 2654 833 2692 atque
852 2649 922 2691 pla·
972 2650 1161 2682 Bistonium
1182 2659 1238 2679 seu
1261 2649 1461 2687 Tiwacium3
1483 2645 1670 2689 1111111,εοίΙί-

223 2700 332 2732 cidus.
975 2703 1042 2739 cet,
1070 2698 1227 2729 Bistones
1247 2697 1403 2730 Thraciae
1428 2696 1546 2739 populi
1570 2694 1669 2727 Getis
