1877 3193
244 148 358 190 2752
732 159 770 187 P.
803 157 960 187 ovmu
994 156 1206 187 NASONIS

248 254 424 308 Quique
444 265 569 295 suam
587 251 816 301 Troezena,
834 250 1224 305 imperfectumque
1241 251 1406 293 dierum
1639 251 1695 291 15

303 321 508 362 Deseruit
527 320 652 361 celeri
673 323 811 360 morte
830 318 1021 359 Sabinus
1043 331 1173 372 opus.

248 387 502 441 Ingeniique
522 387 588 428 sui
610 386 752 427 dictus
772 385 1027 438 cognomine
1050 385 1231 439 Largus,

302 456 480 497 Gallica
502 455 577 508 qui
605 454 837 507 Phrygium
859 453 985 494 duxit
1004 453 1048 493 in
1069 466 1174 495 arva
1193 466 1353 494 senem.

249 523 426 576 Quique
447 522 564 562 canit
584 520 790 560 domitam
811 519 1068 560 Camerinus
1090 520 1146 560 ab
1169 519 1364 561 Hercule
1386 518 1590 574 Trojam;

305 590 480 643 Quique
503 602 581 629 sua
602 601 757 628 nomen
780 586 981 640 Phyllide
1001 586 1173 627 Tuscus
1193 586 1339 629 habet.

246 658 528 709 Velivolique
549 656 678 695 maris
698 658 836 702 vates,
865 652 936 692 cui
957 653 1132 693 credere
1153 654 1300 706 possis

305 723 509 764 Carmina
531 721 745 762 coeruleos
764 719 1071 772 composuisse
1095 719 1230 760 Deos.

1641 585 1698 627 20

248 844 301 884 qui
315 843 439 883 reliquit
454 852 540 872 suam
567 842 720 879 Troezena,
739 845 769 871 et
783 850 857 880 opus
864 840 1021 878 fastorum
1048 838 1258 878 imperfectum
1277 842 1373 869 morte
1397 838 1582 869 accelerata:
1604 841 1635 869 et
1651 848 1702 869 no-

247 886 384 917 minatus
398 885 522 923 Largus
537 885 714 923 cognomine
733 884 853 921 ingenii
869 883 928 919 sui,
946 883 999 923 qui
1014 882 1105 912 duxit
1121 891 1223 912 senem
1247 881 1422 920 Phrygium
1438 881 1470 911 in
1485 890 1605 921 campos
1623 882 1702 911 Gul-

246 928 341 958 ticos.-
365 931 394 958 ει
414 927 596 958 Camerinus
612 927 662 966 qui
677 929 782 956 cantat
811 926 935 963 Trojam
959 928 1079 964 captum
1105 923 1142 954 ab
1168 924 1328 959 Hercule;
1350 927 1381 954 et
1399 923 1512 953 Tuscus
1534 923 1586 962 qui
1611 923 1701 958 habet

239 970 362 1007 firmam
377 980 396 1000 a
414 969 556 1011 Phyllide
567 979 631 1000 sua.
677 970 779 1008 Atque
798 968 895 999 Poeta
912 967 1009 998 muris
1025 966 1156 1005 υείἱυοῑί,
1168 966 1216 996 cui
1225 966 1324 1006 possis
1333 966 1454 996 credere
1465 965 1549 996 Deos
1559 966 1702 1000 coeruleos

858 1051 895 1062 eo
901 1049 1094 1062 ’,καθορῶσι

248 1108 379 1139 Bet-sm.
401 1107 472 1146 jam
492 1115 590 1144 genus
613 1106 745 1136 z’ll.——-14
768 1105 836 1135 Pro
852 1114 930 1135 soevo
955 1104 1086 1135 Thuan.
1114 1113 1203 1140 sero,·
1226 1107 1261 1133 et
1292 1102 1394 1133 Barb.
1421 1102 1607 1133 dubim—15
1632 1101 1702 1133 Pro

252 1151 407 1187 Troezena,
427 1150 550 1180 Troezen
566 1153 640 1179 erat
656 1148 687 1178 in
706 1148 819 1178 multis
836 1147 957 1178 editis:
981 1148 990 1162 ⁴
1011 1146 1170 1177 Crozimen
1184 1146 1237 1176 vel
1257 1146 1377 1176 Trisum
1392 1145 1540 1175 Combii:
1562 1144 1704 1175 Trocrem

251 1193 305 1223 vel
322 1193 435 1223 Troien
453 1190 614 1222 Arundel.
638 1190 714 1228 duo,
741 1190 884 1220 Troadem
904 1195 982 1225 tres,
1012 1189 1175 1219 Trezenem
1192 1188 1262 1226 alii,
1286 1188 1425 1224 Trmnen,
1448 1187 1597 1226 Troicem,
1616 1186 1704 1217 Troi-

250 1245 325 1272 zem,
341 1235 495 1271 Timeson,
513 1234 661 1263 Tumesen
678 1237 712 1261 et
729 1232 863 1261 similia:
891 1241 932 1261 an
958 1229 1124 1270 Tymelen?
1147 1231 1267 1270 opinor
1289 1236 1382 1260 certe
1409 1239 1529 1259 nomen
1547 1229 1668 1270 puellae
1684 1237 1705 1259 a

248 1277 374 1307 Sabino
391 1275 582 1306 decantatae
598 1275 652 1304 hic
669 1275 800 1304 latere!
826 1273 937 1303 Heius.
985 1273 1109 1311 Trojam
1136 1273 1234 1311 prim.
1260 1272 1349 1302 Edit.
1370 1272 1493 1302 Traecen
1516 1272 1556 1303 P.
1574 1272 1704 1302 Dan.—

251 1321 291 1348 17
316 1317 410 1348 Editi
438 1316 571 1356 quidam
599 1316 673 1346 dict.
701 1317 738 1345 de
758 1316 877 1345 nomine
903 1315 1030 1344 L.——18
1060 1314 1122 1344 Alii
1146 1314 1230 1344 ducit
1255 1314 1518 1352 prochain-19
1542 1314 1703 1343 Domitam

249 1360 369 1390 multi:
394 1359 469 1390 Pol.
487 1362 522 1389 et
538 1362 606 1389 tres
623 1358 678 1388 alii
700 1356 1033 1395 dmnitam...Hercule,
1057 1355 1145 1395 quod
1171 1364 1287 1385 verum
1316 1354 1434 1385 Heius.
1465 1359 1585 1394 putat:
1611 1355 1703 1393 vulg.

249 1401 634 1434 domito...Hectore.—20
658 1399 727 1430 Pro
758 1400 872 1429 Tuscus
897 1398 1014 1429 Heins.
1042 1398 1131 1438 conj.
1160 1397 1296 1428 Fuscus:
1318 1397 1385 1427 Ms-
1413 1397 1541 1427 Bersm.
1565 1396 1703 1427 exhibet

906 1494 1047 1526 NOTAE

249 1561 319 1602 lige
345 1560 401 1602 qui
415 1559 568 1600 epistolis
581 1569 600 1590 a
610 1558 748 1590 Na=one
761 1557 951 1589 Heroidum

252 1611 353 1642 titulo
377 1610 512 1650 scriptis
531 1609 753 1649 ‘respondisse
781 1618 801 1639 a
826 1607 951 1639 Sabino

253 1659 439 1700 finguntur.

296 1713 335 1741 14
351 1709 436 1749 Duo]
458 1710 579 1740 Lustra
595 1709 716 1740 iterum
733 1709 880 1750 quinque
897 1718 953 1739 an-

253 1769 370 1792 norum
393 1758 478 1790 facit
502 1759 758 1799 completorum,
774 1768 849 1799 quae
873 1767 953 1798 qua-

254 1814 331 1841 tuor
347 1813 477 1841 tantum
501 1809 663 1840 inclusive
680 1809 953 1850 complecteban-

256 1864 324 1899 tur,
353 1860 396 1891 ob
424 1860 591 1890 rationem
618 1859 650 1889 in
679 1859 953 1899 praecedentibus

254 1910 403 1940 allatam.
449 1910 518 1940 Per
533 1909 651 1940 decem
678 1919 821 1951 namque
849 1920 953 1941 annos

256 1963 348 1992 terra
362 1960 515 2001 marique
534 1960 705 2000 jactatum
726 1960 872 2001 Ulyssen
896 1970 953 1992 no-

255 2014 325 2041 tum
342 2010 507 2042 omnibus.

299 2063 337 2090 15
363 2059 523 2100 Troezena]
547 2059 676 2091 Amicae
702 2060 809 2091 hocne
832 2069 954 2091 nomen

255 2108 360 2140 fuerit
391 2110 590 2150 cujuspiam,
618 2120 659 2140 an
688 2110 801 2150 potius
829 2110 953 2150 operis,

256 2157 431 2196 tragoediae
449 2164 545 2198 puta,
560 2161 624 2190 ἃς.
641 2169 707 2190 non
724 2159 840 2199 liquet.
886 2158 953 2189 Im-

257 2205 449 2246 perfectum
480 2208 655 2248 reliquisse
692 2209 854 2238 Sabinum
882 2207 953 2239 fato

257 2261 470 2296 praeventum
497 2261 642 2287 testatur
672 2258 781 2288 Naso:
821 2267 862 2288 ex
888 2267 954 2297 quo

258 2306 382 2346 aliquid
400 2306 508 2346 majus
523 2315 597 2336 esse
611 2306 693 2337 satis
709 2306 921 2345 intelligitur.

303 2358 342 2386 17
359 2356 496 2397 Largus]
512 2355 589 2394 Hic,
602 2356 643 2386 ab
660 2355 784 2397 ingenii
798 2356 955 2386 ubertate

259 2406 528 2445 cognominatus,
544 2405 728 2436 Antenoris
743 2405 882 2445 Trojani
898 2404 954 2435 ad-

260 2459 397 2486 ventum
426 2455 458 2485 in
495 2455 640 2486 Galliam
669 2455 870 2495 Cisalpinam
899 2455 955 2485 ubi

261 2505 441 2536 Patavium
454 2505 618 2546 condidit,
628 2505 776 2537 carmine
790 2506 957 2546 complex-

260 2565 298 2586 us
315 2560 379 2587 est.

304 2608 343 2636 18
371 2605 558 2646 Phrygium]
580 2606 772 2647 Trojanum.
808 2605 957 2636 Anteno-

263 2664 345 2693 rem,
368 2656 475 2687 scilic.
502 2664 545 2686 ex
569 2656 722 2696 Trojanis
740 2655 957 2696 Principibus

263 2714 376 2745 unum,
405 2705 463 2746 qui
501 2706 702 2746 proditionis
734 2705 958 2747 suspicionem

1008 1557 1096 1598 apud
1113 1557 1234 1588 multos
1250 1566 1314 1587 non
1329 1554 1460 1596 effugit.

1051 1607 1171 1648 Duxit]
1194 1607 1284 1641 Quia
1311 1607 1354 1638 de
1380 1616 1420 1637 eo
1447 1605 1618 1637 Antenore
1633 1615 1706 1638 car-

1006 1668 1084 1690 men
1101 1659 1303 1698 composuit.

1052 1712 1092 1740 19
1118 1708 1315 1748 Camerinus]
1346 1708 1510 1740 Quisnam
1525 1707 1581 1738 hic
1601 1705 1707 1739 fuerit

1007 1761 1141 1792 aliunde
1156 1770 1221 1791 non
1237 1760 1463 1800 cognoscitur.

1051 1812 1201 1852 Hercule]
1244 1809 1484 1841 Laomedontis
1509 1807 1599 1839 enim
1627 1809 1708 1839 Tro-

1002 1862 1159 1902 janorum
1205 1861 1294 1900 regis
1334 1865 1500 1900 tempore,
1538 1858 1705 1889 Hercules

1007 1911 1140 1950 Trojam
1169 1919 1228 1940 seu
1247 1910 1358 1948 Ilium,
1375 1912 1428 1939 51.
1454 1911 1530 1938 ante
1553 1906 1707 1938 ultimum

1009 1960 1178 1991 excidium
1195 1968 1294 1998 anno,
1311 1961 1580 1999 expugnaverat.

1051 2014 1091 2041 20
1106 2010 1264 2050 Phyllide]
1280 2008 1443 2039 Amicane
1457 2007 1561 2038 fuerit
1575 2004 1707 2045 Poetae,

1010 2069 1051 2090 an
1069 2059 1199 2100 Phyllis
1213 2059 1272 2089 illa
1283 2058 1429 2098 Lycurgi
1440 2058 1605 2087 Thracum
1620 2055 1708 2096 regis

1008 2109 1089 2148 filia,
1105 2119 1177 2149 quae
1195 2109 1284 2149 patri
1311 2109 1343 2138 in
1372 2117 1511 2147 regnum
1529 2105 1709 2137 admodum

1009 2161 1119 2200 puella
1135 2160 1314 2193 successit,
1327 2158 1527 2195 artibigitur3
1543 2155 1707 2196 siquidem

1009 2221 1075 2241 non
1092 2219 1226 2241 carmen
1244 2213 1375 2239 tantum
1392 2207 1450 2237 sed
1467 2206 1585 2236 Poe'tae
1602 2204 1707 2244 ipsius

1007 2260 1127 2290 Thusci
1145 2268 1263 2288 nomen
1283 2256 1524 2296 propemodum
1542 2252 1694 2292 perierit.

1050 2311 1089 2337 21
1121 2307 1264 2346 Velit-oli]
1295 2306 1362 2335 Per
1388 2304 1475 2344 quod
1503 2303 1584 2332 velis
1611 2302 1707 2343 quasi

1009 2357 1151 2386 volatur.

1056 2404 1162 2443 Vates]
1193 2404 1232 2434 P.
1249 2402 1430 2433 Terentius
1452 2403 1561 2432 Varro
1574 2401 1704 2432 estssAt-

1010 2453 1152 2490 tacinus,
1181 2462 1279 2492 quem
1305 2452 1394 2482 inter
1414 2452 1545 2491 Satyrae
1572 2450 1707 2491 peritis-

1010 2504 1108 2534 simos
1125 2504 1306 2541 scriptores
1323 2502 1402 2533 Fab.
1415 2501 1642 2534 Quintilianus
1654 2511 1706 2532 re-

1011 2557 1135 2584 censet.
1146 2553 1278 2582 l'ra‘ter
1287 2556 1414 2591 cetera,
1424 2550 1654 2590 Argonautica
1664 2559 1705 2581 ex

1013 2602 1193 2643 Apollonio
1205 2601 1336 2631 Rhodio
1352 2602 1512 2642 pleraque
1528 2600 1675 2641 scripsit.

1054 2655 1094 2683 22
1121 2651 1287 2691 Coeruleos]
1310 2651 1472 2682 Marinos.

1056 2703 1262 2743 Composuisse
1291 2701 1390 2741 Deos]
1434 2701 1526 2733 Hinc
1555 2699 1704 2740 adeoque
