1863 3193
231 126 345 168 2256
724 136 767 166 P.
800 134 956 166 ovmn
992 134 1204 166 NAsouis

1667 230 1685 239 -r

232 232 337 280 Aut,
357 235 592 286 postquam
612 231 821 272 bimarem
845 243 972 271 cursu
996 229 1299 282 superavimus
1320 228 1516 270 Isthmon
1534 243 1545 280 ;
1662 241 1690 269 ο

291 300 528 353 Alteraque
551 304 615 339 est
636 304 796 339 nostrae
818 304 962 339 sumta
979 299 1127 339 carina
1146 297 1274 346 fugae.

236 366 367 416 Quod
387 368 569 407 facerem
593 380 747 407 versus
767 368 876 406 inter
895 366 986 406 fera
1004 378 1224 406 murmura
1243 365 1382 418 ponti,

292 433 509 488 Cycladas
532 435 693 486 AEgeas
714 435 993 487 obstupuisse
1023 438 1144 486 puto.

237 502 345 556 Ipse
366 515 447 553 ego
470 514 583 541 nunc
603 503 748 551 miror,
772 502 904 542 tantis
925 502 1144 553 animique
1165 499 1386 552 marisque

300 569 525 609 Fluctibus
546 570 766 621 ingenium
781 582 865 609 non
887 568 1100 610 cecidisse
1120 580 1277 608 meum.

238 637 325 677 Seu
345 641 500 690 stupor
518 637 620 677 huic
643 635 807 685 studio,
831 637 925 676 sive
947 641 1015 676 est
1035 635 1207 675 insania
1223 645 1405 684 nomen3

298 703 451 743 Omnis
472 705 526 743 ab
547 704 629 744 hac
652 716 755 744 cura
775 716 897 743 mens
919 703 1111 743 relevata
1130 714 1230 742 mea
1252 704 1332 741 est.

240 770 369 823 Saepe
391 782 473 821 ego
493 770 702 810 nimbosis
723 770 885 810 dubius
899 770 1106 822 jactabar
1128 769 1183 808 ab
1204 767 1390 808 Haedis:

295 836 428 890 Saepe
450 838 597 877 minax
616 837 824 890 Steropes
845 836 986 876 sidere
1008 839 1170 888 pontus
1192 838 1308 875 erat:

1639 567 1694 608 10

237 951 308 987 gidi
325 949 504 982 Decembris
526 950 560 980 in
575 949 685 981 mediis
699 950 806 990 aquis:
829 951 878 981 τρὶ
890 953 1052 991 postquam
1067 951 1213 981 evicimus
1226 959 1315 980 cursu
1331 949 1469 981 Isthmon
1484 949 1643 985 bimarem.
1668 952 1698 980 et

240 994 339 1023 ultera
355 993 442 1023 navis
458 997 549 1032 capta
575 995 619 1022 est
647 993 679 1023 in
706 996 842 1023 nostrum
865 993 1007 1024 exilium.
1053 993 1203 1024 Arbitror
1221 993 1376 1033 Cycladas
1398 993 1525 1031 AEgoeus
1550 994 1699 1023 attonitus

232 1035 346 1071 fuisse,
372 1037 451 1074 quod
465 1034 629 1065 scriberem
644 1034 780 1065 carmina
803 1036 886 1065 iuter
909 1046 1005 1066 seez-os
1028 1036 1168 1074 mugitus
1191 1037 1296 1065 maris.
1342 1035 1413 1074 Ipse
1428 1046 1484 1071 ego
1499 1045 1577 1065 nunc
1593 1036 1701 1070 mir-ur,

240 1078 400 1116 ingenium
427 1086 527 1107 meum
551 1087 610 1107 non
635 1077 752 1116 lapsum
768 1087 830 1107 esse
847 1078 944 1107 tantis
968 1078 1060 1108 undis
1085 1078 1197 1108 mentis
1222 1081 1253 1107 et
1278 1078 1386 1107 maris.
1431 1076 1492 1107 Seu
1517 1080 1623 1117 stupor
1648 1086 1698 1106 seu

241 1119 365 1149 vesania
381 1126 434 1149 est
450 1129 557 1149 nomen
573 1118 643 1149 huic
658 1129 751 1156 curoe,
776 1122 842 1148 tota
866 1129 931 1149 mea
955 1129 1038 1149 mens
1061 1123 1105 1150 est
1132 1123 1305 1149 sustentata
1321 1119 1359 1149 ub
1385 1119 1440 1149 hoc
1455 1119 1566 1149 studio.
1611 1118 1701 1157 Sape

242 1171 297 1200 ego
313 1161 472 1201 trepidans
484 1160 630 1200 agitabar
649 1160 686 1191 ab
702 1162 812 1192 Hoedis
827 1161 1017 1200 imbriferis:
1039 1171 1119 1201 scepe
1130 1171 1213 1192 mare
1225 1165 1293 1191 erat
1308 1162 1415 1191 minax
1429 1162 1518 1191 stella
1534 1160 1678 1201 Steropes
1690 1172 1699 1190 .-

853 1244 1084 1255 mmet-e

244 1291 483 1323 Decembri.——5
510 1292 611 1322 Muui
629 1292 705 1322 libri
722 1292 793 1323 bim.
817 1303 888 1324 casu
900 1296 1120 1333 superam—7.
1135 1295 1154 1324 8
1178 1292 1246 1324 Pro
1265 1292 1353 1328 Quod
1383 1293 1392 1309 ‘
1410 1293 1496 1323 malo
1513 1293 1609 1332 quid;
1632 1298 1666 1323 et
1683 1302 1702 1324 a

243 1335 310 1365 tine
328 1334 555 1374 praecedentis
574 1334 738 1365 absolutae
767 1336 945 1366 sententiae
963 1341 1078 1366 notam
1106 1336 1248 1366 sustuli:
1273 1345 1348 1365 nam
1366 1335 1533 1366 distichon
1550 1336 1702 1375 superius

244 1386 385 1407 necesse
402 1382 452 1407 est
469 1380 506 1407 ut
529 1376 743 1416 intelligatur
761 1387 835 1408 cum
850 1379 912 1408 hoc
930 1379 1102 1409 coliaerere
1118 1389 1125 1408 z
1151 1378 1312 1409 nonnulla
1330 1387 1408 1408 saue
1433 1377 1521 1408 inest
1536 1377 1703 1408 ἀνακολου-

244 1419 320 1449 θεία.
348 1419 547 1458 Obstupuisse
559 1423 647 1459 puto,
664 1429 726 1459 pro
745 1419 1023 1460 Obstupuerunt,
1038 1425 1074 1451 ut
1092 1421 1197 1461 puto.y
1229 1422 1343 1451 Auctor
1362 1420 1493 1450 Elector.
1511 1421 1605 1450 Eton.
1630 1421 1700 1451 Pro

243 1471 401 1492 murmura
417 1461 505 1491 Edd.
526 1462 654 1501 Mycill.
670 1462 801 1501 G-ryph.
818 1467 852 1492 et
868 1463 1030 1494 vincent.
1047 1473 1185 1494 munera.
1210 1464 1372 1493 Francius
1391 1462 1527 1493 volebat
1543 1471 1622 1493 vers.
1638 1472 1699 1493 me-

244 1504 298 1533 ‹lia
310 1504 392 1533 inter
403 1507 579 1534 mamm—9
594 1504 689 1534 Unus
706 1504 825 1535 Heius.
854 1505 914 1544 lps.
933 1506 1044 1536 etenim
1057 1505 1127 1536 mir.
1138 1511 1173 1536 et
1189 1511 1333 1543 quatuor
1345 1505 1532 1535 etiam—ll
1548 1505 1615 1535 Hic
1629 1515 1702 1535 ver-

244 1556 299 1576 sus
316 1546 438 1584 legitur
456 1546 487 1574 iu
506 1547 644 1593 antiquo
662 1546 775 1586 lapide
790 1547 880 1586 apud
896 1547 1082 1579 Gruterum
1096 1558 1169 1588 pag.
1186 1551 1258 1578 638.
1275 1551 1304 1578 5.
1321 1548 1384 1578 hoc
1397 1546 1509 1586 modo,
1521 1547 1583 1577 Seu
1597 1551 1703 1587 stupor

246 1588 317 1618 huic
332 1588 433 1617 studio
448 1591 505 1626 est,
519 1589 582 1618 sive
598 1591 640 1618 est
654 1589 777 1619 insania
791 1599 917 1626 nomem
944 1591 1052 1621 Omnis
1064 1591 1101 1620 ab
1113 1592 1169 1621 hac
1184 1601 1258 1621 cura
1274 1600 1347 1620 cura
1363 1590 1464 1620 levata
1478 1599 1544 1620 ntea
1560 1589 1703 1621 est.1u

246 1630 375 1660 Mox-eti
392 1630 476 1660 libio
493 1640 528 1660 es
516 1635 557 1669 t,
569 1632 634 1661 sire
647 1631 717 1661 huic
735 1632 853 1662 insania
865 1642 985 1671 nomen,
998 1645 1015 1674 (ς
1010 1633 1086 1663 ·uod
1102 1633 1229 1671 placuit
1243 1633 1402 1670 Heinsi03
1426 1641 1490 1662 non
1508 1632 1602 1663 mihi:
1621 1642 1705 1662 meus

246 1682 264 1700 r
269 1671 653 1708 eletatafuit.Fr·1neof.
670 1673 718 1703 his
728 1677 757 1704 et
770 1674 806 1704 ab
819 1675 875 1704 linc
886 1685 959 1705 cura
972 1676 1068 1707 Leid.
1084 1676 1195 1706 Bmm.
1199 1678 1282 1706 —13
1299 1676 1363 1707 Qu·
1357 1680 1456 1706 ituor
1470 1674 1588 1715 scripti
1603 1679 1638 1705 et
1652 1684 1702 1712 pr.

249 1714 311 1746 Ed.
329 1724 377 1753 eg.
395 1715 545 1745 mendosis
558 1715 627 1746 dub.
652 1716 735 1745 Mox
759 1718 853 1747 Serv.
871 1717 1014 1755 jactatus
1028 1718 1065 1749 ab
1088 1718 1199 1749 undis:
1232 1723 1265 1749 et
1289 1717 1369 1749 Jun.
1387 1717 1424 1748 ab
1440 1717 1532 1748 horis.
1534 1719 1619 1749 -14
1635 1715 1705 1748 Ste-

903 1807 1045 1839 NOTAE

290 1887 306 1913 5
335 1883 486 1924 Isthmon]
509 1885 758 1916 Corinthiacum
777 1886 872 1925 dicit,
890 1886 947 1927 qui

250 1934 361 1972 ffigwo
371 1938 404 1964 et
420 1934 513 1965 Ionio
526 1937 609 1967 mari
624 1937 772 1968 alluitur.
798 1938 947 1969 Isthmus

248 1990 359 2013 autem
390 1984 513 2015 dicitur
543 1990 643 2017 terrae
678 1987 834 2028 angustia
861 1988 949 2019 inter

248 2033 315 2064 duo
333 2035 438 2065 maria
454 2041 639 2068 coarctata.

292 2087 310 2112 8
337 2085 502 2124 Cycladas]
535 2087 639 2124 AEgaei
669 2086 768 2115 maris
798 2091 874 2117 sunt
900 2087 948 2117 in-

249 2133 331 2162 sulae
346 2133 522 2163 duodecim
546 2134 578 2163 in
604 2135 718 2164 orbem
737 2136 877 2175 positae;
900 2136 949 2167 κύ-

250 2187 325 2212 κλος
343 2182 431 2212 enim
447 2183 530 2212 orbis
543 2188 605 2213 est.

296 2234 334 2261 10
359 2232 531 2271 Fluctibus]
558 2234 763 2264 percellitur
775 2245 855 2265 vero
875 2246 948 2275 gra-

251 2281 384 2311 vissime
412 2286 447 2311 et
474 2282 670 2313 distrahitur
695 2284 824 2315 animus
846 2287 948 2317 etiam

251 2340 361 2361 lerum
380 2332 592 2363 adversarum
611 2339 825 2373 tempestate.

296 2384 332 2412 11
363 2383 462 2422 Huic]
486 2383 648 2422 Poi²tico;
673 2385 715 2414 de
743 2395 807 2424 quo
831 2386 949 2417 Davus

251 2433 307 2463 ille
332 2432 539 2463 Horatianus
565 2433 606 2463 ad
636 2433 825 2473 11011111111111;
853 2438 861 2452 ‘
881 2434 949 2465 Aut

253 2482 374 2512 insanit
392 2482 500 2521 homo,
518 2487 575 2512 aut
590 2493 704 2513 versus
720 2483 825 2514 fucit)
850 2483 949 2514 Arbi-

254 2537 364 2562 tratur
381 2533 534 2563 nimirum
562 2534 733 2573 stupidum
759 2535 877 2574 vulgus
894 2535 948 2565 de-

254 2587 385 2612 mentes
402 2592 516 2613 omues
533 2593 586 2613 cos
602 2593 674 2614 esse
692 2585 859 2625 quijuxta
875 2596 949 2616 cum

255 2631 320 2660 illis
342 2633 382 2661 ad
405 2633 539 2662 easdem
565 2638 663 2664 tei-ruz
678 2634 781 2665 faeces
805 2635 950 2666 animum

255 2689 319 2710 11011
349 2679 545 2722 deuiittunt,
575 2692 736 2724 caecoque
764 2685 893 2725 impetu
918 2686 951 2716 in

1003 1887 1119 1919 brutas
1138 1888 1333 1928 voluptates
1347 1896 1411 1935 11011
1427 1884 1593 1917 feruntur.

1046 1941 1086 1969 12
1111 1938 1199 1977 Hac]
1234 1939 1343 1969 Quam
1374 1935 1521 1967 faciebat
1554 1936 1705 1968 exilium.

1002 1987 1123 2018 Studia
1137 1996 1218 2017 vero
1232 1987 1334 2017 etiam
1351 1985 1499 2016 adversis
1512 1985 1704 2027 perfugium

1002 2046 1041 2067 ae
1068 2036 1224 2066 solatium
1250 2035 1427 2076 praebent:
1452 2040 1490 2066 ut
1512 2036 1628 2067 docuit
1652 2037 1706 2068 Ci-

1003 2095 1094 2116 cero.
1119 2086 1227 2116 Immo
1242 2088 1314 2117 sine
1332 2086 1516 2126 illis,modo
1531 2097 1590 2118 suo
1603 2096 1704 2118 seusu

1004 2135 1188 2173 intelligas,
1219 2136 1387 2166 homiuem
1418 2146 1556 2168 necesse
1590 2142 1642 2168 est
1670 2138 1704 2168 iu

1004 2185 1148 2224 propriis
1174 2185 1317 2215 volutari
1335 2186 1447 2225 caveis,
1468 2186 1649 2225 obscoenis,
1663 2188 1706 2218 ir-

1004 2235 1178 2274 requietis,
1209 2240 1243 2264 et
1274 2235 1403 2265 miseris
1427 2236 1704 2276 cogitationibus,

1003 2283 1111 2314 donec
1139 2285 1180 2313 ad
1211 2284 1358 2314 Tartara
1383 2284 1597 2316 deturbetur.
1639 2286 1704 2316 Lu-

1003 2334 1092 2364 mine
1111 2334 1243 2364 omnino
1259 2344 1342 2373 opus
1361 2338 1411 2364 est
1435 2334 1496 2373 ini,
1519 2343 1627 2375 eoque
1645 2335 1703 2375 qui

1003 2393 1022 2414 a
1037 2383 1113 2414 Sole
1131 2388 1182 2414 est
1197 2384 1364 2421 Justitiae,
1378 2384 1525 2424 quisquis
1542 2383 1582 2414 ad
1608 2388 1706 2416 111101·-

1004 2443 1080 2465 nam
1097 2434 1198 2464 vitam
1217 2444 1391 2473 assurgere
1406 2435 1539 2465 nititur.
1577 2435 1704 2466 Verum

1004 2483 1076 2514 11ωο
1094 2484 1204 2514 omnia
1221 2484 1309 2523 apud
1334 2485 1513 2525 plerosque
1531 2485 1703 2525 1110ῒέ11111-

1005 2534 1045 2564 lis
1063 2535 1213 2566 veniunt.
1249 2535 1427 2566 eumerus
1440 2536 1542 2567 JEsus
1555 2541 1704 2568 mortuus

1004 2590 1055 2615 est
1072 2594 1130 2624 pro
1148 2585 1224 2615 illis.
1255 2585 1351 2615 Istud
1371 2586 1452 2616 satis
1470 2590 1540 2617 est:
1560 2596 1704 2627 namque

1005 2634 1143 2665 decreta
1168 2635 1232 2665 Dei
1259 2640 1336 2666 sunt
1363 2635 1597 2667 immutabilia.
1638 2635 1705 2666 Pe-

1007 2694 1087 2715 cora
1106 2695 1246 2725 quorum
1275 2694 1339 2715 11011
1363 2685 1531 2718 immerito
1550 2687 1622 2727 jani
1647 2685 1705 2716 diu
