1863 3193
649 212 893 244 TmS‘rmM
930 211 1026 242 ΜΒ.
1059 211 1110 241 ri.
1495 197 1610 243 2299

150 307 283 362 Saepe
304 307 424 350 velut
443 319 658 360 gemmam
681 308 874 351 dominae
897 308 1123 361 signumve
1142 304 1377 360 probaret3

210 375 295 416 Per
316 388 494 416 causam
513 375 711 416 meminit
732 389 779 416 se
802 377 1002 429 tetigisse
1023 387 1217 416 manum.

151 441 299 495 thue
320 442 461 491 refert,
483 441 631 494 digitis
652 455 775 497 saepe
796 446 863 484 est
882 446 1078 495 nutuque
1098 443 1290 491 locutus,

207 509 266 550 Et
286 510 465 551 tacitam
484 522 650 551 mensae
673 511 801 551 duxit
819 511 862 550 in
882 510 986 550 orbe
1006 513 1173 549 notam.

151 575 208 618 Et
229 578 387 630 quibus
407 591 431 618 e
452 578 603 618 succis
621 578 748 618 abeat
768 578 822 618 de
844 589 1025 630 corpore
1044 576 1173 626 livor,

208 644 430 697 Impresso
450 644 542 684 fieri
564 645 641 698 qui
664 645 776 685 solet
797 658 885 694 ore,
908 644 1052 685 docet.

152 710 353 764 Denique
373 712 427 751 ab
448 711 628 752 incauto
650 712 835 752 nimium
856 711 965 765 petit
984 711 1056 751 ille
1077 709 1251 759 marito,

207 777 265 818 Se
288 791 460 832 quoque
482 780 548 819 uti
569 783 731 830 servet3
763 782 920 833 peccet
940 783 990 818 ut
1009 778 1086 819 illa
1110 777 1267 817 minus.

152 844 246 886 Scit
267 846 340 886 cui
361 846 551 895 latretur,
576 860 675 887 cum
696 846 818 886 solus
840 845 1092 886 obambulat
1111 843 1181 884 ille
1200 857 1210 884 :

207 911 298 953 Cur
319 914 446 954 toties
467 914 646 954 clausas
669 917 867 953 exscreet
887 916 984 952 ante
1005 912 1136 951 fores.

1525 573 1612 613 455

1527 909 1613 950 460

151 1040 269 1072 Scribit
284 1051 316 1072 se
329 1041 469 1081 tetigisse
484 1051 606 1073 manum
620 1042 751 1073 domina>
764 1051 819 1082 per
833 1051 965 1078 causam,
980 1039 1069 1080 quan·
1083 1041 1222 1071 laudaret
1234 1049 1386 1078 gemmam
1403 1041 1456 1069 aut
1474 1038 1615 1077 sigilIum

152 1083 233 1122 ejus.
281 1085 338 1122 Et,
364 1088 397 1114 ut
413 1089 572 1123 memorat,
596 1095 675 1124 serpe
691 1089 734 1115 est
757 1086 874 1115 locatus
889 1084 1000 1121 digitis
1024 1087 1053 1112 et
1081 1087 1169 1118 nutu,
1194 1087 1223 1112 et
1240 1083 1331 1112 eluxit
1353 1082 1502 1112 indicium
1517 1090 1615 1111 secre-

153 1127 260 1156 tumin
279 1126 349 1156 orbe
364 1136 486 1157 mensae.
533 1129 633 1166 Atque
661 1128 776 1157 indicat
801 1137 840 1157 ex
866 1127 974 1165 quibus
999 1125 1095 1155 succis
1119 1125 1210 1161 livor,
1233 1124 1284 1164 qui
1308 1123 1548 1164 consuevitfierz'
1563 1131 1616 1154 ore

153 1169 310 1207 impresso,
336 1171 465 1200 excedat
481 1179 522 1200 ex
535 1179 669 1208 corpore.
716 1169 856 1207 Denique
872 1169 924 1198 ille
947 1167 1045 1206 poscit
1061 1167 1209 1196 maritum
1234 1167 1327 1196 nimis
1343 1167 1555 1206 improvidum,
1579 1169 1614 1195 ut

151 1211 303 1241 custodiat
318 1221 349 1240 se
364 1221 493 1251 quoque,
509 1216 543 1241 ut
558 1212 610 1241 ιἸΙα
626 1212 725 1240 mimas
739 1213 851 1249 peccet.
898 1209 995 1240 Novit
1011 1209 1059 1239 cui
1075 1210 1220 1245 latretur,
1245 1219 1313 1238 cum
1328 1208 1393 1248 ipse
1408 1209 1490 1238 sobus
1506 1217 1615 1246 exspa-

152 1254 260 1292 tiatur,
283 1263 337 1283 cur
353 1254 444 1283 toties
466 1257 596 1293 exspuat
619 1256 690 1283 aule
705 1253 837 1291 januam
858 1251 1039 1282 obseratam.
1084 1254 1186 1291 Atque
1208 1251 1326 1292 proebet
1350 1251 1616 1290 multapraecepta

760 1351 993 1362 “mmmm

151 1416 239 1447 vium
256 1427 298 1448 ex
316 1429 374 1450 suo
391 1419 478 1451 libro
493 1419 629 1460 legisse,
659 1419 778 1450 Fallere
793 1419 948 1449 custodem
963 1418 1115 1448 dominam
1140 1415 1420 1456 docuissesutelur‚
1435 1419 1616 1446 notaverat

152 1459 337 1492 Heinsius:
363 1472 428 1493 non
446 1463 546 1493 male.
591 1462 658 1493 Sed
685 1462 762 1502 quia
786 1461 942 1501 sequenti
968 1461 1112 1491 disticho
1136 1461 1259 1490 iterum
1287 1459 1419 1489 dominae
1445 1459 1613 1499 sequitur,

151 1511 216 1533 non
231 1505 357 1535 accedo
372 1516 379 1535 ς
405 1507 528 1536 tandem
544 1505 654 1536 Palat.
673 1510 706 1535 ct
724 1510 792 1534 tres
810 1504 887 1534 alii:
912 1501 1003 1533 forte
1028 1502 1178 1542 scripsit,
1194 1501 1310 1538 fallere
1325 1502 1478 1531 custodem
1493 1502 1616 1531 demens

150 1546 437 1584 docuisse-tutetur:
461 1553 498 1578 ut
512 1557 557 1578 11.
573 1547 687 1578 Amor.
702 1556 750 1577 xv.
769 1550 798 1577 4.
823 1549 831 1562 ⁶
850 1545 890 1576 In
909 1555 981 1575 mea
997 1555 1085 1576 nunc
1099 1545 1239 1575 demens
1256 1544 1395 1574 crimina
1413 1542 1523 1573 fassus
1537 1553 1577 1573 eo
1596 1544 1616 1573 ;’

151 1587 213 1618 hoc
245 1590 364 1620 saltem
394 1590 526 1621 mollius
554 1596 606 1620 est
638 1599 739 1630 quam
775 1598 850 1619 cum
891 1588 961 1618 viro
989 1588 1090 1618 docto
1118 1587 1151 1617 in
1177 1587 1352 1627 Supplem.
1381 1586 1501 1616 Actor.
1522 1586 1615 1626 Lips.

153 1635 234 1661 tom.
254 1640 304 1662 vr.
327 1632 419 1664 Sect.
444 1642 483 1663 11.
511 1643 544 1673 p.
561 1636 611 1663 79.
635 1633 763 1672 legere,
789 1631 912 1662 Fallere
928 1631 1083 1660 custodem
1100 1639 1130 1659 se
1146 1629 1337 1659 condocuisse
1346 1627 1483 1665 fatetur.
1508 1628 1615 1668 Cujus

155 1673 249 1703 verbi
269 1683 380 1714 neque
394 1675 426 1705 in
443 1675 579 1706 Tibullo
597 1680 692 1706 extat
708 1674 902 1713 vestigium,
919 1683 1027 1714 neque
1041 1673 1169 1703 Nasoni
1185 1672 1354 1712 placuisse
1372 1676 1466 1711 puto.
1492 1670 1616 1701 Posset

155 1719 201 1750 et,
216 1714 362 1754 primum,
384 1718 439 1748 vel
464 1717 586 1758 primus
609 1718 766 1748 docuisse.-
790 1717 847 1746 lias
875 1717 962 1746 enim
981 1725 1080 1746 voves
1109 1725 1201 1755 saepe
1219 1713 1449 1745 confuderunt
1465 1712 1617 1744 librarii.’

154 1756 371 1802 Rarum—451
399 1760 569 1799 Signumre
586 1770 701 1791 omnes
719 1759 791 1790 fere
810 1759 928 1799 scripti
944 1769 952 1796 ;
978 1759 1033 1789 alii
1059 1758 1384 1797 scriptumque—455
1409 1756 1504 1787 Unus
1521 1755 1615 1787 Med.

147 1799 233 1834 sucis
249 1808 310 1839 pro
326 1803 432 1833 succis.
459 1803 575 1833 Heius.
592 1804 709 1833 mallet
737 1804 778 1833 Et
806 1802 888 1842 quib.
904 1802 930 1832 is
946 1801 1161 1832 succis.—457
1186 1800 1245 1830 Ille
1261 1799 1383 1830 Heius.
1403 1799 1554 1838 reposuit
1574 1808 1618 1829 ex

156 1850 221 1871 uno
237 1842 279 1872 V.
297 1852 358 1882 pro
373 1845 466 1884 vulg.
483 1845 655 1876 illm—459
680 1845 749 1875 Pro
771 1846 820 1874 cui
839 1844 956 1875 Heius.
974 1844 1062 1884 conj.
1079 1843 1131 1883 qui
1143 1854 1153 1873 :
1175 1852 1252 1873 mox
1270 1842 1368 1872 multi
1386 1841 1542 1872 scribunt
1557 1842 1615 1872 sol.

154 1883 335 1915 obambulet.
359 1886 443 1916 Tum
458 1886 509 1916 ille
525 1886 642 1917 Burin.
659 1887 790 1926 recepit
806 1895 847 1916 ex
865 1896 916 1926 pr.
942 1887 985 1917 V.
1013 1892 1048 1916 et
1066 1887 1196 1916 Bersm.
1214 1885 1278 1915 Ed.
1298 1894 1359 1923 pro
1377 1884 1467 1922 vulg.
1495 1883 1615 1922 ipse.—

154 1928 216 1956 460
242 1927 307 1958 Cur
321 1937 384 1968 pro
404 1929 463 1958 Cui
478 1929 657 1968 legendum
674 1928 791 1959 docuit
809 1929 1086 1969 Scaligerjunior
1102 1938 1109 1958 ι
1134 1929 1182 1958 sic
1200 1927 1302 1957 etiam
1322 1926 1392 1956 Ma.
1411 1930 1446 1955 et
1462 1924 1616 1955 nonnulli

811 2033 955 2065 NOTAE

911 2119 997 2150 livor
1027 2118 1151 2156 abiret,
1189 2119 1299 2150 Quem
1337 2115 1418 2148 facit
1455 2116 1616 2157 impresso

911 2174 1028 2200 mutua
1042 2168 1149 2199 dente
1164 2168 1305 2199 Venus?

156 2123 229 2150 est:
254 2118 310 2150 Sic
327 2118 433 2150 etiam
446 2119 488 2150 de
501 2129 554 2150 me
569 2123 738 2160 pernegat
750 2128 857 2160 usque

155 2168 252 2200 vir0.’

196 2221 260 2249 449
293 2218 473 2258 Custodem]
519 2219 582 2250 Cui
619 2219 742 2259 pueliae
776 2228 858 2249 cura

155 2270 299 2302 credita.

195 2323 258 2352 450
281 2321 404 2361 Premi]
434 2321 502 2354 Qui
518 2320 656 2352 fallatur
668 2321 783 2352 etiam.

196 2375 258 2403 452
283 2372 348 2402 Per
367 2372 506 2412 causam]
530 2371 703 2412 Siquidem
721 2380 856 2401 manum

155 2425 324 2463 tangeret,
348 2432 490 2462 gemmae
514 2426 572 2453 aut
596 2421 696 2462 sigini
721 2421 857 2462 inspici·

157 2471 233 2502 endi
246 2482 359 2503 causa.

197 2523 259 2552 454
288 2521 420 2561 Natam]
462 2521 616 2552 Diducta
646 2521 714 2552 vini
747 2525 856 2561 gutta,

157 2568 254 2599 sicuti
265 2571 297 2600 in
310 2571 487 2602 Amoribus
501 2572 656 2603 vidimus.
672 2572 858 2603 Adeundus

159 2628 241 2649 vero
265 2624 318 2650 est
331 2621 495 2660 Tibullus,
513 2622 602 2662 apud
621 2632 721 2663 quem
746 2621 858 2652 omnia

158 2669 230 2700 haec
249 2668 400 2699 invenias
417 2671 459 2701 de
476 2672 594 2711 quibus
612 2672 680 2713 agit
698 2672 803 2703 Naso.

202 2722 263 2751 455
285 2720 464 2760 Ecquums]
489 2722 639 2753 Tibullus
657 2724 721 2754 hoc
734 2723 833 2754 modo
849 2733 856 2753 ι

160 2769 278 2801 “runc
309 2778 427 2799 succos
454 2771 640 2812 herbasque
668 2773 759 2813 dedi,
776 2773 858 2814 nquis

954 2221 1017 2250 458
1041 2219 1167 2258 Seri-et]
1198 2219 1246 2249 Ut
1260 2217 1388 2257 gratior
1401 2217 1444 2248 sit
1461 2218 1615 2257 voluptas

913 2279 987 2311 quae
1002 2270 1182 2310 denegata,
1196 2274 1230 2300 et
1242 2268 1349 2299 invito
1361 2267 1480 2298 marito
1493 2271 1608 2307 capta,

955 2319 1080 2358 Minus]
1125 2318 1299 2360 Siquidem
1314 2318 1387 2358 ejus
1402 2321 1533 2348 amator
1549 2326 1619 2347 ser-

912 2374 1011 2401 vatus
1026 2379 1090 2400 non
1109 2369 1217 2410 possit
1231 2368 1271 2399 ad
1289 2369 1380 2398 illam
1397 2367 1574 2398 accedere.

954 2423 1018 2451 459
1048 2419 1131 2459 Scit]
1157 2419 1310 2449 Tibullus
1328 2418 1369 2448 de
1388 2427 1423 2448 se
1452 2418 1499 2447 ita
1515 2416 1617 2456 proti-

912 2474 1026 2508 tetur;
1054 2471 1062 2486 ‘
1081 2469 1144 2500 Ine
1172 2478 1235 2508 ego
1267 2478 1351 2506 suni,
1372 2477 1433 2496 nec
1465 2476 1516 2496 me
1543 2466 1616 2506 jam

913 2519 1028 2551 dicere
1058 2530 1138 2550 vera
1165 2518 1321 2559 pudebit,
1356 2516 1516 2546 Instabat
1545 2521 1618 2547 tota

912 2570 965 2601 cui
985 2575 1043 2599 tua
1059 2574 1160 2599 nocte
1180 2566 1294 2597 canis.y

955 2623 1018 2650 460
1045 2620 1123 2659 Γιιν]
1155 2619 1164 2634 ‘
1180 2619 1224 2648 Et
1249 2617 1382 2647 simulat
1401 2616 1542 2647 transire
1560 2616 1616 2647 do-

912 2680 1014 2709 mum,
1039 2679 1114 2700 mox
1138 2667 1260 2699 deiude
1289 2667 1431 2698 recurrit
1454 2667 1566 2707 Solus,
1581 2672 1617 2698 et

914 2725 992 2751 ante
1010 2720 1101 2760 ipsas
1120 2721 1278 2750 exscreat
1294 2727 1399 2759 usque
1417 2716 1532 2749 ἴοι-833
1557 2718 1616 2750 Ti-

914 2770 1034 2802 bullus.
