1877 3193
553 174 707 205 EPIST.
742 173 807 203 Ex
842 173 1001 203 PONTO
1036 174 1128 205 Lm.
1157 173 1190 204 1.
1222 162 1264 203 2.
1517 161 1631 205 2513

180 270 292 325 Ipsa
314 283 395 313 sua
412 270 561 312 melior
580 270 713 321 fama,
733 271 1015 312 laudantibus
1034 271 1148 320 istis,

238 337 427 379 Claudia
445 337 592 379 divina
611 351 698 378 non
719 338 912 391 eguisset
936 351 1035 392 ope.

180 403 281 446 Nos
301 391 475 460 quoque
497 406 744 458 praeteritos
767 406 861 446 sine
880 406 981 445 labe
1001 405 1250 458 peregimus
1273 414 1436 444 annos:
1551 400 1636 444 145

239 472 447 514 Proxima
465 485 569 525 pars
588 473 691 514 vitae
713 472 1005 513 transilienda
1021 485 1149 512 meae.

184 538 274 580 Sed
295 539 348 580 de
366 552 436 580 me
452 542 502 578 ut
520 540 690 589 sileam,
713 539 876 592 conjux
892 550 992 578 mea
1013 539 1183 578 sarcina
1203 539 1350 577 vestra
1369 538 1447 576 est.

245 606 346 648 Non
366 610 493 660 potes
513 606 628 647 hanc
649 606 774 647 salva
793 605 1070 646 dissimulare
1090 604 1192 645 fide.

185 673 395 727 Confugit
413 674 509 715 haec
530 675 586 716 ad
605 687 709 715 vos:
739 677 908 714 vestras
929 673 1209 726 amplectitur
1230 684 1341 712 aras,

237 740 268 781 J
271 754 343 781 ure
364 741 481 782 venit
499 742 641 783 cultos
662 740 718 782 ad
740 741 828 781 sibi
847 741 1034 794 quisque
1056 739 1193 780 Deos.
1558 741 1642 781 150

185 806 407 861 Flensque
427 811 564 861 rogat,
585 808 789 862 precibus
809 806 942 847 lenito
964 805 1144 847 Caesare
1166 806 1338 856 vestris,

241 874 380 916 Busta
399 875 469 916 sui
488 875 595 916 fiant
618 878 663 916 ut
682 873 893 928 propiora
911 873 1010 914 viri.

187 1004 316 1035 quarum
334 995 454 1033 judicio
469 996 497 1026 si
509 1005 577 1036 quae
601 998 647 1026 est
659 995 802 1036 probata,
826 998 870 1026 est
891 994 998 1035 proba.
1043 995 1118 1034 Ipsa
1136 995 1266 1026 Claudia
1282 995 1396 1027 castior
1409 1006 1464 1027 sua
1480 995 1571 1033 sama
1586 1004 1646 1026 non

186 1037 340 1068 habuisset
353 1048 429 1078 opus
444 1038 560 1069 auxilio
575 1038 691 1078 divino,
701 1038 772 1069 istis
783 1037 992 1078 probantibus.
1039 1038 1107 1068 Nos
1121 1039 1215 1068 etiam
1225 1039 1370 1070 duximus
1385 1048 1479 1070 armos
1490 1041 1648 1069 anteactos

187 1080 254 1110 sine
268 1081 397 1111 macula.
442 1081 594 1112 Proxima
617 1090 693 1120 pars
717 1080 791 1111 vitae
807 1090 880 1111 meae
904 1081 1084 1111 omittenda.
1133 1080 1245 1111 Verum
1260 1084 1294 1111 ut
1310 1085 1426 1113 taceam
1441 1082 1477 1111 de
1493 1090 1551 1119 me,
1566 1090 1645 1111 uxor

188 1132 254 1152 mea
271 1126 317 1152 est
332 1126 464 1154 vestrum
481 1133 565 1154 onuS.
611 1124 685 1154 Non
708 1126 794 1163 potes
810 1123 888 1153 hanc
910 1123 1067 1161 negligere
1081 1122 1206 1161 integra
1218 1124 1298 1164 fide.
1345 1124 1426 1154 Hoec
1449 1123 1591 1162 confugit
1606 1123 1647 1152 od

188 1174 253 1204 ros,
269 1165 480 1204 complectitur
503 1169 606 1197 vestra
631 1166 755 1196 altaria.
799 1165 921 1196 Merito
947 1165 1073 1204 quisque
1098 1165 1216 1195 accedit
1230 1167 1270 1195 ad
1292 1166 1377 1196 Deos
1391 1176 1464 1205 quos
1485 1169 1648 1196 veneratus

189 1210 244 1237 est.
298 1208 401 1247 Atque
429 1210 601 1248 lacrymans
626 1211 708 1247 orat,
735 1210 780 1246 ut,
806 1209 931 1237 Caesare
957 1207 1077 1246 placato
1104 1208 1216 1237 vestris
1231 1207 1384 1247 precibus,
1408 1208 1580 1248 sepulcrum
1600 1206 1650 1237 sui

191 1249 298 1280 mariti
302 1250 367 1291 fiat
380 1251 517 1290 propius.

798 1321 1036 1333 eeeeeeeeeeee

190 1386 327 1416 canenda
355 1389 443 1417 toro:
480 1389 516 1417 et
546 1384 626 1425 Arg.
653 1386 764 1425 fausto
794 1385 933 1416 carmina
959 1385 1043 1416 dicta
1074 1389 1262 1418 torm—139
1292 1385 1377 1428 Arg.
1408 1390 1443 1418 ut
1474 1396 1536 1427 pro
1566 1390 1650 1417 et.—

191 1431 251 1459 141
278 1428 358 1460 Bas.
387 1429 424 1460 C.
449 1428 654 1460 illam—143
684 1429 761 1459 Pat.
783 1427 865 1466 fam.
894 1427 1088 1459 testantibus.
1131 1429 1214 1459 Tum
1241 1429 1340 1460 Leid.
1367 1429 1548 1460 illia—146
1572 1429 1649 1459 Duo

191 1470 271 1502 libri
301 1471 419 1502 Ultima
444 1474 637 1511 pars—148
676 1471 752 1501 Duo
782 1470 860 1501 libri
903 1471 967 1500 Nec
999 1473 1064 1509 pot.
1099 1475 1133 1501 et
1165 1475 1235 1501 tum
1266 1472 1354 1502 Mor.
1383 1472 1437 1502 hoc
1464 1472 1650 1502 sala—149

191 1512 261 1544 Alii
289 1517 463 1554 vestrasque
491 1514 583 1553 ampl.
607 1514 672 1544 Ms.
696 1513 826 1543 Bersm.
851 1516 886 1542 et
910 1516 981 1541 tres
1005 1516 1124 1542 vestros
1145 1515 1358 1553 complectitur
1378 1515 1533 1544 ‹un—150
1556 1513 1652 1544 Unus

192 1555 236 1585 V.
268 1559 356 1586 notos
396 1566 458 1596 pro
503 1557 719 1586 cultam—150
753 1555 896 1591 Versus,
928 1553 994 1583 nisi
1031 1553 1143 1591 fallor,
1188 1556 1334 1595 spurius,
1379 1560 1415 1586 et
1449 1565 1547 1596 quem
1587 1564 1651 1594 pro

192 1597 362 1628 Ovidiano
389 1598 447 1629 vix
477 1597 682 1628 admiserim.
715 1596 826 1627 Heius.
872 1595 1073 1635 Cogitabam
1099 1597 1295 1638 aliquando,
1322 1599 1410 1629 Pura
1433 1598 1517 1628 veuit
1553 1597 1651 1629 cultos

195 1641 236 1670 ad
269 1639 329 1670 sibi
356 1649 436 1679 saepe
466 1640 511 1671 D.
545 1645 584 1670 ut
612 1649 693 1680 pura
729 1638 876 1677 dicatur,
910 1638 988 1678 quia
1014 1639 1133 1670 aberat
1162 1640 1234 1671 vir:
1274 1640 1446 1671 debebant
1476 1639 1577 1677 enim,
1614 1643 1652 1670 ut

194 1686 310 1712 notum
327 1687 390 1720 est,
413 1682 422 1698 ‘
439 1691 523 1722 pure
541 1687 576 1713 et
593 1688 687 1713 caste
704 1682 796 1711 Deos
814 1680 931 1711 adire)
958 1680 1026 1711 Sed
1045 1682 1154 1722 potius
1170 1682 1350 1722 legendum
1366 1687 1461 1723 puto,
1475 1683 1553 1712 Jure
1567 1682 1653 1712 veuit

189 1725 291 1760 ‚cultos
305 1725 346 1754 ad
366 1723 425 1754 sibi
440 1734 519 1764 soepe
536 1725 583 1755 D.
616 1727 655 1756 ad
667 1724 726 1755 sibi
739 1723 847 1764 quippe
863 1723 948 1754 Deos
962 1723 1041 1754 olim
1056 1725 1254 1764 conjecerat
1269 1725 1441 1756 Heinsius.
1488 1724 1652 1756 Francius

196 1767 304 1806 magis
321 1771 459 1807 temere,
476 1767 639 1808 Thuraque
657 1767 726 1805 fert
742 1767 839 1797 cultos
852 1767 892 1796 ad
907 1765 965 1796 sibi
979 1767 1041 1797 rite
1057 1768 1101 1798 D.
1126 1767 1350 1798 Burm.—l5l
1376 1768 1453 1798 Duo
1470 1767 1547 1798 libri
1569 1777 1652 1807 pree.

188 1810 312 1893 §imm
336 1814 372 1840 et
388 1814 458 1840 tum
475 1819 558 1840 uuus
574 1811 713 1850 principe
734 1809 966 1840 cestria—152
990 1809 1154 1841 Francius
1170 1810 1220 1841 ita
1231 1811 1344 1851 legere
1358 1810 1476 1850 voluit,
1490 1811 1584 1840 ,Iusta
1598 1819 1652 1840 suo

222 1855 275 1882 unt
298 1855 332 1882 ut
354 1862 404 1892 pr.
429 1852 506 1885 viro.

846 1924 984 1957 NOTAE

198 2013 350 2054 Philippi
366 2013 447 2044 fllia.
953 2012 1061 2042 multa
1074 2012 1243 2043 homiuum
1260 2012 1365 2043 millia
1382 2012 1515 2043 trahere
1536 2012 1655 2053 nequi-

242 2067 302 2096 141
327 2063 518 2104 Matertera]
543 2058 641 2095 Hanc
672 2063 795 2102 Actia„
823 2072 897 2103 quae
953 2068 1082 2095 verant.

199 2114 344 2155 Augusti
359 2119 478 2153 mater,
489 2124 638 2145 sororem
652 2113 754 2144 fuisse
769 2114 897 2151 volunt,
997 2116 1058 2145 146
1074 2112 1303 2152 Transilienda]
1320 2114 1468 2154 Propter
1480 2111 1654 2145 infamiam

198 2169 234 2194 et
266 2164 407 2195 Marciae
434 2168 591 2203 matrem,
622 2174 720 2205 quam
753 2163 897 2195 Nasonis
952 2173 994 2194 ex
1012 2164 1115 2194 exilio
1130 2169 1232 2205 atque
1250 2163 1389 2203 impuris
1403 2162 1567 2194 versibus.

199 2222 283 2244 uxor
298 2213 410 2254 puella
427 2213 606 2244 admodum
624 2213 779 2243 coluerit.
997 2216 1057 2245 147
1083 2214 1229 2254 Sarcina]
1254 2214 1342 2246 Quia
1361 2223 1403 2243 ex
1429 2213 1655 2244 Maximorum

243 2267 304 2296 144
331 2264 478 2304 Claudia]
526 2263 672 2294 Vestalis
713 2262 791 2301 fuit,
823 2271 898 2303 quae
953 2263 1085 2294 familia
1106 2264 1249 2295 Nasonis
1276 2273 1374 2302 uxor,
1402 2272 1505 2304 eaque
1534 2263 1654 2303 proba.

200 2324 275 2346 cum
300 2313 332 2344 111
358 2314 465 2354 stupri
487 2313 713 2354 suspicionem
742 2312 899 2351 venisset,
997 2317 1057 2345 152
1076 2315 1193 2354 Busta]
1218 2315 1269 2345 De
1287 2325 1322 2345 se
1337 2314 1430 2355 quasi
1448 2314 1489 2344 de
1506 2314 1655 2354 sepulto,

199 2370 237 2396 ut
254 2364 450 2405 pudicitiam
466 2373 556 2394 suam
570 2363 823 2403 comprobaret,
833 2363 898 2402 Cy·
952 2374 1018 2396 non
1045 2364 1118 2396 sine
1140 2370 1213 2396 arte
1235 2365 1394 2403 maxima,
1411 2369 1446 2394 et
1472 2364 1513 2394 ad
1529 2362 1656 2393 miseri·

202 2414 295 2445 beles
322 2414 446 2445 dicitur
470 2414 686 2445 simulacrum
710 2413 743 2443 in
766 2412 897 2444 Tiberis
953 2415 1101 2448 cordiam
1126 2415 1325 2447 movendam
1347 2414 1534 2456 aptissima,
1549 2411 1656 2453 loqui-

206 2466 298 2497 vadis
325 2467 521 2506 iuuentem,
547 2477 608 2498 seu
632 2466 746 2507 potius
777 2474 897 2497 navem
953 2470 1018 2498 tur.

204 2524 269 2556 qua
278 2516 474 2557 vehebatur,
485 2518 621 2558 cingulo
638 2516 786 2557 duxisse,
799 2525 898 2558 quam

294 2772 406 2814 Daph.
421 2774 449 2802 et
471 2772 541 2803 ναν.
559 2771 642 2803 σιω.
890 2773 981 2803 oud.
1496 2769 1513 2794 ⁷
1542 2766 1569 2796 U
