1877 3193
572 188 726 218 EPlsr.
761 188 826 218 Ex
861 188 1019 219 PONTo
1053 189 1152 220 ΜΒ.
1184 190 1238 221 11.
1266 180 1309 221 7.
1552 181 1666 225 2603

212 275 373 320 Omnia
393 278 624 321 deficiunt:
657 281 828 321 animus
850 285 997 322 tamen
1018 283 1165 323 omnia
1184 282 1338 324 vincit.
1609 286 1666 326 75

268 344 349 385 Ille
370 346 503 386 etiam
525 347 641 387 vires
659 360 819 400 corpus
842 348 1001 389 habere
1021 349 1141 391 facit.

211 409 437 453 Sustineas
454 416 504 452 ut
524 426 651 462 onus,
672 413 893 453 nitendum
915 415 1075 454 vertice
1094 416 1224 468 pleno
1242 419 1309 457 est
1326 429 1338 469 3

267 477 329 520 At
347 480 464 520 flecti
483 493 636 521 nervos
657 479 694 519 si
714 479 901 531 patiare,
924 479 1069 519 cadet.

211 542 325 597 Spes
344 557 530 597 quoque,
551 556 686 597 posse
710 555 831 583 mora
851 544 1078 583 mitescere
1099 542 1322 599 Principis
1340 546 1466 598 iram,

268 610 435 651 Vivere
456 624 509 651 ne
529 611 666 651 nolim
687 609 992 663 deficiamque,
1016 613 1157 651 cavet.
1611 615 1666 656 80

211 676 309 718 Nec
331 690 410 718 vos
429 690 564 731 parva
585 678 698 718 datis
718 679 850 731 pauci
873 678 1035 719 solatia
1053 678 1199 729 nobis,

266 743 462 793 Quorum
484 747 685 798 spectata
703 748 770 784 est
790 756 868 797 per
888 743 1009 784 mala
1028 748 1177 784 nostra
1196 744 1319 786 fides.

210 809 374 863 Coepta
392 814 504 861 tene,
526 824 682 866 quaeso
701 825 712 863 ;
742 824 824 852 nec
847 812 891 852 in
912 824 1089 865 aequore
1112 811 1260 852 desere
1280 825 1462 856 navem:

264 876 428 932 Meque
449 879 578 920 simul
596 892 739 929 serva,
753 878 1059 933 judiciumque
1082 883 1217 920 tuum.

204 1012 331 1048 potatur
360 1010 485 1048 confusa
509 1021 578 1041 cum
597 1011 660 1042 sale
684 1010 816 1041 murino.
863 1011 979 1042 Omnia
1007 1012 1140 1048 desunt;
1172 1014 1276 1041 tamen
1302 1011 1423 1041 animus
1450 1015 1575 1052 superat
1603 1022 1668 1044 om-

209 1052 260 1082 nia
273 1062 285 1088 ;
307 1052 360 1084 ille
376 1054 460 1091 facit
482 1054 577 1084 etiam
591 1063 701 1093 corpus
716 1053 826 1084 habere
840 1054 933 1084 vires.
982 1054 1233 1084 Contendendum
1261 1057 1305 1084 est
1331 1054 1405 1084 totis
1429 1054 1608 1094 cervicibus,
1633 1058 1669 1086 ut

200 1093 290 1130 feras
302 1098 419 1134 pondus
433 1107 441 1126 .-
466 1100 498 1126 at
513 1097 540 1126 si
554 1097 638 1126 sinas
655 1106 763 1126 nervos
769 1095 873 1135 flecti,
888 1099 967 1127 ruet.
1015 1097 1092 1136 Spes
1108 1101 1157 1126 est
1175 1097 1282 1135 etiam,
1308 1097 1388 1125 iram
1409 1095 1571 1136 Principis
1581 1107 1670 1137 posse

208 1137 320 1167 molliri
337 1141 494 1177 tempore;
514 1138 662 1178 prospicit
687 1148 723 1168 ne
749 1138 844 1169 nolim
870 1139 971 1169 rivere
994 1142 1084 1177 alque
1099 1138 1250 1179 deficiam.
1296 1139 1403 1177 Neque
1422 1139 1568 1177 praebetis
1582 1140 1669 1170 nobis

207 1178 302 1209 levem
332 1181 580 1218 consolationem,
611 1190 668 1211 vos
693 1180 796 1219 pauci,
825 1189 954 1219 quorum
973 1180 1058 1220 fides
1080 1181 1212 1219 probatu
1232 1183 1277 1210 est
1291 1189 1347 1219 per
1362 1184 1481 1210 nostras
1501 1190 1668 1212 aerummm.

208 1219 409 1260 Permaneas,
425 1233 488 1262 oro,
502 1223 535 1253 in
551 1223 710 1261 instituto,
720 1232 814 1262 neque
828 1222 960 1253 destitue
974 1231 1081 1252 navem
1098 1223 1128 1252 in
1146 1222 1225 1252 mari
1237 1232 1247 1258 ;
1270 1225 1362 1261 atque
1374 1225 1460 1253 tuere
1474 1232 1523 1253 me
1536 1223 1669 1254 simulet

198 1263 350 1299 judicium
366 1267 461 1295 tuum.

816 1341 835 1352 ο

974 1341 1050 1352 me

196 1404 428 1441 juvatur.—-72
451 1406 535 1447 Arg.
558 1417 613 1438 ora
630 1407 810 1446 tegit.—77
834 1406 906 1438 Alii
928 1406 1045 1438 nitenti.
1058 1410 1103 1438 est
1117 1410 1196 1439 vert.
1212 1410 1315 1438 recto.-
1338 1416 1379 1438 ex
1398 1407 1476 1439 Pat.
1491 1407 1665 1439 Fabricius

205 1447 340 1487 profert
356 1448 474 1480 nicena.
492 1452 571 1480 vert.
586 1453 668 1480 recto
684 1452 741 1488 est,
757 1449 844 1489 quod
861 1449 1075 1479 numerosius
1089 1454 1200 1489 putat.
1223 1449 1271 1481 At
1285 1453 1363 1480 vert.
1376 1451 1465 1489 pleno
1477 1454 1523 1480 est
1547 1450 1666 1481 Heius.

206 1489 305 1521 dedit
322 1500 363 1522 ex
380 1492 438 1522 Sa.
454 1492 580 1531 Scalig.
609 1491 693 1531 Arg.
723 1496 758 1521 et
783 1495 862 1521 octo
890 1491 1063 1521 aliis.-78
1090 1493 1189 1521 Cadet
1220 1501 1283 1531 pro
1309 1492 1399 1532 vulg.
1429 1493 1519 1522 cades
1534 1493 1666 1533 recepit

208 1531 331 1564 Heius.
348 1543 390 1563 ex
408 1534 560 1573 plurimis
573 1533 806 1573 scriptis.—83
831 1533 988 1565 Quatuor
1004 1537 1089 1564 vett.
1105 1543 1161 1573 aeq.
1177 1533 1280 1565 desine
1294 1543 1364 1564 nav.

862 1644 1001 1676 NOTAE

247 1720 288 1748 77
316 1716 418 1757 Onus]
441 1717 517 1750 Quo
547 1717 621 1757 quis
648 1716 826 1758 premitur.
865 1716 907 1747 Iu
1004 1720 1043 1749 83
1070 1718 1191 1758 [Σαμία]
1215 1718 1257 1749 In
1272 1727 1382 1749 meam
1399 1718 1555 1759 gratiam.

206 1778 329 1810 genere
358 1772 395 1799 et
421 1767 630 1798 sententiose
653 1767 718 1798 hoc
737 1767 833 1805 dicit,
856 1766 907 1797 sui
1005 1769 1143 1808 Navem]
1166 1768 1361 1809 Allegorice
1379 1769 1421 1800 de
1442 1778 1478 1800 se
1502 1769 1663 1811 loquitur,

206 1818 301 1860 quasi
329 1817 487 1849 hortandi
516 1827 632 1857 causa,
657 1822 692 1848 et
728 1818 905 1849 consilium
961 1819 1054 1859 quasi
1071 1818 1177 1859 dicat,
1196 1819 1250 1850 Ne
1266 1829 1320 1850 me
1342 1819 1509 1851 destituas
1525 1821 1559 1851 in
1579 1822 1663 1854 meis

205 1869 391 1911 probandi:
411 1868 581 1910 quomodo
597 1868 738 1900 dicimus
755 1869 906 1908 Gallice;
959 1868 1133 1909 periculis.

205 1920 237 1951 11
245 1919 320 1957 saut
338 1919 406 1950 bien
414 1918 502 1957 satire
509 1917 624 1957 ferme,
640 1919 770 1958 lorsque,
783 1921 837 1958 8)·0.
1003 1920 1043 1948 84
1066 1917 1240 1958 Judicz'um]
1271 1918 1382 1949 Venia
1409 1918 1545 1959 dignum
1573 1920 1661 1951 Poe'-

249 1972 289 2000 80
315 1970 427 2010 Caret]
451 1970 549 2009 Spes,
572 1967 715 2008 scilicet,
732 1978 807 2009 quae
828 1968 907 2000 ulti-
961 1972 1031 1998 tam
1045 1972 1226 1998 censuerat
1241 1967 1391 2008 Atticus,
1408 1968 1459 1999 vei
1482 1968 1567 2000 bene
1588 1978 1662 2011 spe-

205 2029 260 2050 ma
276 2019 474 2049 miserorum
490 2018 690 2049 consolatio.
960 2017 1102 2049 randum
1119 2016 1263 2049 dixerat.

247 2072 287 2101 81
312 2068 429 2110 Pauci]
451 2068 508 2102 De
523 2069 639 2102 amicis
653 2068 813 2111 loquitur.
