1877 3193
274 148 389 191 ‘2402
761 161 803 191 P.
835 159 994 190 ovinn
1029 157 1241 188 NAsole

276 254 381 306 Quo
401 259 652 309 postquam,
676 256 853 297 dubium
877 254 977 307 pius
999 266 1052 293 an
1074 253 1326 302 sceleratus,
1348 251 1527 294 Orestes

336 322 536 363 Exactus
558 323 684 363 furiis
706 326 883 362 venerat
906 321 1002 373 ipse
1026 321 1133 368 suis,

276 388 332 429 Et
353 403 502 430 comes
525 390 777 442 exemplum
801 389 887 428 veri
910 387 1113 428 Phoceus
1134 387 1322 436 amoris;

334 455 423 505 Qui
445 457 533 496 duo
555 457 828 509 corporibus,
849 455 1069 494 mentibus
1091 466 1201 493 unus
1221 457 1365 505 erant3

276 522 480 562 Protinus
501 523 660 562 evincti
681 522 844 561 Triviae
863 520 1076 560 ducuntur
1097 520 1152 560 ad
1174 532 1308 568 aram,

334 588 449 639 Quae
473 590 617 629 stabat
636 589 828 641 geminas
851 591 947 627 ante
972 591 1151 628 cruenta
1169 588 1296 628 fores.

277 654 374 696 Nec
396 659 536 696 tamen
558 656 669 695 hunc
688 668 770 694 sua
791 667 922 703 mors,
944 667 1023 694 nec
1044 668 1159 694 mors
1182 667 1264 694 sua
1285 655 1430 695 terruit
1450 653 1600 694 illum:
1670 651 1727 693 75

333 722 456 763 Alter
477 723 531 761 ob
553 722 726 761 alterius
747 720 901 759 funera
920 726 1107 760 moestus
1126 725 1231 760 erat.

278 789 333 831 Et
346 791 439 844 jam
461 790 712 830 constiterat
733 788 886 827 stricto
908 799 1115 827 mucrone
1137 789 1365 840 sacerdos;

335 855 542 896 Cinxerat
562 860 604 896 et
624 854 784 895 Graias
803 854 990 893 barbara
1010 855 1121 893 vitta
1140 865 1317 895 comas:

277 922 390 963 Cum
410 924 506 963 vice
528 923 740 962 sermonis
761 921 937 962 fratrem
958 921 1177 973 cognovit,
1201 925 1243 962 et
1262 921 1328 961 illi

335 982 421 1030 Pro
438 1003 545 1029 nece
567 990 824 1042 complexus
847 989 1076 1042 Iphigenia
1094 988 1228 1028 dedit.
1673 988 1728 1029 80

277 1058 401 1098 Laeta
424 1057 533 1097 Deae
554 1057 737 1108 signum,
761 1056 955 1097 crudelia
977 1068 1103 1096 sacra
1122 1068 1308 1108 perosae,

333 1125 568 1165 Transtulit
591 1137 647 1164 ex
668 1124 770 1173 illis,
793 1125 836 1164 in
857 1125 1051 1172 meliora,
1074 1124 1204 1164 locis.

274 1243 343 1282 pius
359 1253 397 1273 rm
410 1245 566 1280 scelestus,
589 1243 653 1283 ipse
676 1243 823 1282 impulsus
838 1242 902 1272 suis
913 1242 1025 1279 furiis,
1041 1244 1213 1282 appulerat,
1229 1253 1290 1273 unu
1306 1252 1374 1274 cum
1389 1243 1468 1274 socio
1486 1243 1614 1274 Phocoeo
1626 1251 1727 1273 exem-

273 1287 323 1325 plo
335 1286 464 1316 sinceroe
472 1286 633 1324 amicitioe,
650 1285 701 1325 qui
717 1287 775 1315 duo
790 1288 877 1314 erant
893 1284 1080 1323 corporibus,
1097 1294 1176 1314 unus
1190 1286 1301 1315 animis
1311 1295 1322 1319 ;
1345 1286 1488 1316 continuo
1506 1286 1600 1324 ligati
1613 1287 1730 1316 ducun-

275 1332 326 1358 tur
340 1328 492 1359 adultere
514 1328 641 1366 Triviae,
669 1337 737 1367 (μα’
763 1330 890 1357 cruenta
915 1330 983 1357 erat
1009 1329 1080 1356 ante
1105 1328 1208 1356 vah-ns
1232 1328 1376 1365 duplices.
1422 1328 1527 1366 Neque
1547 1331 1649 1357 tumen
1671 1337 1728 1357 sua

274 1371 370 1401 caedes
384 1370 555 1407 tremefecit
570 1371 659 1409 hunc,
674 1379 768 1408 >neque
782 1379 836 1399 sua
849 1370 945 1399 coecles
959 1369 1043 1398 illum
1054 1380 1063 1398 :
1089 1369 1168 1398 alter
1184 1372 1249 1398 erat
1270 1369 1372 1398 tristis
1393 1369 1428 1397 ob
1452 1370 1563 1399 caedem
1588 1369 1728 1399 alterium

278 1413 321 1441 Et
338 1412 407 1451 jum
422 1412 571 1443 Sacerdos
587 1413 692 1442 aderat
709 1413 807 1441 cultro
820 1411 1005 1449 evaginat0;
1028 1414 1058 1441 et
1073 1410 1152 1440 vitta
1169 1410 1301 1441 barbara
1316 1411 1463 1441 ambierat
1487 1411 1614 1451 capillos
1636 1412 1727 1440 (ἐνιε-

275 1464 323 1483 cos
337 1465 348 1490 ;
371 1464 437 1485 cum
454 1455 618 1502 Iphigenia
634 1454 760 1492 agnovit
775 1453 906 1485 fratrem
919 1454 1001 1483 inter
1021 1453 1258 1492 colloquendum,
1272 1457 1299 1483 et
1316 1454 1365 1484 illi
1376 1453 1488 1483 obtulit
1502 1454 1661 1492 amplexus
1669 1463 1726 1492 pro

274 1500 381 1526 morte.
426 1496 516 1527 Loeta
532 1496 756 1536 transportavit
782 1496 949 1534 imaginem
972 1495 1050 1526 Dece
1076 1495 1248 1525 aversantis
1263 1495 1335 1532 fera
1357 1505 1445 1526 sacra
1468 1506 1506 1526 ex
1528 1496 1592 1526 illis
1606 1496 1680 1526 locis
1694 1495 1727 1524 in

884 1577 1116 1590 mest-eom

273 1644 330 1663 «non
353 1635 497 1672 optanda.
542 1633 625 1664 Tum
643 1633 735 1664 Serv.
753 1632 977 1671 nefandi.—69
1001 1631 1146 1663 Quidam
1163 1632 1283 1672 scripti
1301 1636 1335 1663 et
1352 1632 1435 1664 editi
1452 1633 1523 1664 dub.
1541 1636 1584 1663 est
1600 1632 1727 1671 pius.—

273 1679 314 1705 70
333 1676 391 1706 Re.
415 1675 713 1713 Ve5catusfur.--73
735 1676 847 1706 Triviae
861 1675 980 1706 Heius.
998 1675 1129 1714 recepit
1144 1684 1184 1705 ex
1201 1675 1302 1706 Barb.
1319 1681 1353 1705 et
1371 1676 1503 1715 Fragm.
1518 1677 1560 1705 V.
1577 1685 1639 1715 pro
1656 1685 1726 1707 var.

273 1719 352 1747 leet.
370 1719 458 1758 quod
474 1723 509 1748 et
524 1718 621 1749 Voss.
639 1717 837 1748 confirmat:
867 1717 956 1755 vulg.
971 1716 1190 1748 tristem—76
1212 1718 1266 1748 Sic
1284 1718 1404 1748 suadet
1428 1718 1546 1748 Heius.
1573 1723 1607 1748 et
1622 1717 1726 1748 Ham-

275 1760 369 1799 hurg.
394 1764 429 1791 et
452 1760 600 1790 Strozzae
623 1759 682 1790 lib.
701 1770 776 1790 cum
793 1760 836 1790 R.
863 1764 899 1790 et
924 1759 1013 1789 Mor.
1042 1759 1076 1788 in
1103 1760 1249 1799 vulgatis
1275 1766 1348 1791 erat
1374 1761 1440 1791 Alt.
1457 1760 1494 1790 ab
1507 1762 1598 1791 alter.
1613 1760 1726 1796 sunere

273 1806 371 1832 moest.
394 1803 546 1833 nonnulli
574 1802 675 1833 etiam
703 1802 898 1839 ob...funere,·
928 1806 963 1832 et
989 1801 1053 1832 Ms.
1082 1801 1211 1833 Bersm.
1237 1802 1425 1840 z'71‚...fu71ere,
1450 1803 1538 1843 quod
1564 1802 1725 1833 Francius

274 1844 540 1883 probabam—77
565 1845 645 1875 Lov.
663 1844 734 1883 jam
756 1845 919 1874 constricto
946 1847 1075 1874 steterat
1096 1848 1281 1875 munz—78
1305 1846 1399 1876 Unus
1417 1846 1535 1876 Heius.
1552 1846 1646 1875 mitra
1663 1853 1724 1884 pro

271 1888 445 1918 ritum-81
472 1887 541 1918 Pro
556 1897 643 1918 sacra
659 1887 724 1918 duo
739 1888 853 1926 signa;
878 1896 960 1916 unus
976 1887 1151 1918 ‹Iona.——83
1176 1887 1298 1918 Heins.
1327 1888 1460 1919 emend.
1487 1897 1530 1918 ex
1555 1886 1659 1918 Barb.
1689 1890 1724 1917 et

931 1976 1071 2008 NOTAE

313 2054 354 2081 69
378 2050 533 2090 Dubium]
557 2051 644 2084 Quia
668 2055 703 2082 et
729 2055 862 2092 patrem
879 2052 969 2083 ultus
1026 2054 1170 2089 tantum,
1185 2059 1250 2081 nou
1268 2050 1309 2080 de
1325 2060 1398 2088 suo,
1415 2055 1488 2081 erat
1504 2049 1665 2080 solicitus.

272 2105 334 2139 est,
349 2106 384 2131 et
398 2104 553 2140 matrem,
567 2101 671 2131 caedis
687 2102 775 2132 illius
788 2106 973 2141 auctorem,
1067 2103 1107 2131 77
1141 2099 1301 2139 Sacerdos]
1332 2099 1520 2140 Iphigenia,
1548 2099 1725 2140 Agamem-

271 2148 457 2180 interfecit.
1024 2150 1119 2180 nonis
1136 2148 1217 2180 filia.

316 2197 455 2236 Orestes]
490 2197 749 2237 Agamemnonis
775 2199 877 2238 filius,
901 2200 968 2240 qui,
1066 2201 1108 2227 78
1133 2199 1263 2236 Graias]
1288 2198 1420 2228 Orestis
1445 2202 1548 2238 atque
1573 2197 1724 2237 Pyladis,

272 2247 314 2277 ob
332 2246 548 2277 interfectam
576 2250 719 2277 matrem
738 2248 845 2277 Furiis
862 2252 971 2286 actus,
1025 2246 1080 2287 qni
1098 2247 1215 2277 Graeci
1232 2251 1339 2277 erant.

270 2297 303 2327 in
335 2296 510 2327 Tauricam
540 2296 708 2336 regionem
737 2306 811 2327 cum
838 2297 969 2335 Pylade
1065 2299 1105 2326 78
1134 2295 1235 2335 Vitta]
1258 2296 1333 2327 Qua
1359 2296 1511 2326 decorari
1528 2301 1587 2327 aut
1603 2296 1720 2328 vinciri

271 2356 331 2377 suo
348 2346 482 2377 delatus
500 2351 561 2377 est.
1021 2345 1174 2376 solebant
1197 2354 1313 2375 eorum
1338 2346 1453 2385 capita
1469 2346 1523 2386 qui
1549 2347 1626 2377 Deo
1651 2348 1720 2378 cui-

312 2399 351 2427 71
381 2396 529 2435 Phoceus]
562 2396 710 2437 Pylades
737 2400 799 2435 est,
818 2395 967 2436 Strophii
1022 2394 1111 2435 piam
1127 2394 1398 2425 immolabantur.

269 2445 370 2484 filius,
385 2455 426 2475 ex
442 2445 592 2476 Phocide
609 2445 759 2485 regione,
777 2445 911 2476 Orestis
932 2445 967 2476 fi·
1063 2447 1104 2474 79
1132 2444 1206 2474 Vice
1219 2444 1381 2483 sermonis]
1404 2444 1501 2475 Inter
1527 2445 1722 2486 colloquen-

269 2496 421 2527 dissimus
437 2502 472 2527 et
488 2496 678 2527 individuus
694 2505 819 2526 comes.
1021 2494 1110 2525 dum.

312 2551 351 2579 73
371 2547 500 2587 Trivz'ae]
517 2547 646 2587 Dianae,
664 2556 737 2587 quae
757 2546 862 2577 triviis
880 2556 965 2586 [τι-ω-
1064 2545 1223 2584 Fratrcm]
1249 2544 1410 2582 Oresten,
1427 2544 1567 2574 scilicet.

270 2601 357 2636 erat,
374 2597 430 2627 ubi
445 2597 635 2628 colebatur.
1061 2598 1099 2625 51
1124 2594 1228 2634 Laxta]
1251 2594 1442 2634 Iphigenia,
1459 2593 1601 2625 scilicet.

310 2649 350 2676 75
387 2646 495 2685 Hunc]
528 2646 691 2687 Pyladem
719 2656 778 2677 seu
804 2646 964 2677 Orestem
1061 2643 1209 2682 Signum]
1233 2644 1467 2674 Simulacrum.

270 2695 363 2735 dicit,
380 2706 518 2737 quorum
534 2697 620 2728 alter
635 2696 677 2727 ‹le
693 2695 833 2728 alterius
847 2694 963 2727 funere
1061 2692 1201 2733 Perosoe]
1225 2693 1303 2725 Non
1319 2692 1408 2724 enim
1435 2694 1534 2734 Deae,
1560 2690 1619 2724 sed
1631 2689 1714 2723 'rho-
