1863 3193
239 172 353 212 ‘2:324
726 184 766 212 P.
802 183 959 212 ovinil
996 181 1207 211 NAsoNis

241 277 388 330 Atque
409 278 575 318 utinam
597 281 779 331 pereant
799 278 954 318 animae
975 290 1076 318 cum
1097 288 1280 330 corpore
1304 281 1478 325 nostrae,

300 344 574 397 Effugiatque
596 345 749 385 avidos
769 358 873 398 pars
894 344 999 384 mihi
1019 344 1138 384 nulla
1157 355 1286 395 rogos
1304 344 1313 384 !
1643 343 1699 383 6«)

244 409 362 451 Nam
383 411 420 450 si
441 415 576 450 morte
598 423 751 451 carens
770 423 959 451 vacuam
980 411 1103 451 volat
1123 410 1236 450 altus
1258 410 1303 450 in
1324 422 1475 451 auram

300 477 506 530 Spiritus,
529 482 572 517 et
593 477 732 518 Samii
753 480 850 517 sunt
870 482 963 517 rata
982 477 1103 517 dicta
1124 478 1270 527 senis;

244 544 366 585 Inter
393 544 658 585 Sarmaticas
680 544 883 585 Romana
903 546 1129 597 vagabitur
1148 544 1327 584 umbras
1345 558 1355 594 ;

301 611 471 665 Perque
494 611 609 651 feros
630 624 779 652 manes
800 611 976 664 hospita
998 623 1168 664 semper
1190 611 1284 651 erit.

245 677 363 719 Ossa
381 682 528 718 tamen
549 677 685 717 facito
706 690 842 729 parva
862 678 1096 718 referantur
1115 678 1158 718 in
1178 690 1303 718 urna.
1644 680 1701 718 (55

300 745 375 785 Sic
396 758 476 795 ego
496 757 583 785 non
606 744 738 784 etiam
758 747 957 784 mortuus
977 744 1079 784 exul
1102 756 1192 784 ero.

243 866 352 893 mente.
397 864 498 902 Atque
514 863 635 893 utinam
650 863 761 893 ‹mima›
776 866 888 893 nostrae
913 864 1021 893 cadant
1038 873 1107 893 cum
1119 872 1255 901 corpore,
1275 870 1369 902 neque
1383 863 1446 892 ulla
1459 872 1534 902 pars
1549 863 1608 894 mei
1624 863 1702 895 vitet

243 915 368 944 rapaces
385 905 533 944 flammas
546 905 560 935 Ι
595 906 679 935 Nam
694 906 720 934 si
746 906 849 935 anima
874 905 1058 935 immortalis
1082 904 1222 934 sublimis
1237 904 1371 943 erumpit
1397 905 1431 934 in
1445 904 1567 936 inanem
1583 906 1700 945 aie'rem,

241 950 273 977 et
288 946 380 977 verba
394 946 477 976 senis
492 946 591 976 Samii
606 950 678 976 sunt
693 950 789 985 certa,
819 947 930 977 Manes
947 947 1081 977 Romani
1095 946 1241 977 errabunt
1256 947 1338 976 inter
1353 946 1555 985 Sar-matteas,
1577 951 1607 978 et
1623 958 1701 978 sem-

240 998 298 1028 per
313 992 403 1019 erunt
414 989 574 1028 peregrini
585 989 669 1019 inter
681 998 779 1019 soevas
797 989 938 1020 Umbras.
986 989 1070 1019 Cura
1084 992 1196 1027 tamen,
1210 992 1244 1019 ut
1256 999 1321 1019 ossa
1337 993 1530 1028 reportentur
1543 990 1576 1020 in
1587 990 1702 1029 exigua

243 1040 334 1063 urna.
381 1031 434 1061 Ita
448 1041 504 1070 ego
529 1041 590 1062 non
611 1040 661 1061 ero
682 1031 835 1071 profugus
857 1032 951 1062 etiam
973 1035 1045 1072 post
1062 1031 1147 1070 fata.
1193 1032 1301 1072 Neque
1324 1032 1483 1071 quisquam
1506 1032 1592 1063 istud
1608 1035 1701 1064 vetat.

855 1127 1090 1138 eeeeeeeeeeee

245 1181 380 1208 veteres
407 1182 521 1208 recte:
557 1187 620 1208 nec
647 1179 837 1218 pauciores,
871 1180 914 1210 Ut
939 1190 1014 1219 quse.
1061 1180 1148 1212 Quid
1177 1181 1204 1210 si
1237 1183 1422 1218 reponatur
1452 1177 1627 1215 Quorum?
1653 1179 1700 1211 sic

242 1220 405 1259 ‘juvenci
431 1220 531 1250 rudes
560 1223 708 1260 operum'
739 1222 829 1251 Fast.
847 1230 870 1252 1.
888 1226 923 1252 et
951 1223 960 1238 ‘
978 1222 1081 1252 draco
1109 1223 1214 1252 somni
1238 1222 1342 1252 rudis’
1373 1223 1459 1253 Met.
1477 1231 1540 1253 vn.
1558 1231 1600 1252 ex
1616 1222 1702 1253 anti-

245 1262 319 1301 quis
336 1262 449 1292 libris!
473 1262 585 1293 Heius.
631 1263 720 1294 Quid
738 1273 819 1302 opus
835 1273 913 1294 sana
932 1268 967 1294 et
997 1268 1092 1294 recta
1108 1264 1278 1294 solicitare
1293 1275 1299 1294 z
1326 1273 1402 1294 nam
1420 1265 1501 1295 licet
1518 1264 1604 1295 rudis
1624 1274 1702 1295 cum

243 1304 395 1343 genitivo
411 1304 557 1343 dicatur,
583 1314 647 1333 nou
675 1305 780 1335 miuus
808 1311 897 1336 amat
927 1306 1054 1337 Noster
1081 1310 1116 1336 et
1141 1306 1197 1336 alii
1215 1315 1289 1335 cuin
1309 1307 1547 1345 praepositione
1564 1308 1606 1337 ad
1620 1316 1701 1337 con-

245 1350 390 1377 struere.
426 1346 478 1376 Ex
505 1346 606 1377 Pout.
632 1355 687 1377 ιιι.
711 1350 743 1377 7.
789 1351 797 1365 ‘
816 1347 871 1378 Ad
900 1349 987 1378 mala
1006 1348 1080 1388 jam
1106 1348 1237 1388 pridem
1266 1357 1330 1378 non
1360 1358 1472 1378 sumus
1493 1348 1550 1378 illa
1576 1348 1702 1379 rudes!

245 1388 370 1419 Justin.
387 1397 412 1418 1.
433 1391 459 1419 l.
494 1389 502 1404 ‘
521 1388 638 1419 Rudes
666 1389 707 1419 ad
735 1390 956 1420 resistendum
975 1391 1118 1430 populos¹
1135 1389 1155 1421 :’
1179 1395 1214 1420 et
1232 1391 1278 1420 ita
1294 1390 1429 1429 passim.
1476 1390 1581 1420 Habet
1597 1391 1700 1421 etiam

244 1430 299 1460 hic
328 1431 477 1461 nonnulli
506 1431 653 1461 codices,
682 1432 881 1463 Burm.-59
917 1433 984 1463 Alii
1015 1443 1098 1471 corp.
1129 1435 1330 1462 nostra—60
1365 1432 1449 1462 Mihi
1477 1442 1519 1462 ex
1551 1433 1700 1473 quinque

246 1472 385 1512 scriptis
406 1473 558 1512 reposuit
576 1473 691 1503 Heius.
723 1484 783 1513 pro
811 1476 900 1514 vulg.
925 1478 1085 1505 mem—til
1114 1475 1287 1514 Plerique,
1304 1479 1393 1505 teste
1413 1474 1526 1505 Heius.
1544 1485 1701 1506 vacuum...

245 1524 354 1544 auram
367 1526 377 1544 .·
402 1515 457 1544 alii
473 1525 752 1546 t·acuas...uura8.—
764 1520 804 1547 62
822 1517 918 1547 Leid.
932 1521 1003 1548 suut
1018 1527 1106 1547 sacra
1122 1517 1205 1547 dictu
1219 1528 1230 1553 ;
1253 1521 1288 1547 et
1302 1517 1381 1548 Jun.
1401 1521 1434 1546 et
1449 1516 1504 1546 alii
1518 1520 1587 1547 rata
1598 1516 1700 1547 verba.

245 1558 328 1586 -63
353 1557 415 1587 Be.
434 1562 469 1587 et
485 1558 630 1598 quinque
648 1558 769 1598 scripti
793 1564 828 1590 et
854 1560 986 1590 Bersiu.
1015 1560 1078 1591 lnt.
1104 1560 1308 1590 Sauromatas
1325 1559 1366 1590 R.
1384 1564 1419 1589 et
1436 1559 1570 1599 plurimi
1585 1559 1699 1598 rag-ab.

905 1655 1043 1687 NOTAE

244 1725 326 1763 ritu,
342 1733 416 1754 cum
432 1724 526 1755 bonis
543 1736 646 1766 agere
663 1727 777 1758 liceat.

288 1777 328 1804 57
354 1775 515 1815 Extenua]
538 1776 652 1807 Verba
677 1776 749 1807 haec
767 1782 856 1817 sunt,
872 1788 945 1818 quae

245 1823 381 1864 quidem
399 1825 479 1865 quid
497 1835 580 1865 opus
606 1827 649 1856 sit
666 1825 755 1857 facto
782 1827 945 1866 indicant,

246 1875 435 1914 praestandi
476 1877 604 1915 pariter
641 1876 841 1908 facultatem
880 1888 945 1909 non

244 1924 410 1963 praebent.
450 1924 559 1956 Avida
577 1931 627 1957 est
645 1927 770 1967 quietis
788 1932 823 1958 et
838 1926 945 1958 felici-

244 1974 325 2004 tatis
341 1984 434 2004 mens
453 1975 560 2005 omnis
588 1976 800 2016 intelligendi
822 1987 944 2017 capax,

244 2032 354 2063 neque
380 2024 411 2054 in
441 2024 581 2055 arbitrio
609 2026 806 2067 cujusquam
831 2028 946 2067 posuit

244 2082 389 2103 summus
422 2075 568 2104 omnium
601 2081 712 2105 rerum
741 2076 878 2116 Opifex,
906 2082 945 2108 ut

244 2122 380 2153 beatum
408 2132 479 2153 esse
509 2125 707 2162 percupiat;
739 2126 944 2156 necessitate

245 2176 374 2202 naturae
406 2181 521 2201 omues
554 2181 628 2202 esse
660 2173 788 2203 volunt.
833 2174 945 2205 Quare

244 2221 299 2261 qui
316 2221 418 2250 miser
440 2225 513 2257 est;
540 2231 582 2250 eo
604 2221 675 2260 ipso
691 2222 781 2261 quod
800 2231 872 2252 sese
889 2223 947 2252 mi-

242 2279 353 2301 serum
382 2270 570 2309 cognoscit,
600 2270 727 2311 absque
751 2280 816 2311 quo
843 2272 945 2302 miser

244 2329 310 2350 non
327 2319 427 2358 foret,
443 2329 506 2349 uon
524 2320 612 2350 malo
630 2324 818 2360 torquetur,
834 2321 944 2359 modo,

243 2369 314 2406 sed,
328 2373 365 2399 ut
380 2369 512 2399 cautior
526 2374 590 2407 est,
604 2378 643 2398 eo
661 2370 767 2409 magis
780 2370 944 2400 annititur

244 2423 283 2449 ut
300 2419 382 2449 illud
400 2418 555 2457 effugiat.
585 2419 636 2449 Ex
656 2428 714 2449 suo
731 2420 881 2460 adeoque
897 2420 944 2460 ip-

246 2469 313 2499 sius
345 2473 482 2508 conatu,
508 2478 574 2509 quo
602 2469 690 2498 vires
716 2469 883 2508 exhaurit,
910 2470 942 2499 in

244 2519 316 2549 dies
342 2520 468 2550 crescit
496 2518 605 2558 dolor,
630 2519 692 2549 nisi
721 2519 747 2549 is
773 2520 944 2550 contrario

244 2568 332 2598 bono
363 2568 505 2598 levetur.
563 2568 684 2609 ltaque
717 2569 849 2608 potiora
886 2569 944 2598 illa

246 2617 409 2655 Maronis,
423 2627 496 2657 quae
513 2627 579 2648 non
601 2618 672 2648 sine
689 2619 819 2649 ratione
842 2619 942 2648 animi

246 2664 481 2697 fortitudinem
499 2667 692 2699 inculcant:
717 2669 726 2685 ‘
744 2669 890 2706 Durate,
906 2672 942 2698 et

1001 1728 1090 1768 passi
1119 1728 1298 1767 graviora3
1323 1728 1416 1759 dabit
1432 1729 1528 1759 Deus
1553 1728 1603 1758 his
1620 1738 1700 1769 quo-

1001 1788 1066 1818 que
1089 1777 1217 1809 finem?
1255 1778 1321 1808 Sed
1348 1778 1436 1808 enim
1466 1788 1508 1808 ex
1536 1778 1700 1818 religione

999 1828 1080 1866 sola,
1097 1837 1204 1868 eaque
1222 1837 1300 1858 vere
1318 1827 1522 1867 Christiana,
1537 1828 1607 1867 peti
1626 1837 1700 1867 pos·

998 1883 1075 1909 suut
1105 1888 1216 1908 causae
1245 1887 1321 1918 quae
1351 1881 1501 1908 mentem
1540 1877 1698 1907 adversus

998 1937 1129 1958 omnem
1146 1936 1327 1957 aerumnam
1343 1925 1555 1957 confirment.

1041 1981 1083 2009 59
1099 1980 1202 2018 Atque
1216 1978 1349 2017 utinam]
1366 1976 1441 2007 Nisi
1457 1974 1546 2005 forte
1565 1984 1698 2016 quoquo

999 2027 1099 2058 modo
1112 2027 1226 2057 odium
1243 2036 1307 2066 quo
1325 2025 1358 2055 in
1376 2025 1545 2055 Barbaros
1568 2023 1700 2055 fereba-

999 2081 1055 2106 tur
1073 2077 1165 2107 Naso
1180 2075 1330 2105 indicare
1347 2074 1466 2112 voluit,
1484 2074 1631 2113 turpiter
1645 2073 1699 2104 hic

999 2125 1040 2155 de
1059 2126 1243 2156 animarum
1261 2128 1378 2155 natura
1402 2124 1528 2154 sentire
1547 2123 1701 2154 videtur:

1000 2174 1094 2211 quasi
1110 2174 1186 2212 iliae,
1211 2178 1288 2212 post
1313 2173 1398 2212 fata,
1415 2173 1525 2203 alieno
1543 2173 1623 2203 vitio
1641 2173 1700 2204 ob-

999 2222 1108 2251 noxiae
1125 2231 1199 2252 esse
1216 2223 1356 2261 possint.
1382 2222 1479 2252 Quod
1496 2228 1617 2253 contra
1629 2228 1700 2260 est;

999 2271 1211 2311 maximoque
1230 2271 1323 2301 uobis
1341 2271 1460 2301 solatio
1479 2281 1552 2301 esse
1569 2271 1685 2302 debet.

1042 2323 1083 2351 60
1108 2320 1227 2359 Rogas]
1252 2320 1291 2350 In
1317 2319 1438 2360 quibus
1459 2319 1697 2352 defunctorum

998 2370 1165 2399 cadavera
1181 2378 1332 2400 cremare
1348 2375 1605 2402 consueverant.

1040 2422 1081 2449 62
1105 2419 1220 2459 Samii]
1244 2419 1472 2460 Pythagoram
1485 2419 1581 2460 dicit,
1596 2420 1696 2452 Samo

1001 2469 1202 2507 oriundum3
1226 2471 1319 2509 cujus
1351 2470 1541 2501 doctrinam
1566 2479 1607 2500 ex
1625 2472 1699 2502 Me-

998 2524 1075 2550 tam.
1093 2524 1227 2558 repetas
1245 2519 1336 2550 licet.

1039 2571 1079 2598 63
1100 2569 1251 2608 Romana]
1278 2569 1421 2599 Nasonis
1438 2569 1697 2609 Romani,inter

998 2628 1095 2659 quem
1112 2624 1147 2649 et
1163 2619 1331 2649 Barbaros
1348 2620 1485 2650 minime
1502 2620 1674 2652 convenit.

1037 2671 1078 2699 64
1103 2669 1237 2708 Perque]
1263 2670 1382 2710 Neque
1407 2670 1488 2700 satis
1512 2669 1600 2700 istud
1617 2679 1694 2701 cum

247 2719 378 2746 vosmet
415 2716 512 2747 rebus
549 2721 682 2749 servate
713 2718 881 2758 secundis,
909 2718 940 2750 Ο
995 2723 1186 2751 ceterorum
1212 2718 1369 2751 doctriua
1393 2719 1436 2751 de
1464 2718 1588 2753 Inferis
1616 2729 1693 2752 con-
