1877 3193
196 139 311 181 2396
689 153 731 182 P.
764 151 921 182 ovmn
955 149 1169 181 NAsoms

197 246 312 297 Quae
333 247 454 298 latet,
475 248 603 300 inque
620 247 749 288 bonis
772 248 916 288 cessat
936 258 1023 286 non
1043 245 1218 299 cognita
1233 245 1379 295 rebus,

255 313 455 367 Apparet
472 314 608 355 virtus
629 313 907 366 arguiturque
928 312 1069 353 malis.
1595 310 1651 353 80

198 379 288 419 Dat
308 380 387 420 tibi
406 384 557 421 nostra
578 381 726 420 locum
747 380 861 420 tituli
883 379 1102 430 Fortuna3
1135 382 1357 433 caputque

257 445 558 501 Conspicuam
578 447 719 500 pietas
741 459 829 499 qua
848 449 924 486 tua
945 446 1070 486 tollat
1088 445 1233 486 habet.

200 512 333 554 Utere
352 515 635 568 temporibus,
660 525 847 565 quorum
867 525 982 553 nunc
1001 525 1178 554 munere
1198 512 1311 554 freta
1330 524 1390 553 es.

257 581 326 621 En
350 584 471 634 patet
491 581 534 621 in
554 581 712 621 laudes
731 592 833 621 area
854 580 945 622 lata
965 583 1078 621 tuas.

200 712 379 744 abscondita
395 715 452 750 est,
467 714 496 742 et
514 711 601 749 jacet
616 720 676 741 non
691 710 817 750 cognita
841 712 875 741 in
893 711 984 742 rebus
1001 712 1151 751 secundis,
1174 713 1263 742 extat
1279 714 1308 742 et
1321 709 1495 742 ostenditur
1509 709 1654 741 adversis.

201 755 278 786 Sors
292 758 397 786 nostra
413 754 472 785 tibi
483 754 601 794 praebet
615 753 800 783 occasionem
814 753 936 789 laudis;
959 757 989 783 et
1011 754 1115 793 pietas
1129 757 1184 784 tua
1199 753 1289 784 habet
1305 764 1363 793 qua
1378 754 1466 784 tollat
1481 755 1572 792 caput
1587 762 1657 783 ccm-

199 798 349 838 spicuam.
399 798 476 827 Uter
478 806 493 826 e
507 796 673 837 occasione,
687 795 771 834 cujus
787 793 928 836 beneficio
942 804 1022 825 nunc
1035 796 1138 835 polles.
1183 796 1264 826 Ecce
1279 799 1382 826 vastus
1395 805 1519 835 campus
1533 798 1657 835 apertus

200 844 245 871 est
261 840 293 870 in
308 839 442 878 gloriam
457 842 553 870 tuam.

813 912 1046 924 eeeeeeeeeeee

202 980 336 1013 quoque
353 980 429 1001 cum
446 969 628 1011 Gottorph.
660 971 782 1003 Heius.
796 971 911 1002 mallet
939 972 982 1002 P.
1007 974 1114 1002 vacet:
1139 970 1276 1011 plurimi
1293 969 1351 1001 alu
1366 973 1466 1000 meat
1468 971 1553 1000 —83
1578 969 1658 1000 Non

202 1014 356 1053 intelligo
372 1013 466 1044 haec·
490 1022 567 1043 nam
583 1014 610 1043 si
635 1023 710 1044 cum
739 1014 874 1044 Merula
900 1013 1197 1053 explices,adjuta
1213 1023 1259 1053 eS‚
1285 1017 1476 1044 sustentata
1491 1021 1540 1051 eS,
1563 1012 1659 1042 ‘-1nu

201 1066 284 1087 nere
303 1056 504 1095 temp01u1n’
523 1056 602 1096 quid
620 1056 683 1086 sibi
699 1057 782 1087 velit
799 1056 910 1087 Po'eta
925 1066 991 1086 non
1006 1056 1114 1097 capio.
1131 1056 1181 1087 Cl.
1205 1055 1450 1086 Heumannus·
1443 1064 1476 1085 in
1500 1054 1660 1093 Parergis

205 1098 343 1130 Cliticis
359 1108 469 1136 nuper
486 1098 587 1128 editis
605 1108 636 1138 p.
657 1101 729 1128 115.
752 1098 959 1139 ‘intlepide'
981 1108 1016 1130 se
1032 1099 1148 1139 legere
1171 1098 1271 1138 dicit,
1292 1097 1363 1139 fida
1379 1108 1432 1134 es;
1456 1096 1557 1138 quod,
1575 1104 1660 1136 pace

204 1141 269 1171 viri
285 1140 469 1171 doctissimi
487 1140 641 1179 dixerint,
655 1140 791 1170 minime
808 1141 944 1180 placet:
978 1141 1129 1180 explicat
1154 1145 1280 1180 autem,
1296 1149 1386 1171 nunc
1403 1149 1444 1171 ex
1471 1139 1538 1169 suis
1565 1138 1661 1169 malis

207 1183 420 1214 occasionem
444 1182 558 1212 datam
576 1182 672 1212 uxmi
688 1182 944 1213 demonstrandi
961 1192 997 1212 se
1013 1183 1137 1213 fidam:
1152 1184 1211 1215 sed
1234 1193 1275 1214 an
1289 1183 1353 1214 hoc
1377 1182 1568 1223 significare
1583 1190 1660 1220 pos-

206 1229 286 1256 sunt
303 1225 360 1255 illa
378 1223 518 1262 verba
537 1234 676 1264 qnorum
691 1233 779 1254 nunc
804 1233 943 1254 munere
959 1223 1027 1254 fida
1040 1224 1106 1254 es!‘
1131 1235 1172 1255 an
1187 1235 1268 1265 ergo
1284 1230 1385 1256 antea
1400 1234 1466 1255 non
1485 1228 1559 1254 erat
1573 1222 1659 1253 fida
1653 1222 1665 1244 ²

205 1266 297 1297 aliud
313 1272 367 1297 est
382 1266 468 1296 enim
486 1265 586 1296 fidam
602 1275 690 1305 esse,
708 1265 797 1296 aliud
815 1266 992 1297 occasione
1007 1265 1087 1296 data
1098 1265 1199 1296 fidem
1217 1268 1307 1297 illam
1325 1267 1528 1297 ostendere:
1553 1265 1616 1296 hoc
1633 1265 1663 1296 si

205 1309 368 1340 voluisset
391 1308 464 1338 aliis
489 1308 601 1339 verbis
619 1318 696 1338 usus
723 1307 854 1338 fuisset.
900 1308 939 1338 In
968 1309 1051 1338 Mss.
1079 1308 1208 1339 Richel.
1235 1313 1319 1347 erat,
1344 1318 1469 1347 quorum
1494 1307 1553 1337 tibi
1576 1307 1663 1347 copia

205 1361 285 1382 nunc
300 1354 355 1382 est.
401 1350 468 1380 Sed
496 1360 606 1391 neque
632 1350 697 1380 hoc
725 1360 858 1381 sensnm
886 1354 1004 1390 aptum
1026 1349 1131 1380 facit:
1162 1350 1196 1380 in
1223 1354 1369 1390 quatuor
1386 1350 1472 1387 aliis,
1486 1358 1612 1388 quorum
1627 1352 1663 1379 tu

206 1393 425 1431 munerefreta
441 1403 489 1423 es:
513 1393 547 1423 in
575 1394 702 1423 Lovan.
729 1402 856 1432 quorum
871 1392 934 1422 sz‘c:
968 1392 1003 1422 in
1024 1392 1162 1432 optimis
1185 1392 1359 1423 codicibus
1373 1391 1519 1424 Juniano
1535 1396 1570 1420 et
1587 1391 1663 1421 Lei-

206 1435 316 1474 densi,
330 1445 454 1474 quorum
480 1445 538 1465 non
557 1444 680 1465 munere
696 1434 786 1470 freta
814 1445 855 1464 eS.
901 1435 953 1464 Ex
980 1444 1122 1474 quorum
1139 1434 1292 1473 vestigiis
1309 1435 1435 1465 rectius
1452 1433 1517 1472 legi
1536 1437 1662 1473 posset,

212 1478 308 1508 Utere
326 1477 524 1516 temporibus,
541 1486 668 1516 quorum
683 1486 741 1506 non
768 1486 893 1507 munere
907 1480 1021 1515 spreto,
1047 1477 1097 1506 Εη
1119 1480 1207 1515 patet
1230 1477 1262 1507 in
1287 1477 1391 1507 laudes
1410 1486 1484 1506 areu
1499 1476 1563 1506 lata
1579 1479 1662 1506 tuas.

207 1520 317 1550 Utere
333 1518 526 1549 infelicibus
543 1519 656 1549 mariti
675 1519 722 1548 tui
740 1518 960 1558 temporibus,
973 1527 1112 1558 quorum
1129 1527 1262 1556 munus,
1278 1518 1312 1548 id
1331 1522 1384 1549 est
1399 1519 1622 1556 occasionem,
1637 1517 1664 1548 si

208 1571 274 1592 non
301 1571 453 1609 spernas,
469 1561 588 1601 ingens
614 1560 699 1591 tibi
693 1570 724 1590 in
743 1560 858 1590 laudes
876 1569 954 1590 alea
971 1560 1114 1599 patebit,
1129 1565 1165 1590 et
1191 1560 1239 1590 ita
1255 1560 1332 1598 erit,
1347 1565 1384 1591 ut
1401 1560 1479 1590 alibi
1496 1560 1591 1598 dicit,
1605 1560 1664 1590 ali-

209 1604 282 1644 quis
299 1614 377 1634 usus
394 1604 427 1633 in
446 1604 527 1643 ipsis
543 1603 645 1633 malis.
670 1603 803 1632 Munera
820 1612 899 1632 veno
917 1607 951 1632 et
966 1604 1046 1632 dona
1063 1602 1225 1642 temporis
1253 1583 1353 1632 obvia
1368 1607 1404 1632 et
1420 1604 1558 1641 elegans
1575 1603 1665 1633 locu·

209 1646 280 1676 tio:
314 1647 362 1676 ita
388 1646 505 1678 Quint.
532 1654 569 1675 x.
597 1648 628 1676 6.
674 1646 682 1661 ‘
703 1643 867 1676 Refutare
907 1645 1068 1684 temporis
1105 1654 1247 1674 munera
1272 1645 1372 1683 louge
1397 1643 1666 1675 stultissimum?

210 1688 299 1728 quod
316 1688 405 1718 idem
423 1687 580 1728 estquod
597 1697 756 1726 spernerte
784 1686 843 1717 sed
864 1687 905 1717 de
931 1687 989 1717 illo
1013 1686 1166 1726 amplius}
1172 1686 1214 1716 ad
1242 1687 1317 1717 Val.
1334 1687 1427 1717 Flac.
1445 1696 1483 1717 11.
1500 1689 1574 1717 252.
1593 1686 1667 1726 jam

211 1729 353 1770 egimus.
378 1730 579 1760 Burm.——84
603 1730 654 1759 En
671 1739 712 1759 ex
730 1729 851 1760 Heius.
868 1728 1000 1760 emend.
1019 1729 1187 1769 quomodo
1215 1733 1249 1760 et
1273 1739 1356 1760 unus
1370 1730 1410 1760 V.
1441 1729 1525 1760 Mox
1541 1730 1606 1760 lata
1622 1737 1665 1759 ex

210 1782 261 1812 pr.
280 1772 368 1803 Edd.
385 1776 419 1802 ct
437 1782 495 1802 sex
511 1772 648 1811 seriptis
663 1772 777 1812 placet
793 1772 913 1802 Heins.
931 1781 1000 1812 prae
1019 1772 1106 1812 vulg.
1124 1781 1248 1811 magna.

865 1862 1008 1893 NOTAE

211 1938 349 1970 medicat
370 1937 452 1968 artis
468 1937 678 1969 inventorem
695 1937 816 1978 saepius
828 1936 912 1967 dixi-
964 1935 1133 1976 habueris,
1162 1936 1253 1968 idem
1290 1935 1476 1967 credideris
1510 1935 1597 1976 quod
1629 1941 1666 1968 et

215 1998 296 2019 nius.
964 1987 1092 2028 pagina
1124 1997 1220 2018 sacra
1258 1987 1368 2025 docet,
1402 1986 1538 2016 beatum
1570 1986 1663 2018 illum

255 2041 293 2067 sl
322 2036 434 2075 Tituli]
464 2036 599 2067 Laudis.
965 2047 1065 2079 quem
1081 2036 1266 2069 tentamina
1288 2036 1364 2078 ipsa
1379 2034 1664 2069 confirmaverint.

254 2090 294 2119 83
320 2086 432 2127 freta]
450 2085 613 2127 Adeoque
626 2084 653 2117 si
668 2085 796 2118 Nasoni
808 2084 910 2118 fidem
