1863 3193
214 151 327 194 2328

703 166 741 197 Ρ.
773 166 930 196 ovmtl
966 164 1182 196 NASONIS

219 257 382 311 Effugit
401 259 616 313 hybernas
637 259 828 302 demissa
849 264 1037 302 antenna
1057 261 1295 314 procellas,

271 327 470 379 Lataquc
491 328 591 380 plus
614 329 760 380 parvis
783 329 881 369 vela
904 329 1072 370 timoris
1092 329 1271 371 habent.

1617 331 1672 371 10

214 392 414 446 Aspicis,
435 399 481 434 ut
501 407 670 434 summa
692 398 846 435 cortex
868 396 977 436 levis
999 397 1161 437 innatet
1181 396 1312 445 unda,

272 459 384 500 Cum
406 474 532 513 grave
550 475 663 501 nexa
683 463 812 502 simul
833 464 943 503 retia
962 467 1129 516 mergat
1150 477 1276 506 onus,

220 526 336 568 Haec
357 541 439 579 ego
461 529 498 568 si
520 529 707 568 monitor
726 529 919 569 monitus
940 530 1063 582 prius
1085 531 1181 583 ipse
1201 530 1397 581 fuissem,

276 594 327 634 In
348 608 435 648 qua
456 596 689 636 debueram
712 596 889 637 forsitan
912 597 1031 637 Urbe
1052 597 1203 639 forem.

218 661 335 701 Dum
356 665 497 702 tecum
518 663 627 711 vixi,
648 663 749 702 dum
769 676 836 702 me
858 664 970 703 levis
994 675 1100 703 aura
1120 664 1300 714 ferebat,

1617 664 1674 705 15

274 727 390 769 Haec
407 741 504 768 mea
524 742 603 781 per
624 729 823 782 placidas
843 731 1000 782 cymba
1021 733 1209 772 cucurrit
1231 744 1388 784 aquas.

216 792 304 843 Qui
326 795 443 835 cadit
463 796 507 834 in
528 796 658 848 plano
688 794 786 849 (vix
807 796 888 835 hoc
910 799 1058 836 tamen
1081 798 1227 838 evenit
1248 796 1417 851 ipsum)

273 861 346 901 Sic
369 861 498 910 cadit,
520 865 566 901 ut
586 865 704 902 tacta
724 874 895 913 surgere
918 863 1062 915 possit
1080 863 1214 905 humo
1233 878 1241 904 :

215 925 274 967 At
296 927 428 967 miser
445 927 651 980 Elpenor,
676 932 791 969 tecto
814 929 1022 982 delapsus
1042 931 1098 971 ab
1122 932 1223 982 alto,

273 993 475 1035 Occurrit
495 995 610 1047 Regi
631 996 790 1037 debilis
808 997 960 1038 umbra
981 1011 1074 1039 suo.

1617 1001 1673 1042 :20

214 1116 312 1155 possit
325 1116 431 1155 potius
446 1126 565 1147 nocere.
611 1119 752 1147 Antenna
768 1118 899 1148 demissa
913 1118 993 1148 vitat
1011 1121 1207 1158 tempestates
1221 1118 1386 1158 hybernus,
1402 1121 1431 1148 et
1445 1122 1532 1149 rasta
1547 1118 1674 1150 carbasa

217 1157 328 1188 habent
340 1159 411 1197 plus
425 1162 524 1188 metus
539 1169 628 1198 quam
652 1169 762 1198 parva.
812 1160 915 1196 Vides,
942 1163 976 1190 ut
1002 1161 1077 1190 levis
1092 1165 1198 1191 cortem
1205 1160 1334 1198 feratur
1357 1170 1447 1200 super
1461 1171 1556 1201 aquas
1571 1165 1674 1192 extre-

217 1209 295 1237 mas,
315 1210 383 1230 cum
396 1202 516 1239 pondus
528 1211 625 1239 grave
638 1202 670 1231 in
682 1201 869 1241 profundum
884 1211 983 1232 secum
1000 1203 1106 1232 trahat
1121 1203 1201 1233 retia
1216 1203 1358 1241 alligata.
1403 1202 1441 1234 Sz'
1462 1213 1519 1242 ego
1539 1204 1675 1235 monitor

214 1242 304 1281 prius
320 1242 384 1281 ipse
397 1253 490 1273 essem
506 1244 543 1273 (Ie
556 1244 604 1273 his
618 1245 803 1281 admonitus,
813 1243 902 1280 forte
916 1254 1010 1274 essem
1025 1244 1059 1274 in
1077 1245 1170 1283 Urbe,
1183 1245 1214 1274 in
1229 1254 1286 1284 qua
1298 1254 1360 1276 esse
1372 1245 1544 1277 debueram.
1562 1246 1676 1281 Quam-

216 1283 269 1314 diu
284 1285 352 1314 rix-i
367 1288 478 1323 tecum,
500 1286 644 1324 quamdiu
660 1286 735 1316 lenis
750 1290 859 1316 reulus
874 1296 919 1316 me
933 1286 1058 1326 agebat,
1090 1287 1154 1317 haec
1175 1297 1241 1317 meu
1256 1288 1344 1317 navis
1365 1288 1429 1317 lata
1444 1292 1490 1317 est
1502 1298 1559 1327 per
1580 1298 1676 1327 aquas

217 1327 411 1366 tranquillus.
460 1328 521 1363 Qui
537 1328 620 1358 cauit
636 1328 668 1358 in
677 1329 769 1367 plano
784 1329 862 1367 (vix
877 1332 977 1359 tumen
991 1329 1045 1360 hoc
1060 1329 1159 1369 ipsum
1171 1329 1307 1367 accidit)
1320 1329 1366 1358 itu
1377 1329 1473 1367 cadit,
1487 1334 1520 1359 ut
1528 1332 1627 1369 possit
1642 1340 1675 1361 se

217 1369 351 1410 erigere,
367 1372 452 1400 terra
467 1373 568 1402 tacta.-
592 1374 624 1400 αι
641 1370 753 1409 infelix
766 1372 900 1411 Elpenor
912 1372 1071 1402 devolutus
1082 1382 1121 1402 ea:
1132 1372 1253 1403 sublimi
1265 1375 1345 1402 tecto
1355 1370 1467 1402 obtulit
1477 1381 1508 1402 se
1525 1372 1674 1403 Umbram

828 1455 1063 1467 eeeeeeeeeeee

218 1504 511 1535 commendatione
524 1505 687 1545 prodest!
705 1506 902 1536 Burm.—10
914 1507 1011 1537 Unus
1028 1505 1114 1536 liber
1126 1506 1279 1545 Altaque,·
1295 1505 1378 1536 alius
1389 1507 1580 1546 Amploque;
1606 1510 1674 1537 ter-

216 1545 283 1575 tius
302 1547 574 1587 Magnaque—ll
600 1547 668 1578 Alii
691 1549 747 1579 lev.
761 1548 884 1579 innatat
898 1550 1059 1579 nuth—12
1075 1549 1157 1580 Lov.
1176 1549 1218 1579 Et
1231 1558 1322 1587 grav.
1340 1549 1455 1579 Burm.
1469 1549 1555 1589 conj.
1572 1548 1674 1580 At.—

221 1590 260 1618 13
285 1588 325 1618 In
342 1589 541 1629 quibusdam
559 1589 661 1621 editis
680 1590 743 1621 His
757 1600 813 1629 ego
828 1591 856 1621 si
872 1590 998 1621 monitis
1011 1601 1089 1622 mon.
1106 1591 1139 1621 iu
1156 1591 1269 1621 multis
1282 1594 1365 1621 vett.
1388 1590 1453 1621 His
1469 1600 1525 1629 ego
1538 1591 1564 1621 si
1579 1591 1675 1622 moni-

215 1633 287 1665 tor,·
303 1635 337 1661 at
360 1631 448 1662 Edd.
462 1633 612 1672 optimae,
636 1637 724 1664 teste
742 1633 858 1664 Burni.
876 1633 1054 1665 Hoec.——14
1077 1633 1251 1664 Debueram
1268 1643 1310 1663 ex
1328 1633 1435 1663 tribus
1452 1637 1534 1663 vett.
1553 1633 1673 1664 Heius.

218 1673 341 1713 recipit
355 1683 415 1712 pro
428 1675 520 1713 vulg.
537 1675 773 1706 debebam—15
792 1675 900 1706 Faber
916 1682 951 1706 et
967 1675 1087 1706 Heius.
1101 1676 1188 1706 Dum
1201 1678 1416 1707 mecum—16
1433 1674 1501 1705 Pro
1518 1675 1598 1705 Hoec
1614 1676 1675 1706 Fa-

217 1713 279 1744 ber
290 1715 390 1745 etiam
413 1715 548 1755 legebat
566 1717 662 1748 Tunc.
676 1718 757 1748 Mox
773 1718 869 1749 Leid.
886 1718 984 1758 cymb.
1000 1719 1133 1749 recurrit
1142 1721 1276 1758 ηιμ-17
1292 1718 1375 1748 Lov.
1387 1727 1471 1747 even.
1485 1727 1673 1757 uuquam.—

218 1758 257 1786 19
280 1757 340 1788 Be.
364 1762 398 1788 et
414 1758 506 1789 Leid.
529 1759 600 1790 mis.
616 1760 783 1800 Alphenor.
806 1761 889 1793 'rum
906 1761 995 1792 idem
1010 1760 1108 1792 Leid.
1127 1764 1222 1800 creto,
1240 1760 1293 1791 vel
1305 1763 1388 1791 recto
1401 1759 1603 1799 ‹Idume-20
1621 1759 1673 1792 Ex

878 1853 1016 1886 NOTAE

216 1915 343 1946 clariss.
360 1915 532 1947 Heinsius.
570 1917 774 1958 Quanquam
789 1917 916 1959 aliquid

216 1966 292 1996 boni
316 1966 425 1997 auimo
450 1966 585 1998 videtur
612 1969 832 2009 concepisse:
856 1968 916 2000 sed

214 2015 367 2054 prolerre
386 2016 538 2048 nescivit.

256 2068 276 2094 9
301 2065 442 2105 Effugit]
467 2066 614 2107 Egregia
629 2068 879 2107 comparatione
897 2078 917 2099 a

217 2123 251 2143 re
282 2115 419 2146 nautica
448 2115 613 2155 desumta,
643 2127 742 2156 quam
773 2118 915 2148 Flaccus

215 2163 337 2203 aliique
354 2164 622 2203 inculcaverunt,
638 2165 707 2196 alta
720 2165 916 2205 petentibus

214 2212 359 2243 maxima
374 2212 548 2243 imminere
566 2214 718 2253 pericula
734 2215 894 2247 ostendit.

258 2264 296 2293 10
323 2262 470 2302 Timoris]
493 2263 582 2295 Quia
596 2264 691 2294 illum
707 2269 826 2295 creant
839 2275 913 2306 quae

216 2311 353 2342 nimium
371 2316 508 2342 ventum
523 2313 663 2353 capiunt
680 2314 762 2345 vela.

261 2364 296 2391 11
325 2361 454 2401 Cortex]
478 2362 546 2392 Per·
563 2372 639 2393 eum
667 2368 784 2394 tenues
808 2362 913 2395 fortu-

212 2420 263 2441 nae
279 2411 430 2442 homines
446 2412 613 2452 intellige,
636 2413 692 2453 qui
718 2412 855 2444 demissi
879 2414 912 2444 in

211 2460 357 2492 obscuro
374 2462 474 2492 vitum
495 2467 614 2501 agunt.

257 2514 296 2542 12
322 2511 422 2551 Onus]
446 2511 628 2543 Plumbum
644 2512 740 2553 (licit,
756 2513 843 2553 quod
861 2522 910 2543 re-

212 2560 300 2591 tibus
317 2562 448 2601 alligari
464 2561 550 2592 solet
566 2565 603 2592 ut
616 2560 758 2592 fundum
776 2566 911 2602 petant3

212 2620 273 2650 per
290 2611 379 2651 quod
394 2621 476 2642 onus
507 2611 674 2643 Potentes
696 2612 908 2653 intelligendi

210 2664 299 2696 sunt,
321 2660 474 2700 aquibus
501 2661 651 2694 imminet
679 2663 790 2703 parvis
819 2663 906 2704 peri«

211 2708 331 2739 (ἰυΙιιιιιΔ

1015 1920 1053 1948 15
1080 1916 1188 1957 Levis]
1221 1916 1323 1950 Quali
1350 1915 1484 1956 quidem
1510 1914 1560 1946 illi
1587 1924 1670 1956 opus

972 1968 1097 2009 estqui
1114 1968 1177 1999 sibi
1193 1967 1286 1998 vivit.

1015 2021 1055 2048 16
1091 2017 1223 2058 Cymba]
1257 2017 1327 2047 Pro
1358 2015 1441 2055 vita,
1473 2019 1530 2047 aut
1560 2016 1671 2048 Poeta

969 2066 1056 2108 ipso.

1011 2117 1132 2157 Aquas]
1154 2117 1342 2147 Fortunam
1365 2115 1530 2155 intellige,
1545 2125 1671 2147 rerum-

969 2175 1034 2204 que
1050 2171 1175 2196 starum
1193 2166 1356 2206 quietum.

1014 2217 1053 2243 17
1091 2214 1205 2253 Plano]
1245 2215 1284 2244 ld
1315 2219 1380 2252 est,
1409 2224 1513 2254 supra
1543 2219 1670 2245 sortem

970 2272 1062 2293 suam
1080 2273 1147 2293 non
1165 2264 1327 2295 sublatus.

1015 2315 1052 2342 18
1068 2312 1221 2352 Surgere]
1244 2312 1332 2344 Quia
1349 2321 1367 2341 a
1383 2311 1565 2341 mediocris
1582 2311 1670 2351 ejus-

969 2362 1112 2403 demque
1130 2362 1274 2393 fortuuae
1292 2361 1668 2402 houiinibus,rebusque

967 2413 1098 2444 levibus
1115 2413 1272 2453 dejectis,
1300 2423 1373 2443 sese
1401 2417 1502 2453 atque
1529 2413 1603 2443 illas
1619 2412 1668 2443 fa-

966 2463 1030 2493 cile
1046 2468 1097 2493 est
1114 2463 1258 2503 erigere.

1010 2516 1050 2543 19
1077 2513 1225 2553 Elpenor]
1250 2512 1317 2545 Qui
1341 2512 1472 2552 Ulyssis
1493 2522 1604 2543 comes
1620 2512 1669 2543 ni-

964 2561 1047 2593 mius
1064 2572 1158 2593 mero
1174 2569 1276 2603 atque
1304 2572 1346 2593 ex
1374 2563 1452 2593 altis
1478 2563 1577 2594 scalis
1595 2564 1667 2604 lap-

966 2622 1021 2642 sus
1039 2612 1206 2643 cervicem
1223 2611 1336 2652 fregit.

1003 2665 1044 2692 20
1070 2662 1230 2702 Occurrit]
1264 2663 1349 2692 Cum
1376 2662 1417 2692 ad
1446 2661 1579 2693 Inferos
1607 2663 1664 2693 de-

960 2712 1146 2743 scendisset
1160 2714 1315 2753 Ulysses:
1361 2717 1397 2743 ut
1414 2718 1529 2744 narrat
1546 2712 1669 2744 Home-

1396 2772 1406 2781 Α

1398 2785 1409 2802 0
