1877 3193
623 174 868 209 ‘rmsrmiu
902 175 999 208 mn.
1032 175 1077 209 v,
1107 163 1178 207 13.

174 269 382 312 Pluribus
405 280 640 323 accusem;
671 271 766 312 fieri
785 271 871 312 nisi
891 271 1046 325 possit,
1068 275 1120 312 ut
1139 269 1197 312 ad
1216 283 1286 313 me

231 338 381 380 Litera
399 351 485 380 non
506 339 652 380 veniat
669 354 679 391 ;
710 340 847 380 missa
868 339 927 380 sit
945 339 1021 379 illa
1041 343 1201 381 tamen.

175 405 235 445 Di
256 406 434 455 faciant,
455 409 502 446 ut
523 406 583 446 sit
603 408 834 448 temeraria
852 411 1004 447 nostra
1024 407 1206 459 querela
1223 419 1236 458 3

229 472 383 525 Teque
403 477 548 525 putem
567 472 680 514 falso
700 487 788 514 non
805 473 1055 513 meminisse
1077 473 1177 514 mei.

176 538 307 588 Quod
328 552 494 592 precor,
516 553 616 580 esse
637 541 788 593 liquet.
835 539 994 593 Neque
1014 539 1134 580 enim
1153 539 1360 582 mutabile
1379 539 1509 583 robur

230 605 416 647 Credere
435 620 504 647 me
525 607 592 648 fas
613 611 680 648 est
701 606 892 661 pectoris
910 619 1007 647 esse
1026 607 1104 648 tui.

173 672 297 714 Cana
315 673 434 726 prius
452 674 595 726 gelido
614 675 757 716 desint
778 674 998 716 absinthia
1017 675 1175 724 Ponto,

227 739 286 781 Et
304 744 452 781 careat
470 741 591 782 dulci
609 742 830 784 Trinacris
852 743 1005 797 Hybla
1024 742 1200 795 thymo;

171 806 473 850 Immemorem
492 822 624 862 quam
645 815 687 850 te
709 810 943 863 quisquam
966 810 1201 851 convineat
1222 810 1370 852 amici.

227 874 332 916 Non
353 876 414 917 ita
433 879 533 916 sunt
552 876 631 917 fati
653 877 842 917 stamina
861 877 986 929 nigra
1005 877 1106 916 mei.

169 941 239 984 Tu
260 947 422 992 tamen,
445 947 493 983 ut
513 943 639 984 falsae
661 945 808 998 possis
828 956 1001 999 quoque
1021 944 1180 997 pellere
1197 943 1340 997 culpae

228 1009 448 1063 Crimina3
481 1012 602 1065 quod
622 1025 707 1052 non
728 1025 792 1061 es,
813 1025 866 1052 ne
885 1011 1082 1062 videare,
1105 1024 1238 1053 cave:

171 1077 319 1130 thue
341 1079 593 1120 solebamus
616 1092 869 1121 consumere
891 1080 1026 1132 longa
1044 1078 1264 1134 loquendo

223 1145 462 1199 Tempora,
481 1159 720 1187 sermonem
742 1146 970 1187 deficiente
987 1146 1083 1197 die;

1572 605 1628 648 ‘20

1570 943 1628 984 '25

164 1276 289 1305 guerem
307 1269 340 1296 te
354 1266 504 1305 pluribus,
527 1265 588 1296 nisi
600 1265 699 1305 possit
704 1264 796 1306 fieri,
820 1267 856 1295 ut
871 1265 999 1304 epistola
1012 1275 1071 1295 non
1082 1263 1243 1304 perveniat
1257 1264 1298 1294 ad
1314 1273 1373 1302 me,
1396 1263 1452 1295 illa
1466 1266 1569 1295 tamen
1585 1265 1628 1295 sit

163 1309 264 1339 missa.
310 1308 368 1338 Dii
384 1308 493 1345 velint,
518 1311 552 1337 ut
567 1311 672 1338 nostra
687 1307 878 1347 querimonia
900 1308 941 1337 sit
957 1307 1136 1344 temeraria,
1158 1310 1189 1337 et
1204 1307 1327 1337 credam
1342 1306 1428 1344 falso
1443 1309 1474 1337 te
1488 1315 1551 1337 esse
1566 1308 1628 1337 mei

164 1352 377 1381 immemorem.
422 1351 562 1389 Apparet
588 1360 651 1381 esse
675 1351 752 1389 quod
776 1353 865 1390 opto:
890 1359 985 1390 neque
1008 1349 1089 1380 enim
1112 1350 1183 1380 licet
1205 1359 1251 1380 me
1277 1350 1400 1380 credere
1423 1349 1629 1380 constantiam

164 1393 261 1423 animi
276 1391 322 1422 tui
339 1401 402 1422 esse
425 1392 612 1423 mutabilem.
657 1393 738 1423 Alba
753 1392 909 1423 absinthia
922 1393 1027 1433 potius
1041 1392 1255 1423 desiderentur
1275 1392 1309 1422 in
1325 1392 1427 1422 Ponto
1435 1391 1574 1430 frigido,
1597 1395 1628 1421 et

167 1435 325 1466 Trinacris
341 1434 448 1475 Hybla
463 1435 652 1465 destituatur
677 1435 765 1466 suavi
782 1435 901 1475 thymo,
926 1445 1016 1475 quam
1032 1435 1111 1465 ullus
1125 1434 1232 1473 probet
1249 1438 1279 1465 te
1295 1434 1423 1464 oblitum
1437 1434 1548 1464 amici:
1563 1434 1626 1475 fila

161 1478 254 1508 sortis
270 1487 344 1507 meoe
366 1487 426 1507 non
441 1481 513 1507 sunt
529 1478 603 1507 adeo
618 1481 699 1508 atra.
737 1477 783 1507 Tu
799 1481 913 1514 tamen,
937 1481 970 1507 ut
986 1478 1084 1516 possis
1098 1477 1192 1506 etiam
1205 1480 1344 1506 avertere
1358 1476 1626 1516 exprobrationem

156 1519 235 1558 falsi
246 1520 377 1560 peccati,
404 1519 473 1549 vide.
489 1529 526 1549 ne
548 1528 697 1558 appareas
711 1520 792 1558 quod
807 1529 867 1548 non
883 1528 924 1549 eS.
974 1520 1015 1548 Et
1031 1519 1124 1548 sicuti
1147 1527 1395 1548 consueveramus
1418 1521 1517 1548 terere
1533 1519 1626 1555 longa

162 1566 299 1603 tempora.
324 1560 558 1600 confabulando,
587 1561 637 1590 die
662 1561 847 1591 destituente
872 1560 1034 1600 colloquia,
1060 1561 1108 1590 ita
1136 1570 1215 1590 nunc
1248 1560 1385 1600 epistolae
1400 1558 1512 1597 ferant
1535 1563 1626 1599 atque

771 1643 947 1655 eeeoeeeaee
954 1643 1010 1654 eoo·

162 1699 195 1729 in
210 1697 323 1737 exiguo
338 1700 474 1737 tempore
488 1707 565 1728 naev.
585 1697 651 1728 duo
667 1697 723 1729 alii
741 1698 843 1728 etiam
860 1698 973 1737 exiguo
989 1706 1125 1736 corpore,
1144 1695 1231 1737 quod
1248 1696 1369 1727 Heius.
1386 1696 1534 1736 positum
1553 1705 1626 1727 cre-

164 1740 269 1772 debat
288 1750 347 1779 pro
364 1740 571 1771 eximia—15
587 1740 655 1771 Alii
671 1741 731 1771 nis.
746 1744 859 1780 posset,
874 1743 1006 1771 nat—16
1024 1740 1112 1770 Mor.
1129 1746 1164 1770 et
1180 1743 1323 1780 quatuor
1336 1738 1392 1769 alii
1406 1739 1448 1769 sit
1460 1738 1527 1778 ipsa
1541 1739 1625 1770 licet.

163 1785 245 1814 —21
275 1783 388 1813 Gelida
416 1782 614 1820 Medicens;
637 1789 674 1813 ut
698 1782 831 1820 Pontus,
858 1787 1019 1823 tanquam
1047 1782 1194 1821 regionis
1211 1780 1529 1820 nonien,soerninino
1546 1791 1627 1812 casu

163 1829 320 1866 ponatur.
367 1824 433 1854 Vix
452 1830 564 1855 tamen
581 1825 689 1856 audeo
706 1826 865 1865 probare,
893 1835 969 1856 cum
988 1825 1088 1855 toties
1110 1825 1232 1855 Pontus
1248 1823 1424 1854 masculini
1438 1823 1572 1863 generis
1590 1824 1626 1853 in

162 1868 213 1899 his
228 1867 323 1898 {ibris
339 1872 507 1898 occurrat.
532 1867 732 1898 Burm.—22
758 1869 841 1899 Lov.
861 1868 897 1899 T.
922 1868 998 1898 hora
1015 1867 1059 1897 th.
1087 1867 1176 1907 quod
1195 1876 1256 1906 pro
1273 1876 1326 1896 ora
1345 1866 1490 1905 positum
1507 1866 1624 1896 Burm.

163 1912 360 1950 putat.—25
388 1910 454 1940 Pro
468 1911 579 1949 pellere
596 1920 648 1949 pr.
673 1909 760 1940 Edd.
776 1911 907 1946 tollere;
931 1911 1097 1949 Excerpt.
1114 1910 1210 1939 Voss.
1231 1907 1443 1945 fallere—27
1468 1907 1537 1937 Alii
1567 1907 1624 1937 ha-

164 1952 247 1985 bent
270 1954 353 1992 long.
370 1952 612 1993 loquenda—28
636 1951 815 1983 Sermonem
833 1952 969 1992 reponit
988 1951 1107 1982 Heius.
1126 1960 1168 1981 ex
1186 1952 1246 1981 Ro.
1263 1955 1300 1981 et
1324 1950 1365 1980 P.
1384 1958 1445 1990 pro
1460 1950 1549 1989 vulg.
1564 1959 1626 1980 ser-

824 2048 964 2081 NOTAE

212 2127 251 2155 13
292 2123 376 2163 Hoc]
415 2123 529 2164 Atque
559 2122 644 2155 adeo
672 2123 868 2164 frequentes
925 2121 1056 2163 apibus,
1071 2125 1108 2152 et
1121 2120 1249 2161 optimo
1265 2119 1364 2151 melle
1381 2118 1566 2151 abundans.

165 2174 328 2215 epistolas
349 2175 550 2205 transmitte.

211 2227 250 2256 14
276 2223 402 2263 Nullus]
425 2223 518 2254 Nihil
546 2223 636 2264 quod
663 2222 867 2263 reprehendi

162 2275 270 2315 possit
287 2274 320 2304 in
338 2273 486 2304 amicitia
503 2278 573 2304 tua.

209 2327 248 2355 19
267 2323 389 2363 Robur]
414 2324 662 2362 Constantiam,
680 2328 783 2365 atque
798 2324 865 2354 ani-

165 2375 210 2405 mi
247 2373 500 2412 firmitudinem,
531 2384 630 2415 quam
669 2374 702 2405 in
736 2375 869 2406 tuendis

166 2423 281 2454 amicis
298 2424 491 2463 praesertim
508 2424 716 2463 approbasti.

209 2474 247 2501 21
275 2472 376 2511 Canu]
401 2473 490 2503 Alba
508 2483 586 2503 vero
605 2479 682 2504 sunt
699 2474 808 2505 altera
824 2484 867 2505 ex

168 2524 266 2559 parte
282 2519 363 2551 folia
380 2522 533 2553 absinthii
548 2534 557 2561 3
582 2523 755 2554 laudatum
779 2524 867 2555 insu-

168 2579 229 2610 per
251 2570 440 2601 Ponticum.

210 2621 252 2650 22
279 2618 449 2658 Trinacris]
482 2621 530 2649 Eo
552 2623 683 2653 nomine
713 2634 732 2654 a
758 2623 866 2655 forma

169 2667 340 2706 triangula
355 2667 447 2697 (licta
465 2673 517 2698 cst
533 2670 658 2703 Sicilia.

211 2717 332 2759 Hybla]
368 2717 468 2749 Mons
498 2722 551 2748 cst
580 2719 701 2753 siciliae
740 2723 867 2763 thymo,

967 2174 1007 2202 24
1032 2170 1191 2210 Stamina]
1215 2171 1293 2202 Jam
1316 2170 1440 2209 saepius
1457 2179 1518 2210 pro
1543 2169 1624 2210 ipsis

922 2220 1013 2260 fatis,
1029 2225 1087 2251 aut
1103 2220 1271 2250 hominnm
1288 2223 1378 2249 sorte
1396 2218 1468 2249 fato
1490 2219 1626 2258 praesti-

922 2276 1010 2310 tuta,
1037 2272 1222 2302 Parcarum
1246 2268 1302 2300 fila
1327 2268 1515 2308 habuimus,
1541 2278 1624 2309 quo-

922 2332 996 2353 rnm
1023 2321 1150 2353 candor
1177 2326 1236 2351 aut
1259 2319 1412 2358 nigrities
1436 2317 1551 2349 fausta
1575 2318 1625 2348 in-

922 2371 1100 2411 faustaque
1118 2370 1323 2411 significent.

965 2427 1004 2454 25
1034 2422 1131 2462 Cave]
1155 2424 1353 2461 Quanquam
1378 2419 1467 2450 enim
1482 2416 1622 2456 singulis

923 2474 1004 2504 satis
1042 2482 1115 2503 esse
1153 2472 1254 2501 debet
1289 2479 1347 2500 suo
1378 2467 1512 2498 functos
1547 2475 1621 2496 esse

921 2522 1044 2560 officio,
1059 2521 1138 2552 iilud
1158 2521 1266 2559 ipsum
1293 2529 1334 2548 ex
1361 2517 1472 2548 officio
1495 2521 1561 2555 est,
1578 2516 1621 2548 de

921 2574 1032 2603 aliena
1049 2571 1207 2610 opinione
1221 2568 1309 2609 quod
1323 2568 1402 2597 satis
1415 2567 1458 2597 sit
1471 2566 1622 2597 solicitos

921 2633 1007 2653 csse.
1043 2620 1141 2652 Quod
1159 2619 1294 2659 quidem
1319 2618 1391 2648 viro
1414 2616 1500 2648 bono
1517 2616 1620 2657 inpri-

920 2673 981 2703 mis
999 2669 1192 2702 notandum.
