<?xml version="1.0" encoding="UTF-8"?>
<!DOCTYPE html PUBLIC "-//W3C//DTD XHTML 1.0 Transitional//EN"
    "http://www.w3.org/TR/xhtml1/DTD/xhtml1-transitional.dtd">
<html xmlns="http://www.w3.org/1999/xhtml" xml:lang="en" lang="en">
 <head>
  <title>
</title>
<meta http-equiv="Content-Type" content="text/html;charset=utf-8" />
  <meta name='ocr-system' content='tesseract 3.04.00' />
  <meta name='ocr-capabilities' content='ocr_page ocr_carea ocr_par ocr_line ocrx_word'/>
</head>
<body>
  <div class='ocr_page' id='page_1' title='image "./operaomniaexedit05oviduoft/operaomniaexedit05oviduoft_0386.png"; bbox 0 0 1877 3193; ppageno 0'>
   <div class='ocr_carea' id='block_1_1' title="bbox 214 145 332 188">
    <p class='ocr_par' dir='ltr' id='par_1_1' title="bbox 214 145 332 188">
     <span class='ocr_line' id='line_1_1' title="bbox 214 145 332 188; baseline 0 0"><span class='ocrx_word' id='word_1_1' title='bbox 214 145 332 188; x_wconf 78' lang='lat'><strong>2586</strong></span> 
     </span>
    </p>
   </div>
   <div class='ocr_carea' id='block_1_2' title="bbox 215 246 1350 903">
    <p class='ocr_par' dir='ltr' id='par_1_2' title="bbox 215 246 1350 903">
     <span class='ocr_line' id='line_1_2' title="bbox 216 246 1346 300; baseline -0.003 -10"><span class='ocrx_word' id='word_1_2' title='bbox 216 247 349 299; x_wconf 83' lang='lat' dir='ltr'>Quod</span> <span class='ocrx_word' id='word_1_3' title='bbox 369 250 416 290; x_wconf 81' lang='lat' dir='ltr'>tu</span> <span class='ocrx_word' id='word_1_4' title='bbox 434 248 656 297; x_wconf 83' lang='lat' dir='ltr'>laudaras,</span> <span class='ocrx_word' id='word_1_5' title='bbox 678 247 847 300; x_wconf 91' lang='lat' dir='ltr'>populo</span> <span class='ocrx_word' id='word_1_6' title='bbox 867 246 1089 299; x_wconf 81' lang='lat' dir='ltr'>placuisse</span> <span class='ocrx_word' id='word_1_7' title='bbox 1111 246 1346 299; x_wconf 81' lang='lat' dir='ltr'>putabam:</span> 
     </span>
     <span class='ocr_line' id='line_1_3' title="bbox 272 313 1201 369; baseline -0.002 -13"><span class='ocrx_word' id='word_1_8' title='bbox 272 314 374 356; x_wconf 92' lang='lat' dir='ltr'>Hoc</span> <span class='ocrx_word' id='word_1_9' title='bbox 394 316 581 369; x_wconf 85' lang='lat' dir='ltr'>pretium</span> <span class='ocrx_word' id='word_1_10' title='bbox 602 326 720 355; x_wconf 82' lang='lat' dir='ltr'>curae</span> <span class='ocrx_word' id='word_1_11' title='bbox 742 313 868 354; x_wconf 80' lang='lat' dir='ltr'>dulce</span> <span class='ocrx_word' id='word_1_12' title='bbox 888 313 1075 354; x_wconf 83' lang='lat' dir='ltr'>recentis</span> <span class='ocrx_word' id='word_1_13' title='bbox 1096 317 1201 354; x_wconf 86' lang='lat' dir='ltr'>erat.</span> 
     </span>
     <span class='ocr_line' id='line_1_4' title="bbox 215 381 1203 435; baseline -0.003 -11"><span class='ocrx_word' id='word_1_14' title='bbox 215 381 365 435; x_wconf 85' lang='lat' dir='ltr'>thue</span> <span class='ocrx_word' id='word_1_15' title='bbox 384 395 508 422; x_wconf 86' lang='lat' dir='ltr'>meus</span> <span class='ocrx_word' id='word_1_16' title='bbox 526 382 629 422; x_wconf 84' lang='lat' dir='ltr'>lima</span> <span class='ocrx_word' id='word_1_17' title='bbox 646 393 774 422; x_wconf 81' lang='lat' dir='ltr'>rasus</span> <span class='ocrx_word' id='word_1_18' title='bbox 795 381 902 421; x_wconf 88' lang='lat' dir='ltr'>liber</span> <span class='ocrx_word' id='word_1_19' title='bbox 920 385 1038 422; x_wconf 88' lang='lat' dir='ltr'>esset</span> <span class='ocrx_word' id='word_1_20' title='bbox 1058 381 1203 431; x_wconf 84' lang='lat' dir='ltr'>amici,</span> 
     </span>
     <span class='ocr_line' id='line_1_5' title="bbox 271 447 1259 489; baseline 0.001 -1"><span class='ocrx_word' id='word_1_21' title='bbox 271 448 376 488; x_wconf 89' lang='lat' dir='ltr'>Non</span> <span class='ocrx_word' id='word_1_22' title='bbox 395 449 526 488; x_wconf 86' lang='lat' dir='ltr'>semel</span> <span class='ocrx_word' id='word_1_23' title='bbox 548 448 769 488; x_wconf 79' lang='lat' dir='ltr'>admonitu</span> <span class='ocrx_word' id='word_1_24' title='bbox 788 447 908 487; x_wconf 83' lang='lat' dir='ltr'>facta</span> <span class='ocrx_word' id='word_1_25' title='bbox 927 447 1056 488; x_wconf 83' lang='lat' dir='ltr'>litura</span> <span class='ocrx_word' id='word_1_26' title='bbox 1076 452 1153 488; x_wconf 89' lang='lat' dir='ltr'>tuo</span> <span class='ocrx_word' id='word_1_27' title='bbox 1176 452 1259 489; x_wconf 86' lang='lat' dir='ltr'>est.</span> 
     </span>
     <span class='ocr_line' id='line_1_6' title="bbox 216 514 1322 568; baseline 0 -12"><span class='ocrx_word' id='word_1_28' title='bbox 216 514 314 557; x_wconf 87' lang='lat' dir='ltr'>Nos</span> <span class='ocrx_word' id='word_1_29' title='bbox 333 516 428 556; x_wconf 84' lang='lat' dir='ltr'>fora</span> <span class='ocrx_word' id='word_1_30' title='bbox 446 515 644 556; x_wconf 83' lang='lat' dir='ltr'>viderunt</span> <span class='ocrx_word' id='word_1_31' title='bbox 664 515 834 568; x_wconf 84' lang='lat' dir='ltr'>pariter,</span> <span class='ocrx_word' id='word_1_32' title='bbox 853 526 931 554; x_wconf 85' lang='lat' dir='ltr'>nos</span> <span class='ocrx_word' id='word_1_33' title='bbox 954 515 1149 566; x_wconf 82' lang='lat' dir='ltr'>porticus</span> <span class='ocrx_word' id='word_1_34' title='bbox 1169 515 1322 564; x_wconf 74' lang='lat' dir='ltr'>omniS,</span> 
     </span>
     <span class='ocr_line' id='line_1_7' title="bbox 272 581 1251 635; baseline -0.001 -12"><span class='ocrx_word' id='word_1_35' title='bbox 272 581 371 623; x_wconf 87' lang='lat' dir='ltr'>Nos</span> <span class='ocrx_word' id='word_1_36' title='bbox 391 583 478 632; x_wconf 86' lang='lat' dir='ltr'>via,</span> <span class='ocrx_word' id='word_1_37' title='bbox 497 596 577 623; x_wconf 86' lang='lat' dir='ltr'>nos</span> <span class='ocrx_word' id='word_1_38' title='bbox 593 582 759 635; x_wconf 86' lang='lat' dir='ltr'>junctis</span> <span class='ocrx_word' id='word_1_39' title='bbox 781 595 914 623; x_wconf 83' lang='lat' dir='ltr'>curva</span> <span class='ocrx_word' id='word_1_40' title='bbox 934 582 1104 623; x_wconf 84' lang='lat' dir='ltr'>theatra</span> <span class='ocrx_word' id='word_1_41' title='bbox 1124 582 1251 623; x_wconf 87' lang='lat' dir='ltr'>locis.</span> 
     </span>
     <span class='ocr_line' id='line_1_8' title="bbox 216 649 1350 704; baseline 0.001 -15"><span class='ocrx_word' id='word_1_42' title='bbox 216 649 418 702; x_wconf 87' lang='lat' dir='ltr'>Denique</span> <span class='ocrx_word' id='word_1_43' title='bbox 436 653 577 690; x_wconf 78' lang='lat' dir='ltr'>tantus</span> <span class='ocrx_word' id='word_1_44' title='bbox 599 662 718 689; x_wconf 82' lang='lat' dir='ltr'>amor</span> <span class='ocrx_word' id='word_1_45' title='bbox 737 650 881 699; x_wconf 84' lang='lat' dir='ltr'>nobis,</span> <span class='ocrx_word' id='word_1_46' title='bbox 903 650 1142 699; x_wconf 79' lang='lat' dir='ltr'><strong>carissime,</strong></span> <span class='ocrx_word' id='word_1_47' title='bbox 1166 663 1350 704; x_wconf 79' lang='lat' dir='ltr'><strong>semper,</strong></span> 
     </span>
     <span class='ocr_line' id='line_1_9' title="bbox 273 714 1207 768; baseline -0.001 -12"><span class='ocrx_word' id='word_1_48' title='bbox 273 714 477 766; x_wconf 81' lang='lat' dir='ltr'>Quantus</span> <span class='ocrx_word' id='word_1_49' title='bbox 496 716 540 755; x_wconf 88' lang='lat' dir='ltr'>in</span> <span class='ocrx_word' id='word_1_50' title='bbox 562 715 760 755; x_wconf 82' lang='lat' dir='ltr'>AEacidis</span> <span class='ocrx_word' id='word_1_51' title='bbox 779 714 1090 768; x_wconf 82' lang='lat' dir='ltr'>Actoridisque</span> <span class='ocrx_word' id='word_1_52' title='bbox 1111 716 1207 757; x_wconf 84' lang='lat' dir='ltr'>fuit.</span> 
     </span>
     <span class='ocr_line' id='line_1_10' title="bbox 215 781 1243 836; baseline -0.001 -13"><span class='ocrx_word' id='word_1_53' title='bbox 215 781 319 823; x_wconf 88' lang='lat' dir='ltr'>Non</span> <span class='ocrx_word' id='word_1_54' title='bbox 335 796 431 836; x_wconf 84' lang='lat' dir='ltr'>ego,</span> <span class='ocrx_word' id='word_1_55' title='bbox 453 795 620 823; x_wconf 82' lang='lat' dir='ltr'>securae</span> <span class='ocrx_word' id='word_1_56' title='bbox 640 782 809 822; x_wconf 83' lang='lat' dir='ltr'>biberes</span> <span class='ocrx_word' id='word_1_57' title='bbox 830 782 868 822; x_wconf 83' lang='lat' dir='ltr'>si</span> <span class='ocrx_word' id='word_1_58' title='bbox 889 782 1050 835; x_wconf 83' lang='lat' dir='ltr'>pocula</span> <span class='ocrx_word' id='word_1_59' title='bbox 1068 781 1243 832; x_wconf 86' lang='lat' dir='ltr'>Lethes,</span> 
     </span>
     <span class='ocr_line' id='line_1_11' title="bbox 271 849 1266 903; baseline 0.001 -13"><span class='ocrx_word' id='word_1_60' title='bbox 271 849 492 891; x_wconf 85' lang='lat' dir='ltr'>Excidere</span> <span class='ocrx_word' id='word_1_61' title='bbox 509 849 607 890; x_wconf 84' lang='lat' dir='ltr'>haec</span> <span class='ocrx_word' id='word_1_62' title='bbox 628 849 804 890; x_wconf 83' lang='lat' dir='ltr'>credam</span> <span class='ocrx_word' id='word_1_63' title='bbox 822 854 999 903; x_wconf 80' lang='lat' dir='ltr'>pectore</span> <span class='ocrx_word' id='word_1_64' title='bbox 1021 862 1156 902; x_wconf 84' lang='lat' dir='ltr'>posse</span> <span class='ocrx_word' id='word_1_65' title='bbox 1174 854 1266 891; x_wconf 86' lang='lat' dir='ltr'>tuo.</span> 
     </span>
    </p>
   </div>
   <div class='ocr_carea' id='block_1_3' title="bbox 703 152 1178 186">
    <p class='ocr_par' dir='ltr' id='par_1_3' title="bbox 703 152 1178 186">
     <span class='ocr_line' id='line_1_12' title="bbox 703 152 1178 186; baseline -0.008 -1"><span class='ocrx_word' id='word_1_66' title='bbox 703 156 742 186; x_wconf 91' lang='lat' dir='ltr'>P.</span> <span class='ocrx_word' id='word_1_67' title='bbox 774 154 931 185; x_wconf 88' lang='lat' dir='ltr'>OVIDII</span> <span class='ocrx_word' id='word_1_68' title='bbox 964 152 1178 184; x_wconf 81' lang='lat' dir='ltr'>NASONIS</span> 
     </span>
    </p>
   </div>
   <div class='ocr_carea' id='block_1_4' title="bbox 212 963 1670 1177">
    <p class='ocr_par' dir='ltr' id='par_1_4' title="bbox 212 963 1670 1177">
     <span class='ocr_line' id='line_1_13' title="bbox 214 963 1666 1005; baseline 0.002 -12"><span class='ocrx_word' id='word_1_69' title='bbox 214 963 449 1003; x_wconf 82' lang='lat' dir='ltr'>gratumsuisse</span> <span class='ocrx_word' id='word_1_70' title='bbox 460 963 559 1003; x_wconf 79' lang='lat' dir='ltr'>plebi.-</span> <span class='ocrx_word' id='word_1_71' title='bbox 587 964 652 995; x_wconf 80' lang='lat' dir='ltr'>haec</span> <span class='ocrx_word' id='word_1_72' title='bbox 667 967 734 995; x_wconf 78' lang='lat' dir='ltr'>erat</span> <span class='ocrx_word' id='word_1_73' title='bbox 747 967 844 1004; x_wconf 65' lang='lat' dir='ltr'>grata</span> <span class='ocrx_word' id='word_1_74' title='bbox 858 974 972 995; x_wconf 80' lang='lat' dir='ltr'>merces</span> <span class='ocrx_word' id='word_1_75' title='bbox 986 974 1072 995; x_wconf 61' lang='lat' dir='ltr'>novae</span> <span class='ocrx_word' id='word_1_76' title='bbox 1088 974 1182 995; x_wconf 81' lang='lat' dir='ltr'>curce.</span> <span class='ocrx_word' id='word_1_77' title='bbox 1228 964 1343 1005; x_wconf 73' lang='lat' dir='ltr'>Atque,</span> <span class='ocrx_word' id='word_1_78' title='bbox 1361 968 1395 995; x_wconf 84' lang='lat' dir='ltr'>ut</span> <span class='ocrx_word' id='word_1_79' title='bbox 1406 964 1482 995; x_wconf 76' lang='lat' dir='ltr'>liber</span> <span class='ocrx_word' id='word_1_80' title='bbox 1497 974 1578 996; x_wconf 78' lang='lat' dir='ltr'>meus</span> <span class='ocrx_word' id='word_1_81' title='bbox 1589 969 1666 997; x_wconf 78' lang='lat' dir='ltr'>esset</span> 
     </span>
     <span class='ocr_line' id='line_1_14' title="bbox 212 1006 1666 1048; baseline 0.002 -12"><span class='ocrx_word' id='word_1_82' title='bbox 212 1006 331 1046; x_wconf 81' lang='lat' dir='ltr'>politus</span> <span class='ocrx_word' id='word_1_83' title='bbox 345 1006 419 1036; x_wconf 87' lang='lat' dir='ltr'>lima</span> <span class='ocrx_word' id='word_1_84' title='bbox 432 1007 537 1046; x_wconf 81' lang='lat' dir='ltr'>amici,</span> <span class='ocrx_word' id='word_1_85' title='bbox 548 1007 643 1037; x_wconf 81' lang='lat' dir='ltr'>litura</span> <span class='ocrx_word' id='word_1_86' title='bbox 648 1006 740 1045; x_wconf 79' lang='lat' dir='ltr'>facta</span> <span class='ocrx_word' id='word_1_87' title='bbox 755 1010 799 1038; x_wconf 80' lang='lat' dir='ltr'>est</span> <span class='ocrx_word' id='word_1_88' title='bbox 812 1017 891 1048; x_wconf 83' lang='lat' dir='ltr'>soepe</span> <span class='ocrx_word' id='word_1_89' title='bbox 907 1011 960 1038; x_wconf 81' lang='lat' dir='ltr'>tua</span> <span class='ocrx_word' id='word_1_90' title='bbox 975 1007 1192 1038; x_wconf 78' lang='lat' dir='ltr'>admonitione.</span> <span class='ocrx_word' id='word_1_91' title='bbox 1225 1007 1308 1038; x_wconf 84' lang='lat' dir='ltr'>Fora</span> <span class='ocrx_word' id='word_1_92' title='bbox 1318 1007 1460 1038; x_wconf 77' lang='lat' dir='ltr'>viderunt</span> <span class='ocrx_word' id='word_1_93' title='bbox 1473 1017 1525 1039; x_wconf 84' lang='lat' dir='ltr'>nos</span> <span class='ocrx_word' id='word_1_94' title='bbox 1535 1007 1666 1048; x_wconf 81' lang='lat' dir='ltr'>pariter,</span> 
     </span>
     <span class='ocr_line' id='line_1_15' title="bbox 217 1048 1668 1090; baseline 0.002 -12"><span class='ocrx_word' id='word_1_95' title='bbox 217 1048 316 1079; x_wconf 83' lang='lat' dir='ltr'>omnis</span> <span class='ocrx_word' id='word_1_96' title='bbox 338 1048 478 1089; x_wconf 78' lang='lat' dir='ltr'>porticus</span> <span class='ocrx_word' id='word_1_97' title='bbox 500 1059 554 1080; x_wconf 84' lang='lat' dir='ltr'>nos</span> <span class='ocrx_word' id='word_1_98' title='bbox 574 1049 673 1089; x_wconf 79' lang='lat' dir='ltr'>vidit,</span> <span class='ocrx_word' id='word_1_99' title='bbox 696 1060 751 1081; x_wconf 80' lang='lat' dir='ltr'>nos</span> <span class='ocrx_word' id='word_1_100' title='bbox 774 1050 838 1089; x_wconf 70' lang='lat' dir='ltr'>ria,</span> <span class='ocrx_word' id='word_1_101' title='bbox 864 1060 917 1081; x_wconf 81' lang='lat' dir='ltr'>nos</span> <span class='ocrx_word' id='word_1_102' title='bbox 939 1060 1031 1081; x_wconf 74' lang='lat' dir='ltr'>curva</span> <span class='ocrx_word' id='word_1_103' title='bbox 1047 1051 1171 1081; x_wconf 76' lang='lat' dir='ltr'>theatra</span> <span class='ocrx_word' id='word_1_104' title='bbox 1187 1050 1220 1081; x_wconf 87' lang='lat' dir='ltr'>in</span> <span class='ocrx_word' id='word_1_105' title='bbox 1235 1051 1308 1080; x_wconf 71' lang='lat' dir='ltr'>locis</span> <span class='ocrx_word' id='word_1_106' title='bbox 1319 1050 1482 1090; x_wconf 74' lang='lat' dir='ltr'>proximis.</span> <span class='ocrx_word' id='word_1_107' title='bbox 1527 1050 1668 1089; x_wconf 80' lang='lat' dir='ltr'>Denique</span> 
     </span>
     <span class='ocr_line' id='line_1_16' title="bbox 215 1091 1667 1134; baseline 0.001 -13"><span class='ocrx_word' id='word_1_108' title='bbox 215 1093 323 1122; x_wconf 82' lang='lat' dir='ltr'>tantus</span> <span class='ocrx_word' id='word_1_109' title='bbox 340 1091 502 1129; x_wconf 67' lang='lat' dir='ltr'>“morsuit</span> <span class='ocrx_word' id='word_1_110' title='bbox 514 1101 632 1132; x_wconf 81' lang='lat' dir='ltr'>semper</span> <span class='ocrx_word' id='word_1_111' title='bbox 646 1093 743 1132; x_wconf 79' lang='lat' dir='ltr'>nobis,</span> <span class='ocrx_word' id='word_1_112' title='bbox 763 1094 971 1131; x_wconf 79' lang='lat' dir='ltr'>dilectissime,</span> <span class='ocrx_word' id='word_1_113' title='bbox 987 1095 1119 1134; x_wconf 77' lang='lat' dir='ltr'>quantus</span> <span class='ocrx_word' id='word_1_114' title='bbox 1131 1093 1163 1123; x_wconf 85' lang='lat' dir='ltr'>in</span> <span class='ocrx_word' id='word_1_115' title='bbox 1183 1093 1311 1124; x_wconf 81' lang='lat' dir='ltr'>AEacide</span> <span class='ocrx_word' id='word_1_116' title='bbox 1327 1096 1357 1123; x_wconf 80' lang='lat' dir='ltr'>et</span> <span class='ocrx_word' id='word_1_117' title='bbox 1374 1093 1549 1123; x_wconf 81' lang='lat' dir='ltr'>Nestorz&#39;de.</span> <span class='ocrx_word' id='word_1_118' title='bbox 1597 1092 1667 1131; x_wconf 85' lang='lat' dir='ltr'>Ego</span> 
     </span>
     <span class='ocr_line' id='line_1_17' title="bbox 215 1134 1670 1177; baseline 0.001 -14"><span class='ocrx_word' id='word_1_119' title='bbox 215 1142 275 1164; x_wconf 76' lang='lat' dir='ltr'>non</span> <span class='ocrx_word' id='word_1_120' title='bbox 290 1134 412 1164; x_wconf 79' lang='lat' dir='ltr'>credam</span> <span class='ocrx_word' id='word_1_121' title='bbox 437 1134 499 1165; x_wconf 82' lang='lat' dir='ltr'>ista</span> <span class='ocrx_word' id='word_1_122' title='bbox 519 1144 606 1175; x_wconf 81' lang='lat' dir='ltr'>posse</span> <span class='ocrx_word' id='word_1_123' title='bbox 632 1136 730 1167; x_wconf 82' lang='lat' dir='ltr'>deleri</span> <span class='ocrx_word' id='word_1_124' title='bbox 752 1146 792 1167; x_wconf 81' lang='lat' dir='ltr'>ex</span> <span class='ocrx_word' id='word_1_125' title='bbox 816 1138 964 1168; x_wconf 77' lang='lat' dir='ltr'>memoria</span> <span class='ocrx_word' id='word_1_126' title='bbox 989 1140 1055 1177; x_wconf 80' lang='lat' dir='ltr'>tua,</span> <span class='ocrx_word' id='word_1_127' title='bbox 1080 1145 1251 1176; x_wconf 78' lang='lat' dir='ltr'><strong><em>quanquam</em></strong></span> <span class='ocrx_word' id='word_1_128' title='bbox 1273 1136 1414 1167; x_wconf 78' lang='lat' dir='ltr'>ham-ires</span> <span class='ocrx_word' id='word_1_129' title='bbox 1433 1135 1541 1175; x_wconf 76' lang='lat' dir='ltr'>pocula</span> <span class='ocrx_word' id='word_1_130' title='bbox 1556 1135 1670 1166; x_wconf 83' lang='lat' dir='ltr'>Lethes</span> 
     </span>
    </p>
   </div>
   <div class='ocr_carea' id='block_1_5' title="bbox 825 1218 1057 1230">
    <p class='ocr_par' dir='ltr' id='par_1_5' title="bbox 825 1218 1057 1230">
     <span class='ocr_line' id='line_1_18' title="bbox 825 1218 1057 1230; baseline 0.009 -2"><span class='ocrx_word' id='word_1_131' title='bbox 825 1218 1057 1230; x_wconf 59' lang='lat' dir='ltr'>eeeeeeeeeeee</span> 
     </span>
    </p>
   </div>
   <div class='ocr_carea' id='block_1_6' title="bbox 216 1269 1673 1859">
    <p class='ocr_par' dir='ltr' id='par_1_6' title="bbox 216 1269 1673 1859">
     <span class='ocr_line' id='line_1_19' title="bbox 217 1269 1668 1310; baseline 0.001 -9"><span class='ocrx_word' id='word_1_132' title='bbox 217 1277 304 1301; x_wconf 87' lang='lat' dir='ltr'>unus</span> <span class='ocrx_word' id='word_1_133' title='bbox 318 1279 432 1306; x_wconf 80' lang='lat' dir='ltr'>causa;</span> <span class='ocrx_word' id='word_1_134' title='bbox 455 1269 538 1302; x_wconf 88' lang='lat' dir='ltr'>alius</span> <span class='ocrx_word' id='word_1_135' title='bbox 550 1271 753 1302; x_wconf 58' lang='lat' dir='ltr'>chaam—15</span> <span class='ocrx_word' id='word_1_136' title='bbox 778 1273 856 1303; x_wconf 86' lang='lat' dir='ltr'>Pat.</span> <span class='ocrx_word' id='word_1_137' title='bbox 881 1273 978 1303; x_wconf 86' lang='lat' dir='ltr'>dedit</span> <span class='ocrx_word' id='word_1_138' title='bbox 993 1274 1150 1310; x_wconf 50' lang='lat' dir='ltr'>laudaram</span> <span class='ocrx_word' id='word_1_139' title='bbox 1177 1274 1233 1304; x_wconf 90' lang='lat' dir='ltr'>alii</span> <span class='ocrx_word' id='word_1_140' title='bbox 1257 1274 1498 1305; x_wconf 57' lang='lat' dir='ltr'>laudabas—16</span> <span class='ocrx_word' id='word_1_141' title='bbox 1521 1272 1573 1303; x_wconf 85' lang='lat' dir='ltr'>Ex</span> <span class='ocrx_word' id='word_1_142' title='bbox 1588 1272 1668 1303; x_wconf 81' lang='lat' dir='ltr'>Pat.</span> 
     </span>
     <span class='ocr_line' id='line_1_20' title="bbox 216 1311 1667 1355; baseline 0.001 -13"><span class='ocrx_word' id='word_1_143' title='bbox 216 1311 321 1343; x_wconf 84' lang='lat' dir='ltr'>etiam</span> <span class='ocrx_word' id='word_1_144' title='bbox 351 1312 525 1344; x_wconf 88' lang='lat' dir='ltr'>Fabricius</span> <span class='ocrx_word' id='word_1_145' title='bbox 556 1312 690 1354; x_wconf 83' lang='lat' dir='ltr'>profert</span> <span class='ocrx_word' id='word_1_146' title='bbox 717 1316 848 1345; x_wconf 82' lang='lat' dir='ltr'>recentis</span> <span class='ocrx_word' id='word_1_147' title='bbox 871 1325 932 1355; x_wconf 85' lang='lat' dir='ltr'>pro</span> <span class='ocrx_word' id='word_1_148' title='bbox 958 1316 1046 1355; x_wconf 83' lang='lat' dir='ltr'>vulg.</span> <span class='ocrx_word' id='word_1_149' title='bbox 1071 1317 1228 1346; x_wconf 80' lang='lat' dir='ltr'>monentis.</span> <span class='ocrx_word' id='word_1_150' title='bbox 1275 1316 1344 1346; x_wconf 85' lang='lat' dir='ltr'>Alii</span> <span class='ocrx_word' id='word_1_151' title='bbox 1369 1317 1518 1353; x_wconf 79' lang='lat' dir='ltr'>regentis,</span> <span class='ocrx_word' id='word_1_152' title='bbox 1539 1314 1667 1352; x_wconf 74' lang='lat' dir='ltr'>tuentis,</span> 
     </span>
     <span class='ocr_line' id='line_1_21' title="bbox 216 1355 1669 1396; baseline 0.001 -11"><span class='ocrx_word' id='word_1_153' title='bbox 216 1355 381 1394; x_wconf 81' lang='lat' dir='ltr'>moventis,</span> <span class='ocrx_word' id='word_1_154' title='bbox 412 1355 564 1396; x_wconf 74' lang='lat' dir='ltr'>rogantis,</span> <span class='ocrx_word' id='word_1_155' title='bbox 597 1357 823 1396; x_wconf 79' lang='lat' dir='ltr'>legentis.-l7</span> <span class='ocrx_word' id='word_1_156' title='bbox 848 1358 1010 1389; x_wconf 83' lang='lat' dir='ltr'>Nonnulli</span> <span class='ocrx_word' id='word_1_157' title='bbox 1042 1361 1126 1388; x_wconf 82' lang='lat' dir='ltr'>vett.</span> <span class='ocrx_word' id='word_1_158' title='bbox 1161 1368 1217 1388; x_wconf 86' lang='lat' dir='ltr'>ess.</span> <span class='ocrx_word' id='word_1_159' title='bbox 1246 1358 1342 1387; x_wconf 76' lang='lat' dir='ltr'>amice</span> <span class='ocrx_word' id='word_1_160' title='bbox 1351 1368 1363 1394; x_wconf 87' lang='lat'><em>;</em></span> <span class='ocrx_word' id='word_1_161' title='bbox 1399 1357 1519 1388; x_wconf 86' lang='lat' dir='ltr'>Heins.</span> <span class='ocrx_word' id='word_1_162' title='bbox 1549 1356 1669 1387; x_wconf 85' lang='lat' dir='ltr'>suadet</span> 
     </span>
     <span class='ocr_line' id='line_1_22' title="bbox 216 1396 1668 1438; baseline 0.001 -11"><span class='ocrx_word' id='word_1_163' title='bbox 216 1396 329 1436; x_wconf 82' lang='lat' dir='ltr'>amica,</span> <span class='ocrx_word' id='word_1_164' title='bbox 351 1397 371 1428; x_wconf 90' lang='lat' dir='ltr'>i.</span> <span class='ocrx_word' id='word_1_165' title='bbox 395 1407 425 1427; x_wconf 88' lang='lat' dir='ltr'>e.</span> <span class='ocrx_word' id='word_1_166' title='bbox 453 1398 561 1429; x_wconf 84' lang='lat' dir='ltr'>amica</span> <span class='ocrx_word' id='word_1_167' title='bbox 587 1399 763 1430; x_wconf 57' lang='lat' dir='ltr'>lima—&#39;20</span> <span class='ocrx_word' id='word_1_168' title='bbox 786 1400 855 1430; x_wconf 86' lang='lat' dir='ltr'>Pro</span> <span class='ocrx_word' id='word_1_169' title='bbox 878 1400 999 1438; x_wconf 70' lang='lat' dir='ltr'>junctis</span> <span class='ocrx_word' id='word_1_170' title='bbox 1027 1400 1081 1430; x_wconf 82' lang='lat' dir='ltr'>alii</span> <span class='ocrx_word' id='word_1_171' title='bbox 1112 1400 1224 1430; x_wconf 73' lang='lat' dir='ltr'>vinctis</span> <span class='ocrx_word' id='word_1_172' title='bbox 1251 1400 1303 1429; x_wconf 81' lang='lat' dir='ltr'>vel</span> <span class='ocrx_word' id='word_1_173' title='bbox 1333 1399 1461 1429; x_wconf 75' lang='lat' dir='ltr'>cunctis.</span> <span class='ocrx_word' id='word_1_174' title='bbox 1505 1399 1588 1429; x_wconf 85' lang='lat' dir='ltr'>Tum</span> <span class='ocrx_word' id='word_1_175' title='bbox 1614 1407 1668 1438; x_wconf 88' lang='lat' dir='ltr'>pr.</span> 
     </span>
     <span class='ocr_line' id='line_1_23' title="bbox 216 1439 1668 1481; baseline 0.002 -13"><span class='ocrx_word' id='word_1_176' title='bbox 216 1439 345 1469; x_wconf 84' lang='lat' dir='ltr'>Thuan.</span> <span class='ocrx_word' id='word_1_177' title='bbox 363 1442 452 1469; x_wconf 75' lang='lat' dir='ltr'>terna</span> <span class='ocrx_word' id='word_1_178' title='bbox 467 1441 666 1471; x_wconf 60' lang='lat' dir='ltr'>theatin—22</span> <span class='ocrx_word' id='word_1_179' title='bbox 691 1441 732 1471; x_wconf 89' lang='lat' dir='ltr'>In</span> <span class='ocrx_word' id='word_1_180' title='bbox 749 1442 895 1481; x_wconf 87' lang='lat' dir='ltr'>vulgatis</span> <span class='ocrx_word' id='word_1_181' title='bbox 914 1442 1006 1472; x_wconf 87' lang='lat' dir='ltr'>libris</span> <span class='ocrx_word' id='word_1_182' title='bbox 1024 1442 1169 1477; x_wconf 80' lang='lat' dir='ltr'>Quantus</span> <span class='ocrx_word' id='word_1_183' title='bbox 1184 1442 1215 1472; x_wconf 81' lang='lat' dir='ltr'>in</span> <span class='ocrx_word' id='word_1_184' title='bbox 1231 1442 1360 1473; x_wconf 77' lang='lat' dir='ltr'>AEucide</span> <span class='ocrx_word' id='word_1_185' title='bbox 1376 1441 1579 1480; x_wconf 75' lang='lat' dir='ltr'>Actor-ideque</span> <span class='ocrx_word' id='word_1_186' title='bbox 1587 1439 1668 1478; x_wconf 78' lang='lat' dir='ltr'>fuit.</span> 
     </span>
     <span class='ocr_line' id='line_1_24' title="bbox 216 1479 1673 1523; baseline 0.003 -13"><span class='ocrx_word' id='word_1_187' title='bbox 216 1480 225 1497; x_wconf 91' lang='lat'>‘</span> <span class='ocrx_word' id='word_1_188' title='bbox 240 1479 310 1511; x_wconf 85' lang='lat' dir='ltr'>Hic</span> <span class='ocrx_word' id='word_1_189' title='bbox 333 1480 443 1511; x_wconf 86' lang='lat' dir='ltr'>hiatus</span> <span class='ocrx_word' id='word_1_190' title='bbox 462 1482 608 1512; x_wconf 89' lang='lat' dir='ltr'>insolens</span> <span class='ocrx_word' id='word_1_191' title='bbox 624 1488 677 1512; x_wconf 87' lang='lat' dir='ltr'>est</span> <span class='ocrx_word' id='word_1_192' title='bbox 695 1484 833 1513; x_wconf 90' lang='lat' dir='ltr'>Nasoni.</span> <span class='ocrx_word' id='word_1_193' title='bbox 858 1484 935 1514; x_wconf 84' lang='lat' dir='ltr'>Nec</span> <span class='ocrx_word' id='word_1_194' title='bbox 956 1489 1113 1514; x_wconf 81' lang='lat' dir='ltr'>constant</span> <span class='ocrx_word' id='word_1_195' title='bbox 1128 1484 1191 1513; x_wconf 87' lang='lat' dir='ltr'>sibi</span> <span class='ocrx_word' id='word_1_196' title='bbox 1209 1485 1338 1522; x_wconf 90' lang='lat' dir='ltr'>scripta</span> <span class='ocrx_word' id='word_1_197' title='bbox 1355 1484 1573 1523; x_wconf 82' lang='lat' dir='ltr'>exemplaria.</span> <span class='ocrx_word' id='word_1_198' title='bbox 1608 1484 1673 1514; x_wconf 84' lang='lat' dir='ltr'>Re-</span> 
     </span>
     <span class='ocr_line' id='line_1_25' title="bbox 217 1522 1671 1565; baseline 0.002 -13"><span class='ocrx_word' id='word_1_199' title='bbox 217 1522 306 1563; x_wconf 80' lang='lat' dir='ltr'>gius,</span> <span class='ocrx_word' id='word_1_200' title='bbox 327 1522 461 1553; x_wconf 82' lang='lat' dir='ltr'>AEacz&#39;da</span> <span class='ocrx_word' id='word_1_201' title='bbox 486 1523 717 1564; x_wconf 79' lang='lat' dir='ltr'>Nestorideque.</span> <span class='ocrx_word' id='word_1_202' title='bbox 765 1524 868 1556; x_wconf 80' lang='lat' dir='ltr'>Polit&#39;.</span> <span class='ocrx_word' id='word_1_203' title='bbox 895 1525 1038 1564; x_wconf 87' lang='lat' dir='ltr'>Argent.</span> <span class='ocrx_word' id='word_1_204' title='bbox 1065 1530 1100 1556; x_wconf 88' lang='lat' dir='ltr'>et</span> <span class='ocrx_word' id='word_1_205' title='bbox 1128 1529 1259 1565; x_wconf 83' lang='lat' dir='ltr'>septem</span> <span class='ocrx_word' id='word_1_206' title='bbox 1288 1525 1354 1564; x_wconf 87' lang='lat' dir='ltr'>alii,</span> <span class='ocrx_word' id='word_1_207' title='bbox 1377 1526 1508 1556; x_wconf 81' lang='lat' dir='ltr'>AEucide</span> <span class='ocrx_word' id='word_1_208' title='bbox 1529 1526 1671 1555; x_wconf 78' lang='lat' dir='ltr'>Nestori-</span> 
     </span>
     <span class='ocr_line' id='line_1_26' title="bbox 216 1564 1668 1607; baseline 0.003 -13"><span class='ocrx_word' id='word_1_209' title='bbox 216 1565 334 1604; x_wconf 78' lang='lat' dir='ltr'>deque,·</span> <span class='ocrx_word' id='word_1_210' title='bbox 357 1564 561 1595; x_wconf 84' lang='lat' dir='ltr'>Antilochus</span> <span class='ocrx_word' id='word_1_211' title='bbox 578 1572 673 1597; x_wconf 84' lang='lat' dir='ltr'>certe</span> <span class='ocrx_word' id='word_1_212' title='bbox 691 1566 815 1597; x_wconf 85' lang='lat' dir='ltr'>Achilli</span> <span class='ocrx_word' id='word_1_213' title='bbox 841 1566 1015 1597; x_wconf 86' lang='lat' dir='ltr'>familiaris</span> <span class='ocrx_word' id='word_1_214' title='bbox 1042 1572 1075 1598; x_wconf 87' lang='lat' dir='ltr'>et</span> <span class='ocrx_word' id='word_1_215' title='bbox 1092 1567 1219 1598; x_wconf 86' lang='lat' dir='ltr'>amicus</span> <span class='ocrx_word' id='word_1_216' title='bbox 1236 1566 1320 1598; x_wconf 80' lang='lat' dir='ltr'>fuit:</span> <span class='ocrx_word' id='word_1_217' title='bbox 1346 1573 1489 1607; x_wconf 82' lang='lat' dir='ltr'>quatuor</span> <span class='ocrx_word' id='word_1_218' title='bbox 1512 1567 1569 1597; x_wconf 88' lang='lat' dir='ltr'>alii</span> <span class='ocrx_word' id='word_1_219' title='bbox 1593 1576 1668 1598; x_wconf 89' lang='lat' dir='ltr'>cum</span> 
     </span>
     <span class='ocr_line' id='line_1_27' title="bbox 216 1605 1670 1650; baseline 0.003 -14"><span class='ocrx_word' id='word_1_220' title='bbox 216 1605 465 1646; x_wconf 84' lang='lat' dir='ltr'>Twisdeniano‚</span> <span class='ocrx_word' id='word_1_221' title='bbox 481 1608 610 1638; x_wconf 81' lang='lat' dir='ltr'>AEacide</span> <span class='ocrx_word' id='word_1_222' title='bbox 626 1609 839 1650; x_wconf 81' lang='lat' dir='ltr'>Testorideque</span> <span class='ocrx_word' id='word_1_223' title='bbox 850 1621 862 1645; x_wconf 91' lang='lat'><em>;</em></span> <span class='ocrx_word' id='word_1_224' title='bbox 880 1609 938 1639; x_wconf 88' lang='lat' dir='ltr'>sed</span> <span class='ocrx_word' id='word_1_225' title='bbox 954 1610 1094 1640; x_wconf 77' lang='lat' dir='ltr'>Calchas</span> <span class='ocrx_word' id='word_1_226' title='bbox 1107 1610 1196 1640; x_wconf 88' lang='lat' dir='ltr'>inter</span> <span class='ocrx_word' id='word_1_227' title='bbox 1212 1610 1336 1640; x_wconf 87' lang='lat' dir='ltr'>amicos</span> <span class='ocrx_word' id='word_1_228' title='bbox 1350 1609 1490 1640; x_wconf 88' lang='lat' dir='ltr'>Achillis</span> <span class='ocrx_word' id='word_1_229' title='bbox 1506 1618 1670 1649; x_wconf 84' lang='lat' dir='ltr'>nusquam</span> 
     </span>
     <span class='ocr_line' id='line_1_28' title="bbox 219 1651 1670 1691; baseline 0.002 -12"><span class='ocrx_word' id='word_1_230' title='bbox 219 1655 438 1687; x_wconf 73' lang='lat' dir='ltr'>recensetur-3</span> <span class='ocrx_word' id='word_1_231' title='bbox 470 1660 657 1691; x_wconf 85' lang='lat' dir='ltr'>quanquam</span> <span class='ocrx_word' id='word_1_232' title='bbox 684 1658 827 1691; x_wconf 81' lang='lat' dir='ltr'>propter</span> <span class='ocrx_word' id='word_1_233' title='bbox 855 1653 945 1683; x_wconf 88' lang='lat' dir='ltr'>illum</span> <span class='ocrx_word' id='word_1_234' title='bbox 975 1652 1058 1682; x_wconf 78' lang='lat' dir='ltr'>rixae</span> <span class='ocrx_word' id='word_1_235' title='bbox 1089 1653 1176 1682; x_wconf 83' lang='lat' dir='ltr'>iuter</span> <span class='ocrx_word' id='word_1_236' title='bbox 1204 1652 1289 1682; x_wconf 89' lang='lat' dir='ltr'>hunc</span> <span class='ocrx_word' id='word_1_237' title='bbox 1317 1656 1351 1681; x_wconf 87' lang='lat' dir='ltr'>et</span> <span class='ocrx_word' id='word_1_238' title='bbox 1381 1651 1670 1691; x_wconf 83' lang='lat' dir='ltr'>Agamemnonem</span> 
     </span>
     <span class='ocr_line' id='line_1_29' title="bbox 220 1692 1672 1734; baseline 0.001 -13"><span class='ocrx_word' id='word_1_239' title='bbox 220 1695 370 1728; x_wconf 79' lang='lat' dir='ltr'>exortae3</span> <span class='ocrx_word' id='word_1_240' title='bbox 394 1696 477 1731; x_wconf 75' lang='lat' dir='ltr'>treS,</span> <span class='ocrx_word' id='word_1_241' title='bbox 499 1692 613 1723; x_wconf 80' lang='lat' dir='ltr'>Atride</span> <span class='ocrx_word' id='word_1_242' title='bbox 632 1693 881 1734; x_wconf 79' lang='lat' dir='ltr'>Tyndarideque:</span> <span class='ocrx_word' id='word_1_243' title='bbox 907 1694 986 1734; x_wconf 89' lang='lat' dir='ltr'>duo,</span> <span class='ocrx_word' id='word_1_244' title='bbox 1011 1695 1135 1725; x_wconf 78' lang='lat' dir='ltr'>Atridis</span> <span class='ocrx_word' id='word_1_245' title='bbox 1162 1695 1429 1734; x_wconf 78' lang='lat' dir='ltr'>Tyndaridisque;</span> <span class='ocrx_word' id='word_1_246' title='bbox 1453 1694 1513 1724; x_wconf 90' lang='lat' dir='ltr'>sed</span> <span class='ocrx_word' id='word_1_247' title='bbox 1539 1693 1581 1723; x_wconf 85' lang='lat' dir='ltr'>de</span> <span class='ocrx_word' id='word_1_248' title='bbox 1609 1692 1672 1724; x_wconf 81' lang='lat' dir='ltr'>fra-</span> 
     </span>
     <span class='ocr_line' id='line_1_30' title="bbox 218 1733 1661 1777; baseline 0.002 -15"><span class='ocrx_word' id='word_1_249' title='bbox 218 1739 311 1763; x_wconf 83' lang='lat' dir='ltr'>trum</span> <span class='ocrx_word' id='word_1_250' title='bbox 339 1733 412 1773; x_wconf 84' lang='lat' dir='ltr'>pari</span> <span class='ocrx_word' id='word_1_251' title='bbox 444 1734 573 1765; x_wconf 86' lang='lat' dir='ltr'>Noster</span> <span class='ocrx_word' id='word_1_252' title='bbox 607 1735 661 1766; x_wconf 89' lang='lat' dir='ltr'>hic</span> <span class='ocrx_word' id='word_1_253' title='bbox 695 1745 762 1766; x_wconf 86' lang='lat' dir='ltr'>non</span> <span class='ocrx_word' id='word_1_254' title='bbox 795 1738 882 1777; x_wconf 83' lang='lat' dir='ltr'>agit:</span> <span class='ocrx_word' id='word_1_255' title='bbox 919 1741 1065 1777; x_wconf 83' lang='lat' dir='ltr'>septem,</span> <span class='ocrx_word' id='word_1_256' title='bbox 1092 1737 1240 1767; x_wconf 78' lang='lat' dir='ltr'>AEaciden</span> <span class='ocrx_word' id='word_1_257' title='bbox 1267 1737 1502 1777; x_wconf 76' lang='lat' dir='ltr'>Actoridenque.</span> <span class='ocrx_word' id='word_1_258' title='bbox 1540 1736 1661 1767; x_wconf 85' lang='lat' dir='ltr'>Sarrav</span> 
     </span>
     <span class='ocr_line' id='line_1_31' title="bbox 219 1775 1670 1819; baseline 0.003 -14"><span class='ocrx_word' id='word_1_259' title='bbox 219 1775 381 1806; x_wconf 79' lang='lat' dir='ltr'>AEacidem</span> <span class='ocrx_word' id='word_1_260' title='bbox 395 1777 626 1817; x_wconf 81' lang='lat' dir='ltr'>Nestorideque.</span> <span class='ocrx_word' id='word_1_261' title='bbox 669 1778 705 1808; x_wconf 89' lang='lat' dir='ltr'>Si</span> <span class='ocrx_word' id='word_1_262' title='bbox 721 1778 800 1818; x_wconf 87' lang='lat' dir='ltr'>quid</span> <span class='ocrx_word' id='word_1_263' title='bbox 817 1780 1024 1818; x_wconf 86' lang='lat' dir='ltr'>mutandum,</span> <span class='ocrx_word' id='word_1_264' title='bbox 1040 1780 1163 1819; x_wconf 73' lang='lat' dir='ltr'>legam,</span> <span class='ocrx_word' id='word_1_265' title='bbox 1193 1779 1335 1814; x_wconf 81' lang='lat' dir='ltr'>Quantus</span> <span class='ocrx_word' id='word_1_266' title='bbox 1350 1781 1382 1809; x_wconf 85' lang='lat' dir='ltr'>in</span> <span class='ocrx_word' id='word_1_267' title='bbox 1395 1779 1536 1810; x_wconf 74' lang='lat' dir='ltr'>AEacidis</span> <span class='ocrx_word' id='word_1_268' title='bbox 1546 1778 1670 1809; x_wconf 72' lang='lat' dir='ltr'>Actori-</span> 
     </span>
     <span class='ocr_line' id='line_1_32' title="bbox 219 1817 1671 1859; baseline 0.002 -11"><span class='ocrx_word' id='word_1_269' title='bbox 219 1817 325 1859; x_wconf 75' lang='lat' dir='ltr'>disque</span> <span class='ocrx_word' id='word_1_270' title='bbox 337 1817 406 1856; x_wconf 80' lang='lat' dir='ltr'>fuit</span> <span class='ocrx_word' id='word_1_271' title='bbox 418 1829 428 1849; x_wconf 92' lang='grc'>.·</span> <span class='ocrx_word' id='word_1_272' title='bbox 452 1828 527 1849; x_wconf 89' lang='lat' dir='ltr'>nam</span> <span class='ocrx_word' id='word_1_273' title='bbox 544 1819 682 1851; x_wconf 86' lang='lat' dir='ltr'>Achillis</span> <span class='ocrx_word' id='word_1_274' title='bbox 700 1825 735 1851; x_wconf 86' lang='lat' dir='ltr'>et</span> <span class='ocrx_word' id='word_1_275' title='bbox 752 1821 903 1853; x_wconf 80' lang='lat' dir='ltr'>Patrocli</span> <span class='ocrx_word' id='word_1_276' title='bbox 919 1822 1067 1852; x_wconf 83' lang='lat' dir='ltr'>amicitia</span> <span class='ocrx_word' id='word_1_277' title='bbox 1083 1822 1304 1853; x_wconf 78' lang='lat' dir='ltr'>nobilissima.</span> <span class='ocrx_word' id='word_1_278' title='bbox 1342 1823 1399 1853; x_wconf 84' lang='lat' dir='ltr'>Sic</span> <span class='ocrx_word' id='word_1_279' title='bbox 1416 1821 1569 1852; x_wconf 74' lang='lat' dir='ltr'>Hectoras</span> <span class='ocrx_word' id='word_1_280' title='bbox 1584 1820 1671 1852; x_wconf 83' lang='lat' dir='ltr'>dixit</span> 
     </span>
    </p>
   </div>
   <div class='ocr_carea' id='block_1_7' title="bbox 880 1919 1019 1950">
    <p class='ocr_par' dir='ltr' id='par_1_7' title="bbox 880 1919 1019 1950">
     <span class='ocr_line' id='line_1_33' title="bbox 880 1919 1019 1950; baseline -0.007 0"><span class='ocrx_word' id='word_1_281' title='bbox 880 1919 1019 1950; x_wconf 79' lang='lat' dir='ltr'><strong>NOTAE</strong></span> 
     </span>
    </p>
   </div>
   <div class='ocr_carea' id='block_1_8' title="bbox 974 1987 1671 2079">
    <p class='ocr_par' dir='ltr' id='par_1_8' title="bbox 974 1987 1671 2079">
     <span class='ocr_line' id='line_1_34' title="bbox 1017 1987 1670 2028; baseline -0.003 -8"><span class='ocrx_word' id='word_1_282' title='bbox 1017 1993 1058 2020; x_wconf 82' lang='lat'>22</span> <span class='ocrx_word' id='word_1_283' title='bbox 1083 1990 1224 2021; x_wconf 78' lang='lat' dir='ltr'>AEacz&#39;dis</span> <span class='ocrx_word' id='word_1_284' title='bbox 1245 1987 1478 2028; x_wconf 75' lang='lat' dir='ltr'>Actoridz‘sque]</span> <span class='ocrx_word' id='word_1_285' title='bbox 1506 1987 1571 2018; x_wconf 89' lang='lat' dir='ltr'>Alii</span> <span class='ocrx_word' id='word_1_286' title='bbox 1596 1989 1670 2018; x_wconf 69' lang='grc' dir='ltr'>Αἰα-</span> 
     </span>
     <span class='ocr_line' id='line_1_35' title="bbox 974 2038 1671 2079; baseline -0.001 -8"><span class='ocrx_word' id='word_1_287' title='bbox 974 2041 1040 2071; x_wconf 77' lang='lat' dir='ltr'>cide</span> <span class='ocrx_word' id='word_1_288' title='bbox 1065 2040 1311 2079; x_wconf 76' lang='lat' dir='ltr'>Nestorideque;</span> <span class='ocrx_word' id='word_1_289' title='bbox 1336 2040 1357 2071; x_wconf 89' lang='lat' dir='ltr'>i.</span> <span class='ocrx_word' id='word_1_290' title='bbox 1371 2049 1401 2070; x_wconf 87' lang='lat' dir='ltr'>e.</span> <span class='ocrx_word' id='word_1_291' title='bbox 1419 2038 1560 2077; x_wconf 87' lang='lat' dir='ltr'>Achille,</span> <span class='ocrx_word' id='word_1_292' title='bbox 1574 2038 1671 2070; x_wconf 83' lang='lat' dir='ltr'>AEaci</span> 
     </span>
    </p>
   </div>
   <div class='ocr_carea' id='block_1_9' title="bbox 221 1985 920 2081">
    <p class='ocr_par' dir='ltr' id='par_1_9' title="bbox 221 1985 920 2081">
     <span class='ocr_line' id='line_1_36' title="bbox 263 1985 920 2026; baseline 0.008 -10"><span class='ocrx_word' id='word_1_293' title='bbox 263 1987 301 2016; x_wconf 88' lang='grc'>15</span> <span class='ocrx_word' id='word_1_294' title='bbox 327 1985 503 2026; x_wconf 83' lang='lat' dir='ltr'>Placuz&#39;sse]</span> <span class='ocrx_word' id='word_1_295' title='bbox 526 1988 629 2020; x_wconf 86' lang='lat' dir='ltr'>Quasi</span> <span class='ocrx_word' id='word_1_296' title='bbox 654 1989 761 2021; x_wconf 87' lang='lat' dir='ltr'>Attici</span> <span class='ocrx_word' id='word_1_297' title='bbox 778 1994 845 2021; x_wconf 84' lang='lat' dir='ltr'>tam</span> <span class='ocrx_word' id='word_1_298' title='bbox 863 2000 920 2022; x_wconf 79' lang='lat' dir='ltr'>ex-</span> 
     </span>
     <span class='ocr_line' id='line_1_37' title="bbox 221 2036 918 2081; baseline 0.009 -16"><span class='ocrx_word' id='word_1_299' title='bbox 221 2036 378 2077; x_wconf 83' lang='lat' dir='ltr'>quisitum</span> <span class='ocrx_word' id='word_1_300' title='bbox 389 2037 557 2076; x_wconf 82' lang='lat' dir='ltr'>judicium</span> <span class='ocrx_word' id='word_1_301' title='bbox 576 2038 680 2070; x_wconf 85' lang='lat' dir='ltr'>fuerit</span> <span class='ocrx_word' id='word_1_302' title='bbox 693 2045 729 2071; x_wconf 88' lang='lat' dir='ltr'>ut</span> <span class='ocrx_word' id='word_1_303' title='bbox 744 2040 832 2081; x_wconf 85' lang='lat' dir='ltr'>quod</span> <span class='ocrx_word' id='word_1_304' title='bbox 846 2041 918 2080; x_wconf 89' lang='lat' dir='ltr'>ipse</span> 
     </span>
    </p>
   </div>
   <div class='ocr_carea' id='block_1_10' title="bbox 219 2086 920 2273">
    <p class='ocr_par' dir='ltr' id='par_1_10' title="bbox 219 2086 920 2131">
     <span class='ocr_line' id='line_1_38' title="bbox 219 2086 920 2131; baseline 0.01 -16"><span class='ocrx_word' id='word_1_305' title='bbox 219 2086 397 2125; x_wconf 80' lang='lat' dir='ltr'>probasset</span> <span class='ocrx_word' id='word_1_306' title='bbox 411 2097 429 2116; x_wconf 85' lang='lat' dir='ltr'>a</span> <span class='ocrx_word' id='word_1_307' title='bbox 444 2088 577 2118; x_wconf 85' lang='lat' dir='ltr'>nemine</span> <span class='ocrx_word' id='word_1_308' title='bbox 594 2095 710 2128; x_wconf 76' lang='lat' dir='ltr'>posset</span> <span class='ocrx_word' id='word_1_309' title='bbox 725 2091 920 2131; x_wconf 86' lang='lat' dir='ltr'>improbari.</span> 
     </span>
    </p>

    <p class='ocr_par' dir='ltr' id='par_1_11' title="bbox 221 2136 920 2273">
     <span class='ocr_line' id='line_1_39' title="bbox 266 2136 918 2181; baseline 0.009 -16"><span class='ocrx_word' id='word_1_310' title='bbox 266 2137 307 2165; x_wconf 83' lang='lat'>16</span> <span class='ocrx_word' id='word_1_311' title='bbox 330 2136 415 2175; x_wconf 75' lang='lat' dir='ltr'>Hoc]</span> <span class='ocrx_word' id='word_1_312' title='bbox 439 2137 536 2168; x_wconf 79' lang='lat' dir='ltr'>Quod</span> <span class='ocrx_word' id='word_1_313' title='bbox 561 2138 622 2168; x_wconf 86' lang='lat' dir='ltr'>tibi</span> <span class='ocrx_word' id='word_1_314' title='bbox 645 2140 794 2178; x_wconf 79' lang='lat' dir='ltr'>placere,</span> <span class='ocrx_word' id='word_1_315' title='bbox 817 2147 918 2181; x_wconf 84' lang='lat' dir='ltr'>atque</span> 
     </span>
     <span class='ocr_line' id='line_1_40' title="bbox 224 2182 920 2226; baseline 0.007 -11"><span class='ocrx_word' id='word_1_316' title='bbox 224 2182 311 2215; x_wconf 80' lang='lat' dir='ltr'>adeo</span> <span class='ocrx_word' id='word_1_317' title='bbox 335 2185 460 2224; x_wconf 85' lang='lat' dir='ltr'>populo</span> <span class='ocrx_word' id='word_1_318' title='bbox 488 2187 667 2226; x_wconf 79' lang='lat' dir='ltr'>placitura,</span> <span class='ocrx_word' id='word_1_319' title='bbox 682 2190 830 2219; x_wconf 81' lang='lat' dir='ltr'>carmina</span> <span class='ocrx_word' id='word_1_320' title='bbox 846 2199 920 2220; x_wconf 77' lang='lat' dir='ltr'>mea</span> 
     </span>
     <span class='ocr_line' id='line_1_41' title="bbox 221 2232 462 2273; baseline 0 -10"><span class='ocrx_word' id='word_1_321' title='bbox 221 2232 462 2273; x_wconf 72' lang='lat' dir='ltr'>intelligerem.</span> 
     </span>
    </p>
   </div>
   <div class='ocr_carea' id='block_1_11' title="bbox 223 2283 921 2627">
    <p class='ocr_par' dir='ltr' id='par_1_12' title="bbox 223 2283 919 2414">
     <span class='ocr_line' id='line_1_42' title="bbox 266 2283 919 2324; baseline 0.003 -10"><span class='ocrx_word' id='word_1_322' title='bbox 266 2285 307 2314; x_wconf 78' lang='lat'>1⁷</span> <span class='ocrx_word' id='word_1_323' title='bbox 330 2283 435 2323; x_wconf 78' lang='lat' dir='ltr'>Lima]</span> <span class='ocrx_word' id='word_1_324' title='bbox 465 2285 700 2324; x_wconf 79' lang='lat' dir='ltr'>Metaphorice</span> <span class='ocrx_word' id='word_1_325' title='bbox 718 2286 761 2315; x_wconf 82' lang='lat' dir='ltr'>(le</span> <span class='ocrx_word' id='word_1_326' title='bbox 776 2295 919 2316; x_wconf 88' lang='lat' dir='ltr'>censura</span> 
     </span>
     <span class='ocr_line' id='line_1_43' title="bbox 224 2333 917 2377; baseline 0.004 -14"><span class='ocrx_word' id='word_1_327' title='bbox 224 2335 284 2363; x_wconf 83' lang='lat' dir='ltr'>aut</span> <span class='ocrx_word' id='word_1_328' title='bbox 305 2333 529 2373; x_wconf 79' lang='lat' dir='ltr'>castigatione</span> <span class='ocrx_word' id='word_1_329' title='bbox 555 2334 663 2365; x_wconf 84' lang='lat' dir='ltr'>Attici</span> <span class='ocrx_word' id='word_1_330' title='bbox 691 2335 789 2366; x_wconf 88' lang='lat' dir='ltr'>amici</span> <span class='ocrx_word' id='word_1_331' title='bbox 813 2336 917 2377; x_wconf 90' lang='lat' dir='ltr'>loqui-</span> 
     </span>
     <span class='ocr_line' id='line_1_44' title="bbox 223 2386 292 2414; baseline 0.014 -1"><span class='ocrx_word' id='word_1_332' title='bbox 223 2386 292 2414; x_wconf 85' lang='lat' dir='ltr'>tur.</span> 
     </span>
    </p>

    <p class='ocr_par' dir='ltr' id='par_1_13' title="bbox 223 2433 918 2569">
     <span class='ocr_line' id='line_1_45' title="bbox 266 2433 918 2476; baseline 0.005 -13"><span class='ocrx_word' id='word_1_333' title='bbox 266 2435 308 2464; x_wconf 84' lang='lat'>18</span> <span class='ocrx_word' id='word_1_334' title='bbox 329 2433 458 2474; x_wconf 60' lang='lat' dir='ltr'>Litai-a]</span> <span class='ocrx_word' id='word_1_335' title='bbox 484 2435 530 2466; x_wconf 92' lang='lat' dir='ltr'>Ut</span> <span class='ocrx_word' id='word_1_336' title='bbox 556 2435 644 2476; x_wconf 88' lang='lat' dir='ltr'>quod</span> <span class='ocrx_word' id='word_1_337' title='bbox 672 2436 777 2466; x_wconf 82' lang='lat' dir='ltr'>minus</span> <span class='ocrx_word' id='word_1_338' title='bbox 801 2436 918 2476; x_wconf 85' lang='lat' dir='ltr'>proba-</span> 
     </span>
     <span class='ocr_line' id='line_1_46' title="bbox 223 2486 918 2527; baseline 0.003 -11"><span class='ocrx_word' id='word_1_339' title='bbox 223 2488 296 2517; x_wconf 77' lang='lat' dir='ltr'>tum</span> <span class='ocrx_word' id='word_1_340' title='bbox 313 2486 505 2526; x_wconf 79' lang='lat' dir='ltr'>tolleretur,</span> <span class='ocrx_word' id='word_1_341' title='bbox 531 2486 650 2517; x_wconf 73' lang='lat' dir='ltr'>melius</span> <span class='ocrx_word' id='word_1_342' title='bbox 673 2486 798 2527; x_wconf 85' lang='lat' dir='ltr'>aliquid</span> <span class='ocrx_word' id='word_1_343' title='bbox 822 2497 918 2527; x_wconf 83' lang='lat' dir='ltr'>repo-</span> 
     </span>
     <span class='ocr_line' id='line_1_47' title="bbox 223 2539 375 2569; baseline -0.026 0"><span class='ocrx_word' id='word_1_344' title='bbox 223 2539 375 2569; x_wconf 84' lang='lat' dir='ltr'>neretur.</span> 
     </span>
    </p>

    <p class='ocr_par' dir='ltr' id='par_1_14' title="bbox 266 2584 921 2627">
     <span class='ocr_line' id='line_1_48' title="bbox 266 2584 921 2627; baseline 0.006 -13"><span class='ocrx_word' id='word_1_345' title='bbox 266 2587 308 2615; x_wconf 86' lang='lat'>20</span> <span class='ocrx_word' id='word_1_346' title='bbox 324 2584 465 2625; x_wconf 77' lang='lat' dir='ltr'>Junctis]</span> <span class='ocrx_word' id='word_1_347' title='bbox 481 2586 569 2619; x_wconf 86' lang='lat' dir='ltr'>Quia</span> <span class='ocrx_word' id='word_1_348' title='bbox 585 2586 791 2627; x_wconf 84' lang='lat' dir='ltr'>assidebant,</span> <span class='ocrx_word' id='word_1_349' title='bbox 805 2591 841 2618; x_wconf 90' lang='lat' dir='ltr'>et</span> <span class='ocrx_word' id='word_1_350' title='bbox 856 2596 921 2618; x_wconf 84' lang='lat' dir='ltr'>una</span> 
     </span>
    </p>
   </div>
   <div class='ocr_carea' id='block_1_12' title="bbox 225 2637 922 2721">
    <p class='ocr_par' dir='ltr' id='par_1_15' title="bbox 225 2637 922 2721">
     <span class='ocr_line' id='line_1_49' title="bbox 225 2637 922 2680; baseline 0.007 -15"><span class='ocrx_word' id='word_1_351' title='bbox 225 2643 360 2675; x_wconf 68' lang='lat' dir='ltr'>semper</span> <span class='ocrx_word' id='word_1_352' title='bbox 375 2641 485 2677; x_wconf 81' lang='lat' dir='ltr'>erant,</span> <span class='ocrx_word' id='word_1_353' title='bbox 493 2642 675 2680; x_wconf 82' lang='lat' dir='ltr'>utcumque</span> <span class='ocrx_word' id='word_1_354' title='bbox 689 2637 828 2680; x_wconf 81' lang='lat' dir='ltr'>licebat,</span> <span class='ocrx_word' id='word_1_355' title='bbox 842 2637 922 2671; x_wconf 75' lang='lat' dir='ltr'>ami-</span> 
     </span>
     <span class='ocr_line' id='line_1_50' title="bbox 225 2693 458 2721; baseline 0.013 -3"><span class='ocrx_word' id='word_1_356' title='bbox 225 2693 341 2720; x_wconf 64' lang='lat' dir='ltr'>corum</span> <span class='ocrx_word' id='word_1_357' title='bbox 355 2695 458 2721; x_wconf 65' lang='lat' dir='ltr'>more·</span> 
     </span>
    </p>
   </div>
   <div class='ocr_carea' id='block_1_13' title="bbox 970 2088 1672 2669">
    <p class='ocr_par' dir='ltr' id='par_1_16' title="bbox 970 2088 1672 2516">
     <span class='ocr_line' id='line_1_51' title="bbox 974 2088 1672 2131; baseline -0.003 -10"><span class='ocrx_word' id='word_1_358' title='bbox 974 2095 1151 2131; x_wconf 81' lang='lat' dir='ltr'>nepote,et</span> <span class='ocrx_word' id='word_1_359' title='bbox 1163 2089 1356 2126; x_wconf 81' lang='lat' dir='ltr'>Antilocho‚</span> <span class='ocrx_word' id='word_1_360' title='bbox 1367 2089 1423 2130; x_wconf 87' lang='lat' dir='ltr'>qui</span> <span class='ocrx_word' id='word_1_361' title='bbox 1437 2088 1672 2120; x_wconf 86' lang='lat' dir='ltr'>Achillietiam</span> 
     </span>
     <span class='ocr_line' id='line_1_52' title="bbox 975 2138 1670 2179; baseline -0.004 -8"><span class='ocrx_word' id='word_1_362' title='bbox 975 2141 1064 2171; x_wconf 83' lang='lat' dir='ltr'>inter</span> <span class='ocrx_word' id='word_1_363' title='bbox 1080 2140 1274 2170; x_wconf 81' lang='lat' dir='ltr'>familiares.</span> <span class='ocrx_word' id='word_1_364' title='bbox 1311 2140 1510 2179; x_wconf 82' lang='lat' dir='ltr'>Quanquam</span> <span class='ocrx_word' id='word_1_365' title='bbox 1529 2139 1583 2170; x_wconf 89' lang='lat' dir='ltr'>hic</span> <span class='ocrx_word' id='word_1_366' title='bbox 1605 2138 1670 2170; x_wconf 86' lang='lat' dir='ltr'>sibi</span> 
     </span>
     <span class='ocr_line' id='line_1_53' title="bbox 973 2187 1671 2227; baseline -0.006 -7"><span class='ocrx_word' id='word_1_367' title='bbox 973 2200 1039 2220; x_wconf 89' lang='lat' dir='ltr'>non</span> <span class='ocrx_word' id='word_1_368' title='bbox 1055 2194 1210 2220; x_wconf 84' lang='lat' dir='ltr'>coustant</span> <span class='ocrx_word' id='word_1_369' title='bbox 1225 2189 1354 2227; x_wconf 77' lang='lat' dir='ltr'>scripta</span> <span class='ocrx_word' id='word_1_370' title='bbox 1368 2189 1570 2227; x_wconf 62' lang='lat' dir='ltr'>exemplaria</span> <span class='ocrx_word' id='word_1_371' title='bbox 1584 2198 1593 2224; x_wconf 89' lang='lat'>;</span> <span class='ocrx_word' id='word_1_372' title='bbox 1614 2187 1671 2216; x_wconf 92' lang='lat' dir='ltr'>ha-</span> 
     </span>
     <span class='ocr_line' id='line_1_54' title="bbox 974 2237 1668 2281; baseline -0.003 -13"><span class='ocrx_word' id='word_1_373' title='bbox 974 2239 1121 2278; x_wconf 84' lang='lat' dir='ltr'>bentque</span> <span class='ocrx_word' id='word_1_374' title='bbox 1146 2240 1304 2281; x_wconf 23' lang='lat' dir='ltr'>*plurima</span> <span class='ocrx_word' id='word_1_375' title='bbox 1336 2239 1546 2276; x_wconf 70' lang='lat' dir='ltr'>Actmmeque,</span> <span class='ocrx_word' id='word_1_376' title='bbox 1574 2237 1668 2267; x_wconf 84' lang='lat' dir='ltr'>hiatu</span> 
     </span>
     <span class='ocr_line' id='line_1_55' title="bbox 974 2287 1666 2318; baseline 0 -1"><span class='ocrx_word' id='word_1_377' title='bbox 974 2289 1100 2318; x_wconf 85' lang='lat' dir='ltr'>Nasoni</span> <span class='ocrx_word' id='word_1_378' title='bbox 1117 2298 1180 2317; x_wconf 86' lang='lat' dir='ltr'>non</span> <span class='ocrx_word' id='word_1_379' title='bbox 1195 2289 1330 2318; x_wconf 72' lang='lat' dir='ltr'>usitato.</span> <span class='ocrx_word' id='word_1_380' title='bbox 1371 2287 1434 2317; x_wconf 74' lang='lat' dir='ltr'>Hic</span> <span class='ocrx_word' id='word_1_381' title='bbox 1454 2288 1495 2316; x_wconf 78' lang='lat' dir='ltr'>ab</span> <span class='ocrx_word' id='word_1_382' title='bbox 1512 2287 1578 2316; x_wconf 81' lang='lat' dir='ltr'>ista</span> <span class='ocrx_word' id='word_1_383' title='bbox 1600 2287 1666 2317; x_wconf 86' lang='lat' dir='ltr'>lec·</span> 
     </span>
     <span class='ocr_line' id='line_1_56' title="bbox 973 2336 1667 2376; baseline 0.001 -10"><span class='ocrx_word' id='word_1_384' title='bbox 973 2337 1064 2367; x_wconf 85' lang='lat' dir='ltr'>tione</span> <span class='ocrx_word' id='word_1_385' title='bbox 1083 2338 1108 2366; x_wconf 84' lang='lat' dir='ltr'>si</span> <span class='ocrx_word' id='word_1_386' title='bbox 1128 2343 1160 2366; x_wconf 82' lang='lat' dir='ltr'>te</span> <span class='ocrx_word' id='word_1_387' title='bbox 1177 2337 1285 2366; x_wconf 84' lang='lat' dir='ltr'>minus</span> <span class='ocrx_word' id='word_1_388' title='bbox 1302 2337 1484 2372; x_wconf 76' lang='lat' dir='ltr'>deterreat,</span> <span class='ocrx_word' id='word_1_389' title='bbox 1499 2345 1559 2376; x_wconf 81' lang='lat' dir='ltr'>per</span> <span class='ocrx_word' id='word_1_390' title='bbox 1573 2336 1667 2367; x_wconf 79' lang='lat' dir='ltr'>Acto-</span> 
     </span>
     <span class='ocr_line' id='line_1_57' title="bbox 970 2385 1669 2417; baseline 0.001 -1"><span class='ocrx_word' id='word_1_391' title='bbox 970 2387 1057 2416; x_wconf 77' lang='lat' dir='ltr'>riden</span> <span class='ocrx_word' id='word_1_392' title='bbox 1071 2386 1263 2416; x_wconf 78' lang='lat' dir='ltr'>Patroclum</span> <span class='ocrx_word' id='word_1_393' title='bbox 1277 2395 1439 2416; x_wconf 83' lang='lat' dir='ltr'>summum</span> <span class='ocrx_word' id='word_1_394' title='bbox 1456 2389 1546 2415; x_wconf 81' lang='lat' dir='ltr'>illum</span> <span class='ocrx_word' id='word_1_395' title='bbox 1558 2385 1669 2417; x_wconf 88' lang='lat' dir='ltr'>Achil-</span> 
     </span>
     <span class='ocr_line' id='line_1_58' title="bbox 973 2435 1667 2476; baseline 0.001 -10"><span class='ocrx_word' id='word_1_396' title='bbox 973 2437 1012 2467; x_wconf 81' lang='lat' dir='ltr'>lis</span> <span class='ocrx_word' id='word_1_397' title='bbox 1036 2437 1201 2475; x_wconf 73' lang='lat' dir='ltr'>intellige,</span> <span class='ocrx_word' id='word_1_398' title='bbox 1219 2435 1354 2465; x_wconf 78' lang='lat' dir='ltr'>Actoris</span> <span class='ocrx_word' id='word_1_399' title='bbox 1370 2444 1539 2476; x_wconf 64' lang='lat' dir='ltr'>nopotem,</span> <span class='ocrx_word' id='word_1_400' title='bbox 1562 2435 1667 2467; x_wconf 86' lang='lat' dir='ltr'>filium</span> 
     </span>
     <span class='ocr_line' id='line_1_59' title="bbox 974 2486 1137 2516; baseline -0.006 0"><span class='ocrx_word' id='word_1_401' title='bbox 974 2486 1137 2516; x_wconf 70' lang='lat' dir='ltr'>Menaeni.</span> 
     </span>
    </p>

    <p class='ocr_par' dir='ltr' id='par_1_17' title="bbox 974 2534 1669 2669">
     <span class='ocr_line' id='line_1_60' title="bbox 1015 2534 1666 2574; baseline 0.003 -8"><span class='ocrx_word' id='word_1_402' title='bbox 1015 2538 1056 2566; x_wconf 77' lang='lat'>23</span> <span class='ocrx_word' id='word_1_403' title='bbox 1072 2534 1212 2574; x_wconf 65' lang='lat' dir='ltr'>Secum]</span> <span class='ocrx_word' id='word_1_404' title='bbox 1230 2536 1319 2567; x_wconf 76' lang='lat' dir='ltr'>Quia</span> <span class='ocrx_word' id='word_1_405' title='bbox 1334 2534 1458 2566; x_wconf 84' lang='lat' dir='ltr'>Lethes</span> <span class='ocrx_word' id='word_1_406' title='bbox 1476 2534 1666 2568; x_wconf 86' lang='lat' dir='ltr'>Inferorum</span> 
     </span>
     <span class='ocr_line' id='line_1_61' title="bbox 975 2583 1669 2627; baseline 0.004 -11"><span class='ocrx_word' id='word_1_407' title='bbox 975 2583 1067 2616; x_wconf 87' lang='lat' dir='ltr'>fluvii</span> <span class='ocrx_word' id='word_1_408' title='bbox 1083 2583 1110 2614; x_wconf 89' lang='lat' dir='ltr'>si</span> <span class='ocrx_word' id='word_1_409' title='bbox 1128 2584 1201 2625; x_wconf 88' lang='lat' dir='ltr'>quis</span> <span class='ocrx_word' id='word_1_410' title='bbox 1219 2594 1321 2626; x_wconf 81' lang='lat' dir='ltr'>aquas</span> <span class='ocrx_word' id='word_1_411' title='bbox 1333 2589 1516 2625; x_wconf 86' lang='lat' dir='ltr'>gustasset,</span> <span class='ocrx_word' id='word_1_412' title='bbox 1529 2589 1669 2627; x_wconf 80' lang='lat' dir='ltr'>praeter·</span> 
     </span>
     <span class='ocr_line' id='line_1_62' title="bbox 974 2634 1555 2669; baseline 0.002 -1"><span class='ocrx_word' id='word_1_413' title='bbox 974 2634 1097 2668; x_wconf 79' lang='lat' dir='ltr'>iturum</span> <span class='ocrx_word' id='word_1_414' title='bbox 1113 2634 1259 2667; x_wconf 85' lang='lat' dir='ltr'>omnium</span> <span class='ocrx_word' id='word_1_415' title='bbox 1277 2634 1555 2669; x_wconf 71' lang='lat' dir='ltr'>obliviscebatur.</span> 
     </span>
    </p>
   </div>
  </div>
 </body>
</html>
