1877 3193
800 189 848 220 ιΝ
884 180 1005 221 nnN‘.
1088 179 1094 183 ’
1511 181 1639 223 2761·

169 291 244 313 ores
260 276 469 316 existimant.
515 285 642 315 Verum
661 293 703 315 ne
719 284 774 314 Dii
788 284 897 315 sinant
917 289 953 315 ut
969 284 1010 315 ab
1027 284 1222 324 Epigrapbe
1238 286 1378 325 recepta
1393 281 1627 325 deflectamus,

170 336 231 366 nisi
247 336 348 367 libros
366 347 496 376 omneS,
514 343 583 368 tum
601 348 742 368 excusos
760 343 829 368 tum
846 343 1015 375 exaratos,
1034 338 1147 368 valere
1162 338 1344 377 jubeamus
1359 347 1368 376 3
1396 336 1458 367 nisi
1481 336 1627 378 denique

170 389 299 419 Nasoni
317 390 378 429 ipsi
405 389 612 430 affingamus,
629 391 684 430 qui
710 401 744 421 se
762 391 826 421 hoc
850 392 1046 429 opus—culum
1076 392 1242 420 Libellum
1267 391 1299 420 in
1321 390 1396 421 Ibin
1418 389 1640 429 inscripsisse*

169 442 299 482 liquido
323 447 473 472 testatur
491 444 650 473 vs.51.in
669 444 756 472 liune
774 443 908 472 modum
925 453 932 471 ε
957 444 964 458 ‘
983 443 1024 471 Et
1047 452 1153 482 nequo
1171 453 1291 473 nomen
1309 444 1341 473 in
1357 443 1420 473 hoc
1438 451 1500 473 nec
1518 442 1627 473 dicam

170 494 262 525 faeta
277 495 415 525 litu-1102
455 495 583 525 lterum
602 505 649 525 vs.
667 499 740 526 461.
764 497 773 511 ‘
791 495 877 524 Haee
896 495 956 524 tibi
975 495 1143 534 tantisper
1160 496 1271 526 subito
1287 501 1364 526 sunt
1379 495 1476 526 missa
1494 487 1631 526 libellos

170 548 247 580 Qua
274 547 421 578 dictione
452 549 622 588 poematia
649 557 791 587 quaeque
820 547 954 585 proprie
983 547 1213 585 designantur.
1269 548 1324 578 Sic
1350 549 1438 579 enim
1459 547 1628 579 Ausonius

171 600 338 640 Griplium
366 610 459 630 suum
483 600 525 629 de
551 599 713 629 Ternariu
738 608 878 628 numero
904 598 1085 638 indigitat:
1113 602 1121 616 ‘
1143 600 1287 631 Latebat
1308 601 1396 631 inter
1419 611 1523 637 nugas
1539 610 1629 631 meas

170 652 302 684 libellus
327 653 481 691 ignobilis
496 652 517 682 :’
546 652 646 691 paulo
671 657 759 691 post,
785 651 910 689 ‘igitur
927 652 989 681 iste
1014 657 1159 690 nugator
1182 652 1327 691 libellus,
1350 653 1476 684 tamdiu
1497 659 1630 684 secreta

169 706 318 746 quidem,
334 706 392 736 sed
408 706 497 745 vulgi
510 705 657 736 lectione
675 706 857 743 laceratus,
874 705 1031 744 pervenit
1049 705 1183 735 taudem
1198 706 1229 735 in
1244 715 1360 736 manus
1379 706 1477 737 tuiis!
1518 707 1628 738 Idem-

170 768 235 799 que
254 759 493 799 Protrepticon
511 768 606 789 suum
625 759 665 788 de
681 759 801 798 puerili
816 759 926 788 studio
945 759 1092 788 libellum
1109 759 1262 789 nominat
1274 759 1430 798 Epistola
1445 759 1486 789 ad
1501 760 1630 800 Hespe-

169 811 275 842 rium:
310 811 518 849 ‘Libellum,
549 821 649 851 quem
674 811 713 841 ad
740 812 940 850 nepotulum
981 821 1102 849 meum,
1136 812 1259 842 sororis
1290 818 1355 841 tuae
1381 811 1498 850 filium,
1523 813 1629 843 instar

170 864 381 904 Protreptici
407 864 564 901 luseram,
581 868 741 894 venturus
771 864 832 895 tibi
850 864 998 903 praemisi
1017 863 1226 904 legendum!
1273 865 1328 895 Sic
1345 866 1445 895 etiam
1464 865 1628 904 Papinius

171 917 326 957 Sylvulas
343 926 418 947 suas
454 919 462 933 ‘
481 916 647 947 Libellos’
670 917 836 957 appellat,
866 916 1089 955 Prasassone,
1117 917 1173 947 lib.
1193 927 1217 948 1.
1245 917 1286 947 ad
1303 918 1456 949 Stellam.
1503 919 1641 949 Rursus·

170 968 311 1002 Praefat.
336 969 394 999 lib.
410 978 450 1000 11.
469 970 510 1000 ad
536 969 712 1000 Meliorem
730 969 903 999 Atedium.
950 970 1079 999 Iterum
1101 969 1241 1002 l'rtrfat.
1260 971 1315 1002 lib.
1335 980 1388 1002 ΠΙ.
1413 972 1453 1002 ad
1471 972 1631 1012 Pollintn,

170 1028 206 1054 et
227 1023 287 1053 lib.
305 1032 353 1054 lv.
378 1022 613 1062 Hendecasyl.
640 1021 680 1052 ad
708 1022 868 1052 Plotium.
916 1022 1110 1053 Quinetiam
1134 1023 1377 1054 ,iurisconsulti
1406 1033 1446 1053 ea
1468 1023 1636 1062 carmina,-

170 1076 292 1116 quibus
308 1076 449 1116 alicujus
473 1074 561 1106 fama
579 1076 820 1116 proscinditur,
848 1076 1033 1115 cujusmodi
1060 1081 1138 1105 sunt
1163 1076 1225 1106 ista
1251 1076 1434 1115 0vidiana,
1456 1075 1629 1108 ‘famosos

171 1129 336 1160 Libellos’
355 1134 487 1160 vocant.
533 1129 618 1160 Haec
635 1134 748 1159 autem
766 1129 894 1158 minora
915 1127 1061 1158 fortasse
1080 1128 1286 1159 videbuntur
1308 1139 1406 1170 quam
1425 1135 1460 1159 ut
1483 1129 1630 1160 animad-

171 1183 326 1213 versione
343 1182 444 1222 digna
460 1187 586 1213 esseut.
618 1182 745 1212 Parum
763 1181 852 1211 enim
869 1180 1078 1220 Reipublicae
1097 1181 1257 1211 literariae
1276 1181 1417 1212 interest
1433 1181 1571 1213 Diraene
1586 1192 1629 1213 an

172 1235 322 1267 Libellus
349 1236 412 1266 hoc
444 1235 637 1276 poemation
669 1235 892 1265 inscribatur:
928 1243 1044 1264 verum
1072 1234 1256 1272 legitimam
1280 1234 1499 1273 scriptionem
1528 1241 1629 1276 atque

169 1288 279 1328 ipsam
307 1289 455 1320 Nasonis
480 1298 613 1318 manum
639 1289 819 1318 immutare
843 1287 926 1317 nulli
944 1296 1004 1326 per
1029 1296 1082 1316 me
1108 1287 1234 1316 licebit.
1280 1287 1330 1317 Ut
1352 1291 1389 1317 ut
1405 1287 1462 1324 sit,
1483 1287 1629 1317 Nasonis

169 1346 286 1371 votum
303 1351 400 1371 omne
417 1341 449 1370 in
467 1341 576 1378 malis,
598 1341 770 1379 monstris,
791 1339 933 1378 morbis,
959 1339 1082 1376 exiliis,
1107 1339 1294 1378 suppliciis,
1313 1340 1433 1379 plagis,
1451 1339 1629 1379 mortibus,

170 1394 357 1434 cujusmodi
373 1403 505 1424 carmen
529 1395 633 1425 Diras
647 1393 890 1434 appellabaut3
914 1392 1003 1434 quod
1021 1393 1086 1423 illae
1112 1393 1246 1423 scilicet
1272 1392 1411 1423 ultrices
1428 1393 1513 1423 Deae
1532 1398 1630 1433 puta-

170 1452 299 1488 rentur,
313 1457 454 1488 quarum
471 1448 607 1478 numina
623 1447 781 1487 precibus
797 1447 830 1476 in
842 1446 991 1477 hostium
1009 1450 1067 1476 aut
1081 1445 1293 1475 inimicorum
1308 1445 1493 1484 perniciem
1511 1455 1631 1476 evoca-

170 1505 299 1531 rentur.
345 1500 502 1530 Priscum
532 1499 614 1529 illud
631 1499 779 1539 quidem,
804 1503 907 1538 atque
924 1497 958 1528 in
983 1497 1092 1528 scenis
1116 1496 1260 1536 primum
1285 1497 1464 1536 agitatum,
1491 1507 1567 1528 mox
1585 1499 1628 1528 ad

169 1552 397 1583 recentiorum
421 1552 546 1582 animos
573 1550 880 1588 accommodatum,
907 1554 945 1580 nt
974 1549 1193 1580 observatum
1220 1554 1273 1579 est
1299 1558 1318 1579 a
1339 1548 1433 1580 Julio
1453 1550 1629 1590 Scaligero

171 1604 306 1635 Poe'tic.
324 1613 347 1635 1.
363 1606 414 1635 53.
466 1605 660 1634 Exornatur
682 1608 807 1642 autem,
823 1608 860 1633 ut
888 1602 960 1641 ipse
984 1602 1045 1640 ait,
1069 1601 1246 1632 sententiis
1274 1611 1337 1632 uon
1365 1603 1570 1642 vulgaribus,
1592 1609 1629 1635 et

170 1658 273 1688 variis
299 1657 513 1688 historiarum
537 1656 743 1696 ambagibus,
768 1655 882 1696 qualia
909 1655 1048 1694 scripsit
1072 1654 1215 1685 Ovidius
1241 1655 1272 1684 in
1290 1655 1379 1685 Ibin.
1425 1655 1464 1685 In
1492 1655 1628 1687 Horatii

171 1710 292 1751 Epodo
321 1710 446 1751 aliquid
470 1710 626 1750 imaginis
653 1715 716 1739 est.
762 1708 964 1748 Expressior
991 1706 1082 1746 apud
1111 1707 1280 1737 Catullum
1305 1707 1338 1737 in
1368 1707 1526 1738 Ariadnae
1550 1717 1628 1738 con·

172 1763 350 1804 questione
366 1768 400 1793 et
416 1763 448 1793 in
465 1767 585 1803 quarto
602 1761 772 1792 AEneidos.
818 1761 907 1792 Item
929 1770 1003 1801 quae
1020 1759 1131 1790 fundit
1150 1760 1327 1791 Statianus
1344 1760 1500 1801 OEdipus,
1516 1766 1629 1794 sumta

171 1817 214 1848 de
232 1816 363 1848 Graecis
377 1815 530 1857 tragicis,
546 1820 581 1846 ut
598 1819 633 1846 et
645 1816 783 1846 Senecae
799 1813 952 1845 Theseus
969 1823 1010 1844 ex
1024 1812 1199 1854 Euripide.

776 1939 937 1972 CAPUT
961 1939 1029 1970 ΙΙΙ.

172 2037 397 2076 ,ἱνρζιιιηεηιιηη
413 2036 520 2067 libelli.
569 2036 674 2072 Quare
691 2035 899 2065 Callimachus
917 2034 1111 2074 Apollonium
1128 2034 1228 2065 Ibidis
1243 2034 1364 2065 nomine
1375 2035 1542 2075 devoverit,
1557 2045 1628 2067 con·

215 2093 265 2120 tra
285 2090 468 2129 Minatium,
485 2089 614 2127 AIciati,
628 2088 785 2128 Biscioloe,
797 2092 826 2119 εἰ
836 2087 967 2119 aliorum
980 2088 1177 2119 sententiam.
1222 2088 1356 2119 «loannis
1370 2088 1503 2119 Almo-sii
1513 2089 1626 2130 lapsus.

215 2141 411 2182 Philippicoe.
456 2141 530 2173 Alia
545 2144 623 2172 scitu
637 2142 743 2181 digua.

216 2238 374 2270 Ovlmcs
399 2238 463 2269 hoc
489 2239 605 2269 libello
633 2238 747 2269 nescio
773 2247 874 2279 quem
890 2237 951 2268 sub
968 2237 1077 2268 Ibidis
1093 2237 1229 2269 nomine
1247 2237 1408 2278 graphice
1424 2242 1626 2270 exornatum

173 2292 268 2322 Diris
285 2291 443 2322 devovet.
491 2292 603 2323 Causa
619 2292 745 2332 triplex
762 2292 805 2322 ab
830 2292 974 2331 ipsomet
998 2290 1151 2322 affertur.
1198 2291 1267 2322 Ibis
1285 2290 1401 2321 Ovidii
1417 2300 1540 2322 nomen
1557 2292 1628 2323 ubi-

172 2354 235 2385 que
253 2345 444 2376 malcdictis
460 2345 646 2382 lacerabat,
659 2345 835 2386 ipsumque
849 2345 883 2375 in
899 2345 1058 2375 invidiam
1076 2348 1177 2385 atque
1195 2344 1308 2375 odium
1325 2343 1415 2383 apud
1436 2343 1626 2383 Angustum

171 2396 332 2434 vocabat,
359 2407 423 2438 quo
450 2396 577 2428 (liutius
602 2398 713 2428 Tomis
740 2398 936 2428 exulantem
963 2402 1216 2428 remoraretur:
1242 2402 1312 2427 tum
1328 2396 1396 2436 ejus
1414 2404 1550 2425 uxorem
1567 2395 1628 2426 im-

173 2454 319 2490 portune
333 2450 537 2481 solicitabat.
582 2450 761 2481 Praeterea
786 2450 903 2481 Ovidii
924 2448 1071 2480 fortunis
1095 2450 1238 2488 inhians,
1253 2449 1360 2487 ipsum
1378 2447 1420 2477 ad
1438 2453 1626 2478 extremam

170 2502 319 2543 inopiam
333 2503 488 2542 redigere
503 2503 700 2535 conabatur.
747 2504 858 2534 Omne
875 2508 990 2534 votum
1007 2503 1039 2532 in
1056 2502 1232 2542 suppliciis
1245 2507 1278 2531 et
1292 2499 1514 2538 mortibus,ut
1526 2499 1626 2532 modo

173 2555 352 2586 dicebam:
379 2556 481 2595 idque
497 2555 695 2587 Callimachi
711 2557 912 2595 imitatione,
927 2556 983 2596 qui
1005 2556 1038 2585 in
1066 2554 1284 2594 Apollonium
1313 2553 1489 2591 Rhodium,
1516 2552 1625 2594 Argo-

173 2607 386 2639 nauticorum
412 2608 625 2648 scriptorem,
650 2609 756 2640 Ibidis
783 2609 918 2640 nomine
944 2612 1110 2645 notatum,
1138 2606 1287 2636 libellum
1312 2605 1464 2645 scripsit,
1490 2606 1532 2637 ile
1560 2615 1626 2647 quo

173 2660 296 2692 Suidas
313 2659 346 2690 in
370 2658 587 2700 Καλλίμαχος,
603 2660 693 2691 Ἐστι
708 2661 741 2693 δὲ
760 2660 876 2700 ποίημα
898 2657 1167 2697 ἐπιτετηδευμένον
1181 2657 1222 2688 εἰς
1237 2657 1389 2697 ἀσάφειαν
1409 2659 1459 2689 καὶ
1474 2657 1626 2698 λοιδορίαν

175 2714 217 2745 εἴ,
231 2725 300 2744 τινα
317 2712 399 2748 Ἶβιν
412 2712 577 2751 ’γενόμενον
593 2713 703 2754 ἐχθρὸν
717 2716 773 2746 τοῦ
788 2713 1006 2754 Καλλιμάχου’
1032 2712 1069 2751 ἦν
1085 2712 1117 2744 δὲ
1133 2710 1222 2744 οὗτος
1242 2710 1449 2744 Ἀπολλώνιος
1463 2712 1480 2744 ὁ
1501 2710 1621 2753 γράψας
