1877 3193
961 114 965 118 -
1120 108 1127 114 ·
1193 104 1218 128 ,4
1247 115 1260 125 .

270 141 384 183 28:32
575 151 616 181 P.
648 137 806 180 ovibu
840 138 1056 183 NAsor'sss
1091 126 1415 181 FRAEMENTA.

386 243 603 290 Alludunt
618 241 761 283 teneri
780 226 972 283 tremulis
992 255 1090 282 cum
1111 242 1322 292 matribus
1340 243 1454 295 agni,

443 310 764 362 Lacteolasque
786 310 953 350 animas
974 310 1141 350 lacteus
1162 310 1316 350 humor
1336 308 1440 350 alit?

274 379 330 421 In
347 378 500 424 eodem
521 376 672 417 codice
694 376 966 429 Argumenta
985 377 1193 417 librorum
1212 376 1558 429 Virgilianorum
1573 379 1721 417 nostro

274 447 407 487 etiam
441 444 788 493 ascribebantur,
819 447 870 482 ut
891 448 934 483 et
954 444 998 483 in
1017 444 1164 484 multis
1186 444 1287 484 aliis
1308 444 1634 497 exemplaribus
1652 456 1726 484 ve-

273 513 421 561 tustis,
443 524 542 565 quae
566 511 670 551 vidi.
731 510 818 550 Sed
841 524 1084 563 perperam.
1144 510 1346 564 Denique
1361 511 1406 551 in
1422 511 1602 564 antiquo
1616 510 1726 551 libro

276 579 456 630 Georgii
488 577 685 616 Fabricii
719 576 802 614 hoe
824 576 1093 626 epigramma
1124 579 1177 616 de
1209 578 1414 620 Lucretia
1434 576 1632 618 Nasonis
1650 589 1727 619 no-

275 657 373 685 men
402 643 671 692 ostentabat,

392 714 404 731 ‘
426 709 537 751 Cum
557 709 726 749 foderet
745 708 857 749 ferro
880 710 1052 748 castum
1074 706 1278 748 Lucretia
1297 715 1472 759 pectus,

448 776 682 829 Sanguinis
703 780 745 816 et
764 780 931 816 torrens
953 774 1242 826 egrederetur,
1264 775 1347 815 ait:

390 843 641 886 Procedant
660 846 794 883 testes
816 855 885 882 me
906 854 990 882 non
1009 841 1232 894 placuisse
1255 844 1457 895 tyranno,

449 911 567 953 Ante
589 911 726 951 virum
748 910 940 963 sanguis,
964 909 1140 962 spiritus
1162 913 1261 949 ante
1285 907 1435 949 Deos?

279 979 366 1021 Sed
380 980 475 1034 jam
495 978 620 1019 satis.
678 977 795 1018 Nam
817 978 916 1019 illas
936 977 1309 1030 ineptissimorum
1328 975 1548 1016 hominum
1569 973 1622 1014 de
1639 974 1732 1015 Pu-

276 1049 374 1098 lice,
408 1047 669 1095 Philomela,
703 1048 746 1086 et
774 1045 844 1085 his
879 1045 1045 1085 similes
1077 1057 1217 1097 nugas
1244 1044 1343 1097 quis
1375 1042 1537 1083 Ovidio
1572 1041 1733 1082 ascribi

278 1115 493 1168 patienter
511 1116 585 1153 aut
603 1126 731 1166 aequo
760 1112 905 1152 animo
925 1112 1067 1152 ferat?
1130 1111 1312 1152 Carmen
1345 1110 1478 1151 etiam
1497 1109 1734 1163 Panegyri-

281 1194 378 1222 cum
400 1181 456 1222 ad
472 1179 679 1221 Pisonem
701 1179 754 1220 ad
777 1179 867 1220 alia
888 1179 984 1233 jam
1000 1181 1145 1220 castra
1158 1178 1254 1232 jure
1271 1178 1440 1231 optimo
1460 1176 1676 1217 transivit.

1349 1261 1620 1302 Hssmsms,

705 1780 830 1812 FINIS
854 1780 895 1811 P.
920 1778 1079 1810 OVIDII
1104 1778 1322 1810 OPERUM.
