1877 3193
206 139 320 184 2638
686 151 728 182 r.
761 150 920 182 ovmn
953 149 1165 181 NAsoms

207 248 318 289 Pars
338 246 444 288 estis
462 246 591 301 pauci
612 246 771 301 potior,
793 246 867 298 qui
887 246 1016 286 rebus
1037 245 1081 286 in
1103 245 1235 288 arctis
1593 251 1652 292 25

265 315 396 355 Ferre
416 315 520 354 mihi
538 315 697 354 nullam
717 318 843 366 turpe
864 313 1056 366 putastis
1075 326 1217 367 opem.

204 380 328 423 Tunc
344 382 475 434 igitur
491 382 631 422 meriti
649 382 853 422 morietur
873 382 1012 433 gratia
1031 381 1181 432 vestri,

262 447 372 489 Cum
393 449 502 489 cinis
524 450 723 489 absumto
745 460 924 500 corpore
944 448 1086 488 factus
1108 460 1198 489 ero.

206 515 367 567 Fallar,
386 520 429 556 et
451 516 529 557 illa
549 529 660 557 meae
682 515 903 568 superabit
921 520 1121 568 tempora
1140 514 1271 568 vitae3

260 584 309 624 Si
324 587 467 624 tamen
490 598 516 624 a
537 584 717 623 memori
737 583 993 635 posteritate
1013 583 1146 635 legar.
1592 582 1649 626 30

206 649 400 704 Corpora
423 650 630 690 debentur
650 650 821 690 moestis
840 651 1083 702 exsanguia
1102 651 1242 692 bustis
1261 664 1271 693 :

263 717 487 769 Effugiunt
508 720 697 756 structos
716 728 871 755 nomen
890 716 1116 768 honorque
1135 730 1280 770 rogos,

205 783 379 826 Occidit
397 789 439 824 et
458 783 670 832 Theseus,
692 786 733 822 et
753 783 829 836 qui
850 783 1078 823 comitavit
1101 782 1302 825 Oresten:

261 850 351 892 Sed
370 856 510 892 tamen
531 851 574 890 in
592 849 750 890 laudes
765 850 875 890 vivit
896 854 1072 903 uterque
1093 862 1214 890 suas.

203 916 302 958 Vos
319 917 453 957 etiam
475 916 559 956 seri
576 916 820 957 laudabunt
841 929 963 969 saepe
983 922 1165 969 nepotes
1186 929 1196 968 ;
1592 919 1651 961 36

259 982 478 1037 Claraque
497 984 575 1024 erit
594 984 770 1037 scriptis
791 984 931 1036 gloria
950 987 1091 1024 vestra
1109 984 1234 1024 meis.

203 1049 295 1091 Hic
316 1063 490 1104 quoque
511 1050 782 1092 Sauromatae
799 1050 894 1104 jam
915 1064 993 1091 vos
1012 1064 1169 1091 novere
1191 1050 1431 1107 Getaeque:

260 1117 317 1158 Et
334 1117 441 1157 tales
463 1117 631 1158 animos
649 1118 837 1159 barbara
855 1119 978 1159 turba
999 1119 1168 1172 probat.

204 1183 398 1237 Cumque
417 1196 498 1236 ego
520 1184 572 1223 de
592 1189 737 1225 vestra
754 1199 895 1238 nuper
914 1188 1133 1239 probitate
1153 1188 1369 1238 referrem,

257 1250 395 1300 (Nam
415 1250 548 1290 didici
569 1251 727 1292 Getice
748 1251 1074 1305 Sarmaticeque
1093 1253 1247 1306 loqui,)
1593 1256 1650 1297 40

200 1373 289 1401 teste.
333 1369 436 1400 Pauci
448 1369 522 1400 estis
536 1379 608 1409 pars
623 1371 739 1407 metior,
749 1371 800 1410 qui
813 1371 990 1402 credidistis
1001 1381 1059 1401 non
1073 1381 1133 1401 esse
1145 1372 1320 1402 indecorum
1328 1372 1463 1411 praehere
1474 1372 1551 1403 mihi
1562 1382 1650 1405 omne

199 1412 352 1443 auxilium
377 1412 411 1442 in
435 1411 525 1442 rebus
549 1412 682 1452 afflictis.
724 1413 840 1443 Gratia
868 1423 940 1452 ergo
955 1414 1051 1443 vestri
1073 1414 1212 1455 beneficii
1231 1417 1303 1444 tunc
1324 1414 1500 1452 intercidet,
1514 1425 1583 1446 cum
1597 1425 1650 1446 ero

191 1454 300 1491 factus
310 1454 411 1494 pulvis
435 1463 559 1492 corpore
573 1457 738 1485 consumto.
782 1455 942 1493 Decipior,
957 1459 1047 1493 utque
1061 1456 1114 1485 illu
1129 1455 1306 1494 porrigetur
1328 1457 1412 1486 ultra
1426 1457 1560 1496 spatium
1574 1457 1649 1488 viloe

199 1506 287 1536 meoe,
298 1496 325 1526 si
340 1500 443 1525 tamen
458 1497 544 1533 legar
559 1505 577 1525 α
591 1496 723 1534 posteris
746 1496 939 1527 meritoribus,
986 1498 1124 1536 Corpora
1141 1501 1261 1526 mortua
1283 1497 1431 1529 debentur
1445 1499 1586 1530 tristibus
1601 1509 1651 1530 ro-

197 1539 250 1575 gis
259 1549 271 1575 ,·
285 1538 377 1576 fama
392 1541 481 1578 atque
502 1537 606 1576 gloria
630 1537 852 1579 subtrahuntur
866 1538 995 1568 structis
1007 1540 1107 1578 pyris.
1155 1539 1199 1568 Et
1218 1538 1360 1578 Theseus,
1375 1543 1404 1570 et
1419 1541 1469 1580 qui
1484 1542 1649 1573 comitatus

198 1583 244 1611 est
262 1581 405 1620 Oresten,
420 1583 558 1610 mortuus
570 1583 615 1610 est
626 1591 638 1617 ,·
653 1582 707 1611 sed
724 1583 826 1611 tamen
841 1583 967 1620 uterque
982 1584 1135 1620 superstes
1149 1581 1235 1611 estin
1251 1591 1334 1611 suum
1345 1582 1490 1619 glorium.
1538 1583 1649 1615 Ultimi

199 1632 381 1654 successores
395 1622 589 1654 celebrabunt
603 1632 654 1653 vos
668 1632 781 1663 quoque
784 1622 980 1662 frequenter,
1001 1627 1031 1653 et
1046 1624 1113 1654 laus
1127 1627 1229 1654 vestra
1248 1624 1308 1654 erit
1323 1624 1453 1654 illustris
1465 1625 1542 1656 meis
1553 1626 1650 1656 versi-

198 1665 291 1696 sibus.
335 1666 528 1696 Sauromatae
544 1668 572 1695 et
591 1664 757 1704 Getoejam
771 1675 883 1706 quoque
899 1675 949 1696 tos
964 1669 1112 1696 noverunt
1128 1666 1189 1704 hic,
1197 1669 1226 1696 et
1239 1676 1349 1705 agmen
1365 1666 1529 1698 barbarum
1544 1668 1651 1699 laudat

199 1707 369 1746 hujusmodi
396 1707 524 1738 animos.
569 1707 613 1737 Et
638 1717 707 1738 cum
731 1718 828 1748 nuper
852 1708 944 1738 verba
960 1707 1098 1745 facerem
1120 1710 1157 1739 cle
1174 1712 1273 1739 vestro
1288 1710 1431 1750 candore,
1446 1711 1539 1750 (nam
1553 1710 1652 1742 awai

809 1780 1042 1791 eeeeeeeeeee

199 1821 381 1861 editiones,
404 1822 506 1853 etiam
540 1825 701 1854 nostram.
747 1823 756 1840 ‘
782 1822 931 1863 Signare'
959 1823 1099 1854 verbum
1121 1824 1219 1863 juris.
1263 1825 1367 1856 Pont.
1396 1835 1442 1857 1v.
1472 1825 1568 1865 Eleg.
1597 1829 1650 1857 15.

199 1866 208 1881 ¹
227 1863 422 1896 Confiteor:
446 1868 573 1895 testere
590 1865 693 1896 lieet:
718 1865 863 1905 signate,
888 1865 1062 1898 Quirites.’
1086 1867 1202 1897 Heius.
1244 1867 1312 1898 Sed
1335 1869 1379 1906 τῷ
1397 1868 1520 1907 signent
1534 1868 1589 1899 hic
1601 1869 1650 1900 lo-

200 1916 276 1938 cum
292 1915 365 1938 esse
380 1906 437 1938 vix
453 1910 550 1948 puto,
567 1917 643 1938 cum
658 1908 784 1938 nemini
799 1907 893 1938 credi
910 1913 1039 1948 posset,
1064 1910 1121 1949 qui
1138 1910 1170 1939 in
1187 1919 1256 1941 rem
1281 1920 1374 1940 suam
1390 1911 1512 1951 signet,
1534 1910 1594 1942 sed
1609 1914 1648 1942 ut

200 1949 297 1980 testis
313 1950 451 1980 alterius
468 1948 551 1980 facti
564 1950 693 1990 aliquid
720 1949 978 1982 confirmet:·et
1004 1961 1080 1982 cnm
1095 1951 1220 1983 Ovidio
1235 1957 1324 1984 teste
1348 1953 1475 1984 vellent
1498 1952 1562 1994 uti,
1587 1953 1647 1984 ille

200 1992 333 2032 signare
350 1992 535 2031 debuisset,
556 2002 623 2023 non
638 1993 706 2024 isti.
753 1994 869 2026 Quare
885 1993 1028 2033 mallem,
1041 1994 1229 2035 finguntque
1253 1995 1375 2026 licebit:
1399 1996 1463 2026 hoc
1485 1995 1548 2027 sibi
1570 2005 1648 2036 per-

198 2034 363 2065 suadeant
380 2038 415 2065 et
430 2033 573 2075 fingant,
596 2043 648 2065 me
672 2034 778 2066 etiam
803 2035 946 2076 probare
972 2046 1086 2067 eorum
1104 2037 1346 2076 innocentiam,
1374 2042 1408 2069 et
1425 2038 1557 2078 testari,
1580 2047 1648 2069 non

198 2075 300 2107 fuisse
317 2077 351 2106 in
367 2086 483 2107 eorum
499 2086 599 2107 manu
614 2077 695 2107 mihi
721 2088 821 2118 opem
843 2078 946 2109 ferre.
975 2080 1167 2110 Barim—25
1192 2080 1306 2110 Potior
1321 2090 1363 2110 ex
1378 2090 1443 2111 uno
1459 2081 1502 2111 V.
1517 2084 1553 2111 et
1567 2079 1646 2111 Pat.

199 2117 255 2147 alii
270 2118 388 2148 melior.
432 2119 569 2149 Deinde
587 2120 652 2150 Ms.
668 2120 801 2151 Bersm.
824 2121 857 2151 in
877 2120 1045 2152 istis—26
1069 2121 1137 2151 Alii
1154 2125 1236 2162 turp.
1259 2123 1378 2161 putatis
1400 2125 1534 2162 op.—27
1559 2121 1646 2162 Arg.

200 2158 292 2189 Nunc
306 2160 378 2196 igit.
423 2159 559 2191 Deinde
573 2160 697 2201 Scalig.
715 2163 880 2202 Excerpt.
897 2173 970 2193 cum
988 2163 1187 2203 quibusdam
1205 2165 1292 2195 Edd.
1318 2165 1422 2203 gloria
1445 2174 1506 2203 pro
1526 2164 1645 2202 gratia.

199 2202 284 2231 ——29
307 2201 418 2231 Fallar
433 2210 474 2231 ex
489 2203 621 2241 Fragm.
637 2202 809 2234 Boxhorn.
827 2205 939 2242 placet
958 2205 1076 2235 Heius.
1096 2215 1164 2244 prae
1183 2207 1272 2245 vulg.
1291 2207 1406 2237 Fullor.
1430 2207 1513 2236 Mox
1526 2205 1560 2235 in
1576 2204 1648 2244 qui-

199 2241 341 2273 busdam
354 2242 489 2282 sperabit
505 2253 565 2283 pro
579 2244 835 2283 superabit.-32
858 2244 926 2275 Alii
943 2246 1183 2285 honosque—33
1208 2247 1248 2277 In
1268 2247 1433 2277 nonnullis
1450 2248 1643 2276 Orestem.—

199 2286 242 2316 38
263 2285 343 2317 Jun.
369 2284 459 2316 barb.
483 2288 569 2316 terra
586 2286 758 2326 prola—40
782 2287 852 2317 Pro
870 2287 980 2317 Getice
996 2297 1079 2317 nnus
1095 2287 1248 2327 Scythice.
1292 2290 1375 2319 Tum
1397 2292 1542 2329 quatuor
1564 2287 1642 2319 libri

856 2370 995 2402 NOTAE
1598 2412 1600 2414 v

240 2435 284 2464 28
305 2431 470 2474 Absumto]
497 2434 592 2476 Igne,
607 2435 751 2476 scilicet,
764 2436 799 2467 in
814 2444 893 2476 rogo
946 2436 1100 2475 ligantur
1121 2445 1164 2466 ex
1181 2435 1284 2467 bustis
1307 2435 1544 2468 defunctorum
1567 2446 1642 2468 ossa

200 2487 278 2523 post
290 2488 432 2514 mortem
448 2494 568 2515 meam.
947 2491 981 2516 et
998 2485 1141 2516 cineres.

242 2536 284 2565 29
307 2534 430 2574 Fallar]
455 2535 604 2576 Corrigit
617 2536 698 2567 illud
714 2536 804 2577 qnod
821 2547 892 2577 gra·
988 2538 1028 2566 33
1055 2535 1117 2570 Qui
1131 2535 1305 2576 comitavit]
1317 2535 1478 2578 Pylades,
1488 2537 1643 2577 scilicet;

201 2582 340 2614 titudini
366 2589 473 2616 metas
497 2591 680 2626 posuerat;
705 2586 777 2618 vult
803 2596 893 2618 nam·
945 2584 988 2615 de
1003 2594 1070 2625 quo
1086 2586 1184 2624 paulo
1202 2590 1311 2618 antea.

201 2640 268 2672 que
283 2632 434 2664 versibus
449 2634 514 2665 suis
531 2641 704 2667 aeternam.
987 2637 1027 2666 3⁴1
1063 2635 1164 2675 Vivit]
1204 2637 1293 2669 Quia
1315 2647 1335 2668 a
1356 2637 1477 2670 Poetis
1499 2637 1583 2671 fides
1603 2642 1639 2670 et

242 2682 284 2711 81
298 2680 436 2723 MOESCis]
460 2684 579 2717 Quiaa
590 2684 813 2718 moestissimis
828 2686 894 2718 col-
944 2684 1093 2717 amicitia
1108 2696 1223 2719 eornm
1238 2687 1426 2720 celebrata.
