1877 3193
229 173 344 215 2794
720 187 759 216 Ρ.
791 184 951 214 ovmu
986 184 1197 214 NAsoms

232 278 380 333 thue
396 278 426 320 J
429 280 524 319 ovis
546 277 703 331 Libyci
724 278 934 331 templum
955 276 1121 317 violare
1140 279 1352 331 parantiS,
1607 277 1692 318 315

288 344 405 387 Acta
428 345 552 386 Noto
569 345 717 385 vultus
737 344 900 385 condat
921 357 1052 385 arena
1071 349 1185 386 tuos.

231 411 379 465 thue
399 417 649 452 necatorum
673 411 811 452 Darei
829 411 984 452 fraude
1005 411 1204 461 secundi,

287 480 360 520 Sic
382 483 456 520 tua
476 479 705 519 subsidens
729 479 906 519 devoret
926 491 1029 519 ossa
1049 479 1175 519 cinis.

229 547 340 597 Aut,
361 550 410 587 ut
430 546 630 587 olivifera
650 545 873 600 quondam
894 545 1083 599 Sicyone
1105 545 1271 598 fugato,

288 614 355 654 Sit
374 614 508 666 frigus
528 613 682 653 mortis
703 624 841 652 causa
858 611 1080 664 famesque
1102 616 1207 654 tuae.

232 678 337 730 Aut,
359 686 409 722 ut
430 680 667 728 Atarnites,
687 680 856 719 insutus
878 678 992 730 pelle
1006 678 1188 731 juvenci

285 747 493 800 Turpiter
513 747 567 787 ad
589 746 813 786 dominum
833 745 987 799 praeda
1006 744 1142 786 ferare
1163 750 1301 786 tuum.

1605 611 1691 653 320

230 878 305 908 vitoe
327 878 448 909 exitum
472 877 705 918 Sardanapalus
725 881 903 916 consecutus
917 880 974 910 est.
1020 878 1065 908 Et
1081 887 1174 908 arena
1185 877 1309 916 jactata
1325 876 1434 908 obruat
1453 877 1571 916 faciem
1597 880 1694 916 tunm,

231 922 480 960 quemadmodum
497 921 612 951 obruit
627 921 696 951 illos
719 921 771 961 qui
787 921 930 960 aggressi
953 925 1025 951 sunt
1044 921 1186 961 populari
1201 921 1347 960 templum
1363 920 1452 950 doz-is
1467 920 1586 961 Libyci.
1634 920 1695 952 At-

230 972 287 1002 que
302 963 381 994 cinis
395 963 553 994 subsidens
578 963 738 994 absorbeat
753 967 840 994 tuam
859 964 990 1003 faciem,
1011 963 1090 994 sicat
1105 962 1340 1000 interfectorum
1357 963 1424 992 doto
1440 962 1541 993 Darei
1560 963 1695 994 secundi.

237 1005 292 1036 Vel
306 1005 419 1045 frigus
433 1010 464 1037 et
484 1005 588 1044 fames
603 1008 646 1037 sit
668 1016 759 1037 causa
775 1007 886 1038 mortis
901 1010 975 1045 tuae,
997 1010 1034 1036 ut
1049 1007 1121 1036 olim
1135 1007 1222 1046 pulso
1237 1005 1370 1045 Sicyone
1385 1005 1539 1043 olivifera.
1590 1005 1646 1036 Vel
1660 1008 1695 1035 ut

230 1047 396 1080 Atarnites
402 1048 525 1087 feraris
549 1050 689 1081 indecore
701 1050 811 1090 proeda
833 1051 873 1080 ad
900 1049 1158 1080 dominumtuum
1179 1050 1300 1080 insutus
1317 1048 1395 1088 pelle
1408 1047 1548 1086 juvenci.
1594 1048 1696 1088 Atque

845 1146 1078 1157 &etc-eoseum

232 1200 293 1230 314
317 1197 388 1229 Alii
405 1200 503 1235 Quem
518 1201 689 1242 sim—315
716 1202 868 1233 Parentis
883 1202 1002 1233 Burm.
1019 1201 1115 1232 dedit
1130 1210 1171 1231 ex
1190 1201 1298 1231 altero
1315 1200 1394 1230 Pet.
1411 1202 1445 1229 et
1459 1197 1521 1229 Ed.
1537 1197 1694 1236 Salvagn.

232 1250 294 1279 pro
320 1242 414 1280 vulg.
442 1247 611 1282 parantes:
643 1245 766 1275 Heius.
792 1245 911 1275 mallet
935 1244 1182 1284 paranti.—316
1215 1243 1249 1275 J.
1280 1247 1315 1273 et
1345 1242 1474 1272 Bonon-
1501 1241 1578 1272 Alta
1608 1240 1695 1270 N.-

231 1284 294 1313 318
318 1283 487 1314 Subsidens
502 1294 544 1315 ex
562 1286 731 1326 plerisque
747 1291 831 1317 vett.
849 1287 967 1318 Heius.
983 1287 1076 1317 dedit
1092 1295 1152 1326 pro
1170 1286 1260 1323 vulg.
1275 1286 1477 1319 succendens;
1502 1287 1537 1313 et
1557 1291 1635 1313 mox
1651 1291 1695 1312 ex

231 1324 352 1355 iisdem
368 1335 436 1356 ossa
453 1336 515 1365 pro
531 1331 708 1358 orm—319
732 1328 801 1358 Alii
816 1329 967 1367 olimflua.
1013 1328 1146 1357 Deinde
1164 1327 1247 1357 editi
1274 1332 1308 1356 et
1335 1326 1453 1365 scripti
1471 1324 1607 1365 quidam
1631 1323 1696 1354 Sic.

228 1366 486 1408 prosect0.-32l
519 1369 559 1400 Iu
585 1379 657 1402 voc.
681 1370 848 1401 Atarnites
873 1370 1006 1401 variant
1031 1369 1210 1400 admodum
1233 1368 1381 1407 codices,
1406 1367 1590 1406 mammes,
1614 1366 1695 1396 Aca-

897 1463 1037 1495 NOTAE

230 1541 353 1568 turum.
405 1536 454 1568 At
481 1537 571 1568 enim
599 1539 659 1569 illa
685 1538 800 1570 mariti
826 1538 937 1570 vicem

233 1588 350 1619 ulcisci
364 1588 500 1626 maluit3
522 1593 625 1629 atque
642 1589 718 1620 hinc
736 1589 847 1629 pietas
863 1589 936 1629 ejus

230 1639 380 1670 laudata.
433 1639 534 1670 Fides
559 1649 642 1670 vero
665 1640 785 1670 harum
808 1639 937 1670 fabula-

232 1698 306 1720 rum
321 1699 425 1729 penes
443 1694 599 1720 auctores
617 1689 734 1721 fuerit.

992 1536 1104 1578 posito
1133 1535 1241 1577 tigno,
1271 1536 1366 1576 largo
1398 1536 1498 1575 epulo
1529 1543 1586 1566 eos
1612 1543 1696 1575 quos

992 1587 1137 1628 perdere
1155 1587 1257 1617 vellet
1278 1586 1485 1626 accipiebat,
1502 1584 1559 1626 qui
1579 1593 1698 1616 conso-

991 1640 1055 1680 piti
1081 1639 1113 1670 in
1142 1638 1335 1678 congeriem
1365 1638 1456 1668 illam
1488 1635 1610 1667 cineris
1638 1635 1695 1667 de-

991 1689 1152 1721 cidebant
1169 1693 1203 1718 et
1219 1686 1461 1718 obruebantur.

274 1741 338 1770 314
361 1739 604 1780 Sardanapalus]
628 1740 775 1770 Ultimus
793 1739 858 1770 fuit
876 1749 936 1770 rex

232 1787 462 1829 Assyriorum,
490 1789 547 1830 qui
570 1789 705 1820 luxuria
735 1799 794 1820 sua
829 1789 937 1830 primo

232 1839 356 1879 victus,
372 1839 499 1870 deinde
517 1839 652 1870 Arbace
667 1840 752 1870 duee
776 1850 795 1870 a
812 1840 878 1870 suis
895 1839 937 1870 ad

232 1890 354 1921 ultima
378 1890 583 1930 compulsus,
609 1900 682 1921 sese
708 1891 741 1921 iu
769 1900 886 1931 pyram
904 1891 937 1921 in

233 1939 330 1980 regia
364 1944 589 1979 exstructam,
617 1941 789 1981 congestis
818 1941 938 1972 eodem

234 2000 459 2033 quaecumque
488 1991 607 2022 habuit
634 1991 822 2031 carissima,
849 1991 938 2022 viros

233 2041 388 2073 imitatus
405 2042 466 2072 hoc
484 2052 562 2080 uno,
577 2042 739 2082 conjecit.

273 2094 335 2121 315
355 2091 524 2131 Pur-antis]
541 2093 594 2122 De
609 2092 764 2122 exercitu
780 2092 932 2133 loquitur

235 2149 334 2180 quem
352 2141 545 2181 Cambyses,
560 2143 639 2181 Cyri
657 2141 758 2179 filum,
775 2142 941 2182 supersti-

235 2188 384 2219 tionibus
423 2188 570 2219 offensus
610 2191 861 2231 AEgyptiorum,
897 2192 940 2222 ad

235 2237 434 2269 Hammonis
464 2241 626 2278 templum
655 2241 856 2271 diruendum
883 2242 940 2271 mi-

237 2288 294 2319 sit.
340 2288 394 2318 llli
412 2288 500 2318 enim
524 2298 702 2319 arenarum
728 2291 869 2320 cumulis
884 2290 940 2320 ob-

237 2338 306 2369 ruti
322 2343 411 2369 sunt.

280 2390 343 2419 317
384 2388 501 2427 Darei]
536 2388 590 2419 Ad
616 2388 749 2419 Ochum
775 2387 940 2428 referunt,

238 2447 305 2470 non
318 2439 417 2475 male,
432 2438 489 2479 qui
504 2439 637 2468 Dareus
652 2443 703 2468 est
716 2438 836 2469 dictus.
860 2439 940 2479 Hic,

238 2493 278 2520 ut
301 2489 416 2520 Valer.
442 2489 532 2520 Max.
559 2489 690 2529 prolixe
717 2488 833 2528 refert,
857 2499 939 2529 quos

238 2549 347 2581 neque
382 2549 526 2577 veneno,
556 2548 666 2580 neque
697 2538 801 2577 ferro,
831 2549 940 2580 neque

238 2590 307 2620 ulla
331 2590 364 2620 vi
392 2595 450 2621 aut
475 2590 590 2629 inopia
616 2590 851 2620 alimentorum
867 2599 941 2620 sese

241 2638 503 2671 interfecturum
524 2640 714 2680 juraverat,
742 2640 803 2670 hnc
820 2639 941 2671 fraude

240 2688 391 2719 sustulit.
447 2690 573 2720 Locum
600 2690 765 2720 munitum
787 2691 863 2721 altis
886 2700 942 2731 pa-

243 2738 385 2772 rietibus
405 2739 518 2771 cinere
543 2741 744 2782 complevit:
768 2740 848 2773 iude
863 2750 941 2782 sup-

1035 1743 1099 1771 319
1122 1738 1270 1779 Sicyone]
1304 1738 1392 1768 Haec
1418 1746 1498 1767 vero
1526 1735 1695 1776 Pelopon-

992 1791 1063 1822 nesi
1082 1791 1161 1821 urbs
1178 1789 1241 1819 fuit
1256 1789 1367 1819 baccis
1385 1787 1452 1818 suis
1468 1792 1501 1817 et
1517 1786 1592 1817 oleo
1608 1786 1696 1817 cele-

992 1842 1152 1874 bei-rima.

1037 1890 1176 1931 Fugato]
1200 1890 1269 1921 Hic
1287 1889 1433 1921 Neocles
1450 1893 1506 1919 aut
1525 1886 1698 1924 Nicocles,

994 1953 1035 1974 ex
1052 1941 1278 1972 vetustissimo
1299 1940 1501 1979 interprete,
1518 1947 1537 1968 a
1553 1937 1696 1968 Zarotto

994 1993 1137 2024 dicitnr:
1176 1992 1219 2022 de
1258 2000 1323 2031 quo
1361 1990 1462 2020 etiam
1499 1986 1696 2025 Pausanias,

994 2045 1145 2084 itemque
1162 2042 1388 2073 Plutarchus:
1416 2039 1551 2071 tametsi
1568 2038 1611 2069 de
1627 2038 1696 2069 exi-

993 2095 1039 2126 lio
1055 2095 1129 2134 ejus
1148 2099 1279 2123 tantum
1296 2092 1491 2131 loquuntur.

1037 2148 1097 2175 321
1127 2141 1302 2182 Atarnites]
1325 2142 1380 2172 De
1398 2140 1542 2171 Hermia
1558 2138 1696 2170 Atarnae

994 2195 1117 2234 Mysiae
1144 2194 1235 2224 urbis
1254 2199 1396 2233 tyranno
1412 2190 1592 2221 Turnebus
1610 2189 1695 2219 bene

994 2245 1129 2275 videtur
1145 2243 1362 2282 exposuisse3
1387 2242 1455 2281 qui,
1475 2249 1517 2270 ex
1534 2237 1697 2275 Diodoro,

994 2295 1100 2331 illum,
1119 2295 1197 2332 quia
1224 2302 1243 2321 a
1266 2292 1445 2320 Persarum
1463 2296 1544 2327 rege
1560 2285 1696 2317 defece·

995 2349 1060 2378 rat,
1087 2343 1128 2372 ab
1150 2342 1301 2371 Hectore
1318 2337 1460 2378 quodam
1488 2336 1582 2376 liujus
1609 2336 1695 2367 duce

994 2391 1262 2421 circ111nv‹›ntn=11
1279 2392 1313 2417 et
1338 2388 1369 2417 in
1385 2391 1590 2426 potestatem
1607 2386 1695 2417 illius

995 2440 1098 2471 fuisse
1135 2439 1308 2469 redactum
1345 2437 1439 2467 dicit.
1495 2438 1696 2477 Quanquam

995 2492 1085 2523 enim
1107 2489 1247 2531 juvenci
1264 2489 1412 2519 insutum
1439 2487 1527 2528 pelle
1547 2496 1612 2517 non
1629 2491 1696 2518 tes-

996 2547 1085 2573 tetur
1103 2539 1287 2578 Diodorus,
1313 2537 1449 2568 aliunde
1475 2536 1565 2568 istud
1585 2537 1697 2577 potuit

996 2591 1155 2622 didicisse
1181 2590 1295 2626 Naso3
1319 2598 1431 2629 neque
1457 2587 1549 2628 ideo,
1565 2592 1604 2618 ut
1620 2596 1697 2618 cen-

996 2647 1136 2672 suerunt
1159 2639 1321 2679 nonnulli,
1346 2639 1434 2670 hunc
1456 2639 1569 2671 locum
1585 2646 1696 2670 emen·

995 2691 1146 2723 dandum
1161 2689 1358 2721 credideris.
