1877 3193
520 160 672 192 mus'r.
707 158 774 191 Ex
808 161 966 192 ΡοΝΤο
1001 162 1094 193 [ΑΒ.
1127 163 1159 194 1.
1193 153 1234 192 4.
1493 153 1606 197 2525.

153 255 286 296 Illum
306 258 444 298 tutata
464 260 533 298 est
552 270 651 297 cum
671 257 853 299 Pallade
869 258 989 310 regia
1008 257 1037 299 J
1042 271 1124 300 uno
1142 272 1152 300 z

211 322 452 363 Defendere
472 336 614 363 meum
634 325 808 365 numina
827 325 951 365 nulla
972 328 1120 378 caput.
1547 323 1604 363 40

153 387 284 430 Illum
304 390 477 431 furtivae
494 391 646 443 juvere
668 391 899 444 Cupidinis
922 399 1063 444 artes3

210 455 334 507 Quas
356 471 381 498 a
401 471 468 498 me
492 459 643 499 vellem
666 472 752 499 non
772 459 1000 499 didicisset
1020 458 1172 499 Amor.

152 522 234 564 Ille
257 525 431 565 domum
454 525 580 565 rediit
598 540 606 566 :
637 538 720 565 nos
741 526 809 565 his
831 524 1062 565 moriemur
1082 525 1126 564 in
1145 526 1278 575 arvi&

208 591 449 634 Perstiterit
469 592 565 633 laesi
589 593 626 633 si
649 592 793 645 gravis
813 593 880 633 ira
906 592 1009 633 Dei.

152 658 316 699 Durius
335 664 402 700 est
422 660 549 711 igitur
568 665 777 709 nostrum,
800 660 1014 700 fidissima
1035 660 1214 715 conJux,
1550 660 1608 700 45

206 725 307 775 Illo,
329 726 449 779 quod
469 727 609 768 subiit
630 727 797 768 AEsone
818 731 961 776 natus,
985 740 1108 768 onus.

148 792 214 833 Te
236 806 428 846 quoque,
450 808 582 847 quam
597 796 801 849 juvenem
825 794 1059 834 discedens
1089 793 1202 835 Urbe
1221 794 1391 849 reliqui,

205 859 423 900 Credibile
445 866 508 901 est
526 863 688 902 nostris
710 861 955 901 insenuisse
975 861 1117 902 malis.

150 924 190 965 Ο
211 939 306 979 ego,
330 928 389 968 Di
412 929 590 978 faciant,
611 929 744 969 talem
766 931 808 968 te
831 941 1002 969 cernere
1024 928 1209 983 possim,

207 993 405 1048 Caraque
428 997 612 1036 mutatis
634 996 788 1037 oscula
806 995 914 1036 ferre
936 996 1057 1047 genis
1075 1009 1085 1047 ;
1545 995 1604 1037 50

146 1058 456 1115 Amplectique
477 1064 588 1103 meis
610 1076 771 1116 corpus
793 1076 877 1104 nou
897 1064 1059 1116 pingue
1078 1063 1286 1115 lacertis3

203 1128 276 1179 Et,
296 1128 472 1170 Gracile
493 1130 577 1171 hoc
599 1131 718 1180 fecit,
742 1131 903 1179 dicere,
926 1142 1030 1171 cura
1050 1130 1160 1170 mei:

145 1257 282 1294 defendit
297 1258 404 1288 illum:
427 1259 503 1288 nulli
519 1259 578 1289 Dii
597 1262 802 1298 protexerunt
818 1269 916 1290 meum
930 1263 1033 1298 caput.
1067 1259 1203 1289 Secretae
1209 1258 1343 1296 fraudes
1357 1257 1481 1289 Amoris
1494 1257 1544 1288 illi
1558 1257 1606 1295 af-

137 1298 280 1338 fuerunt,
295 1309 368 1338 quas
383 1303 520 1338 optarem
536 1300 633 1331 Amor
647 1311 707 1331 non
730 1303 853 1332 edoctas
868 1305 944 1332 esset
960 1312 980 1331 α
1001 1311 1060 1331 me.
1088 1301 1144 1331 Ille
1166 1301 1295 1341 repetiit
1317 1302 1403 1331 sedes
1429 1309 1506 1331 suas
1522 1311 1529 1330 z
1552 1310 1606 1330 nos

144 1341 311 1371 occidemus
325 1341 357 1371 in
372 1341 421 1371 his
436 1343 534 1381 agris,
549 1343 577 1373 si
589 1343 698 1381 gravis
711 1343 760 1373 ira
775 1345 838 1374 Dei
852 1344 960 1385 offensi
972 1345 1189 1383 permanserit.
1233 1344 1353 1381 Jugum
1369 1353 1441 1382 ergo
1457 1345 1607 1381 nostrum,

143 1382 427 1424 uxorfidelissz‘ma,
443 1389 487 1415 est
501 1386 632 1424 gravius
653 1386 706 1416 ilio
723 1387 899 1426 quodfilius
916 1386 1040 1417 AEsonis
1055 1387 1138 1417 tulit.
1188 1386 1361 1417 Verisimile
1377 1389 1422 1416 est
1445 1386 1550 1425 etiam,
1565 1388 1608 1423 te,

143 1434 236 1464 quam
247 1425 442 1467 proficiscens
467 1427 504 1458 ab
535 1428 617 1459 Urbe
642 1429 752 1469 reliqui
773 1431 1003 1466 adolescentem,
1031 1429 1222 1459 consenuisse
1244 1429 1357 1458 nostris
1372 1428 1527 1458 aerumnis.
1576 1428 1605 1457 Ο

144 1467 204 1498 Dii
228 1472 389 1508 praestent,
404 1473 438 1500 ut
462 1480 518 1509 ego
541 1471 656 1510 possim
672 1474 702 1501 te
718 1472 854 1511 aspicere
869 1472 971 1509 talem,
994 1474 1023 1501 et
1039 1472 1114 1500 dare
1128 1474 1222 1509 grata
1238 1471 1338 1501 oscula
1351 1470 1441 1509 genis
1455 1469 1584 1500 mutatis
1592 1479 1605 1505 ,⁴

143 1512 234 1552 atque
260 1512 403 1551 amplecti
425 1523 532 1552 corpus
550 1514 669 1551 gracile
694 1515 768 1544 meis
787 1513 919 1544 brachiis
932 1523 943 1548 ;
967 1516 996 1543 et
1020 1513 1133 1552 dicere,
1158 1513 1313 1543 Anxietas
1337 1514 1373 1542 de
1397 1522 1444 1543 me
1467 1511 1604 1543 reddidit

754 1594 990 1605 eeeeeeeeeeee

144 1647 277 1678 Bersm.
294 1647 336 1679 R.
350 1648 447 1678 Serv.
466 1652 501 1679 et
516 1648 571 1679 alii
591 1649 675 1684 Quas
689 1649 837 1688 fugerem
859 1650 888 1679 d.
905 1659 981 1688 quas
995 1658 1163 1688 sequererq.
1180 1652 1295 1680 v.—39
1319 1649 1359 1679 P.
1377 1650 1422 1678 est
1435 1650 1520 1678 casta
1535 1657 1603 1677 cum

144 1689 276 1720 Pallade
292 1690 412 1720 J.—·4l
438 1690 518 1730 Arg.
535 1696 569 1721 et
586 1691 650 1722 duo
677 1692 734 1722 alii
759 1693 795 1722 C.
816 1694 1003 1722 arcus—42
1027 1691 1125 1722 Amor
1141 1691 1235 1722 dedit
1252 1691 1372 1722 Heius.
1388 1700 1430 1720 ex
1446 1690 1501 1720 Sa.
1520 1688 1604 1729 Arg.

144 1735 181 1762 et
197 1731 306 1762 tribus
323 1732 410 1769 aliis,
427 1734 504 1773 qnia
521 1734 642 1774 passim
660 1734 790 1765 Noster
804 1744 838 1764 se
855 1734 1007 1774 appellat
1023 1735 1031 1750 ‘
1046 1734 1181 1764 Amoris
1200 1738 1447 1774 praeceptorem
1463 1731 1482 1763 :'
1513 1732 1604 1771 vulg.

144 1776 345 1805 amana—43
370 1775 460 1805 Mor.
484 1776 515 1806 in
531 1776 691 1807 oris—44
716 1778 757 1807 R.
773 1776 800 1807 si
824 1780 926 1806 tamen
950 1776 999 1806 ira
1023 1776 1155 1807 D.—46
1180 1777 1266 1806 Onus
1281 1786 1323 1806 ex
1343 1776 1409 1806 Ms.
1428 1773 1602 1805 Fabricius

144 1815 252 1853 dedit,
269 1817 356 1857 quod
376 1818 490 1848 melius
505 1829 604 1859 quam
622 1820 710 1859 vulg.
727 1829 800 1859 opus
816 1821 1031 1849 censen-49
1055 1819 1174 1850 Barth.
1198 1819 1282 1849 Cod.
1307 1819 1394 1856 Ergo
1411 1816 1602 1854 Disaciant.

145 1857 290 1890 Quidam
304 1863 334 1889 te
350 1861 452 1890 talem.
479 1860 595 1892 Heius.
612 1866 729 1891 censet
746 1860 961 1892 scribendum
977 1861 1024 1891 vel
1040 1862 1152 1891 talem.-
1186 1861 1302 1891 Burm.
1331 1861 1378 1890 ita
1401 1869 1446 1890 vs.
1465 1858 1602 1897 refingit

148 1901 178 1930 0
193 1902 290 1940 modo,
306 1901 390 1939 D.f.
405 1904 495 1933 talem
512 1906 542 1934 te
558 1913 678 1934 cernere
698 1905 811 1943 possim
827 1903 841 1934 l
864 1904 944 1934 licet
966 1903 1038 1943 jam
1057 1913 1156 1933 anum
1170 1901 1298 1933 factam
1314 1906 1349 1932 et
1365 1901 1460 1932 malis
1477 1901 1600 1930 nostris

145 1948 477 1976 senescentem—50
503 1946 667 1985 Paucaque
683 1947 736 1976 vel
763 1946 906 1984 Raraque
931 1944 1016 1984 Arg.
1046 1946 1184 1985 Curaque
1209 1946 1342 1975 Sari-av.
1391 1942 1525 1973 Deinde
1545 1951 1601 1980 ge-

144 1985 193 2015 nis
208 1995 249 2017 ex
267 1996 333 2018 uno
352 1987 418 2018 Ha.
436 1992 470 2019 et
487 1989 595 2019 tribus
612 1989 654 2019 V.
677 1988 790 2028 placet
809 1988 925 2019 Heius.
948 1997 1017 2028 prae
1036 1988 1126 2028 vulg.
1144 1987 1332 2019 comis—57
1359 1985 1485 2026 Scripti
1510 1984 1603 2015 Prin-

802 2081 940 2113 NOTAE

185 2157 225 2185 37
251 2154 381 2196 Tiphys]
430 2156 497 2189 Qui
527 2157 747 2197 peritissimus
776 2155 842 2187 fuit
896 2155 1035 2187 consilio
1053 2156 1159 2187 vellus
1177 2166 1313 2187 aureum
1329 2156 1528 2196 reportavit.

142 2203 236 2245 Argo
252 2206 346 2235 navis
363 2205 585 2245 gubernator.
938 2209 980 2236 42
1007 2206 1134 2246 Vellem]
1158 2206 1246 2239 Quia
1259 2206 1336 2237 ideo
1354 2206 1534 2246 relegatus.

184 2256 328 2293 Agenore
347 2255 453 2295 natus]
478 2256 643 2287 Phineum
668 2256 842 2297 intelligit,
937 2259 978 2287 43
1002 2257 1127 2297 Rediit]
1151 2258 1272 2299 Neque
1286 2257 1357 2288 sine
1374 2256 1474 2288 laude
1492 2262 1596 2299 atque

141 2305 198 2345 qui
214 2304 391 2345 Jamnem,
408 2316 474 2347 quo
499 2311 599 2346 paeto
617 2307 769 2348 Cyaneas
785 2317 841 2347 pe·
895 2307 1002 2347 gloria
1019 2308 1173 2338 maxima.

142 2358 210 2385 tras
223 2356 458 2397 pertransiret,
472 2367 640 2399 quamque
651 2358 735 2388 viam
747 2363 839 2389 tene·
938 2357 1017 2396 His]
1041 2357 1188 2397 Geticis,
1204 2358 1277 2388 scil.
1294 2356 1499 2398 asperrimis.

143 2409 206 2442 ret,
222 2405 370 2436 edocuit.
934 2410 976 2438 44
1001 2408 1079 2447 Dei]
1104 2408 1261 2448 Augusti.

182 2455 222 2482 40
250 2454 357 2495 Nulla]
379 2456 521 2488 Etlmico
539 2467 630 2488 more
647 2468 838 2500 quanquam
936 2461 978 2489 49
996 2458 1099 2488 Talem
1115 2458 1160 2498 te]
1178 2458 1327 2488 Venuste
1345 2456 1472 2487 clariss.
1490 2453 1595 2484 Hein-

143 2503 322 2534 Rhetorice
339 2506 497 2547 loquitur.
893 2507 961 2538 sius
978 2509 1023 2539 vel
1039 2509 1143 2547 talem,
1159 2508 1222 2537 hoc
1240 2512 1304 2543 est,
1320 2514 1393 2545 quae
1410 2503 1594 2533 insonuerit

184 2555 221 2583 41
249 2552 402 2594 Furtim]
428 2558 566 2590 Furtivo
593 2569 735 2601 namque
765 2559 838 2590 Me-
892 2558 1004 2588 mariti
1029 2557 1134 2587 malis.
1182 2556 1263 2586 Plus
1292 2563 1373 2584 vero
1403 2558 1453 2583 est
1478 2561 1592 2584 senem

141 2602 213 2633 deae
229 2610 353 2640 amore,
376 2614 442 2634 nou
455 2606 558 2637 Jason
574 2609 673 2640 modo
687 2609 838 2649 pericula
892 2616 991 2647 quani
1007 2606 1132 2636 nullam
1149 2604 1311 2644 aspicere.

140 2652 285 2682 maxima
299 2651 430 2691 vitavit,
447 2664 521 2693 quae
540 2657 575 2686 in
600 2658 738 2689 Metam.
756 2658 838 2688 vidi·
935 2660 975 2697 {²²
1001 2655 1085 2694 Hoc]
1110 2653 1231 2695 Tuum,
1258 2663 1277 2684 o
1304 2652 1426 2693 conjux
1443 2652 1590 2684 dilectis-

140 2712 226 2743 ums,
255 2701 313 2734 sed
346 2706 382 2733 et
416 2703 570 2742 ejusdem
601 2715 705 2745 opera
734 2712 837 2748 atque
890 2707 983 2738 sima.
