1877 3193
830 197 941 229 uns.
1495 182 1607 226 2811

157 295 217 338 Ut
238 295 429 338 Macedo
449 293 621 349 rapidis
638 294 731 335 icta
750 297 818 335 est
837 306 937 334 cum
955 291 1141 346 conjuge
1160 284 1348 334 flammis
1367 304 1378 343 ;

214 365 306 414 Sic,
329 377 499 418 precor,
522 362 699 404 aetherei
717 361 906 403 vindicis
926 362 1024 413 igne
1045 359 1196 401 cadas.

155 431 406 486 Praedaque
428 431 491 472 sis
512 431 616 481 illis,
639 431 803 484 quibus
824 433 891 469 est
912 429 1101 469 Latonia
1122 428 1258 468 Delos

211 498 325 541 Ante
344 499 460 540 diem
480 503 605 553 rapto
623 512 710 539 non
731 497 933 538 adeunda
954 495 1120 536 Thaso.

157 566 334 620 Quique
356 566 616 608 verecundae
637 564 941 618 speculantem
960 562 1082 602 labra
1103 561 1277 612 Dianae,

214 634 393 688 Quique
415 632 716 686 Crotopiaden
737 630 954 683 diripuere
975 629 1131 671 Linon.

156 700 283 743 Neve
302 706 515 743 venenato
535 700 673 740 levius
693 699 860 740 feriaris
884 699 940 739 ab
963 711 1121 749 angue,

214 767 358 818 Quam
379 768 498 809 senis
523 767 679 819 OEagri
703 765 1017 820 Calliopesque
1037 778 1192 805 nurus:

157 834 308 886 Quam
329 848 436 889 puer
458 833 760 888 Hypsipyles:
786 846 920 886 quam
942 833 1018 886 qui
1041 844 1155 873 cava
1176 832 1342 886 primus
1365 832 1498 872 acuta
1525 828 1614 872 485

212 903 410 958 Cuspide
432 903 627 957 suspecti
648 903 808 943 robora
828 901 928 943 fixit
949 902 1065 955 equi.

1528 490 1613 534 480

161 1035 254 1074 Ursa,
270 1044 338 1075 qua*
353 1038 437 1065 caret
452 1034 539 1074 aquis
545 1033 670 1075 fluidis.
719 1034 783 1064 Oro
800 1037 834 1064 ut
849 1043 957 1074 pereas
959 1033 1101 1073 flammis
1117 1032 1226 1063 ultoris
1239 1030 1377 1066 aetherei,
1390 1030 1470 1060 sicut
1488 1028 1617 1060 Macedo

155 1088 224 1108 cum
239 1078 352 1108 marito
367 1077 473 1118 qfflata
490 1082 534 1107 est
550 1078 622 1115 igne
631 1076 767 1115 fervido.
819 1077 875 1108 Vel
889 1077 932 1107 sis
954 1077 1016 1108 illis
1031 1077 1149 1117 prceda,
1173 1075 1281 1115 quibas
1297 1074 1392 1104 Delos
1408 1073 1542 1102 Latonia
1558 1080 1617 1101 non

156 1123 202 1151 est
217 1122 368 1156 adezmda,
389 1121 504 1151 Thraso
527 1119 644 1150 sublato
670 1124 742 1150 ante
767 1123 902 1160 tempus.-
929 1121 974 1150 vel
1001 1120 1053 1158 qai
1077 1119 1301 1158 discerpserunt
1325 1117 1495 1146 intuentem
1517 1115 1618 1144 alveos

157 1164 274 1194 Dianae
286 1164 420 1203 pudic-(e,
443 1173 496 1194 seu
511 1163 563 1203 qai
590 1163 829 1193 laceraverunt
846 1163 947 1193 Linon
966 1162 1183 1202 Crotopiaden.
1231 1160 1316 1191 Neve
1334 1160 1434 1189 minus
1451 1155 1620 1188 mordearis

158 1217 175 1236 a
191 1210 333 1246 serpente
347 1206 507 1246 pestifero,
531 1215 623 1246 qnam
647 1216 743 1236 nurus
767 1206 884 1244 OEagri
907 1209 937 1236 et
956 1205 1119 1245 Calliopes,
1136 1213 1225 1244 quam
1249 1204 1389 1233 alumnus
1405 1200 1619 1241 Hypsipyles:

156 1259 246 1288 quam
262 1250 314 1289 qui
330 1248 547 1290 primusfodit
561 1258 702 1279 macrone
717 1251 806 1278 acuto
822 1251 910 1278 vasta
926 1248 1013 1287 ligna
1027 1249 1096 1288 equi
1112 1247 1256 1286 suspecti.
1303 1245 1390 1275 Neve
1406 1244 1531 1274 accedas
1544 1250 1619 1282 pru-

767 1331 1003 1342 eeeeeeeeeeee

156 1394 199 1416 ex
224 1386 332 1416 tribus
359 1385 519 1424 scriptis;
545 1385 634 1424 vulg.
657 1388 692 1414 ut
722 1384 790 1414 nati
812 1385 963 1423 sanguine
994 1384 1214 1415 eodem-477
1239 1382 1347 1412 Vetus
1368 1380 1537 1420 interpres
1559 1390 1619 1420 pro

157 1429 301 1465 Macedo,
321 1428 403 1467 legit
422 1428 554 1464 Macelo,
571 1427 661 1466 quod
680 1428 726 1456 sic
743 1432 906 1456 enarrat:
931 1428 940 1443 ‘
959 1426 1133 1457 Nicander
1150 1425 1235 1455 dicit
1251 1423 1436 1461 Macelon,’
1453 1427 1518 1454 &m
1535 1422 1619 1454 fides

157 1476 229 1502 esto
260 1480 363 1510 penes
392 1474 577 1499 auctorem.
602 1468 749 1506 Sall-agn.
789 1468 941 1498 Macedon
970 1468 1033 1497 icta
1055 1470 1100 1497 est
1123 1466 1241 1506 rapidis
1267 1466 1401 1495 Sarrav.
1417 1468 1453 1495 ut
1470 1466 1622 1496 Macedon

155 1513 275 1553 rapidis
299 1514 377 1543 ictas
402 1511 609 1541 Petavianus
635 1512 734 1545 alter,
751 1515 785 1540 et
803 1520 885 1540 unus
903 1510 1047 1547 Heinsii,
1066 1508 1313 1543 Maccdonjucta
1329 1512 1374 1537 est
1386 1508 1506 1547 rapidis
1523 1507 1621 1547 prim.

158 1556 285 1586 editio:
313 1555 444 1585 Macedo
472 1553 591 1593 rapidis
620 1554 758 1583 medecta
786 1552 912 1591 conjuge
942 1552 1092 1589 Morem
1122 1552 1163 1581 Ut
1192 1551 1320 1581 Macedo
1344 1551 1425 1580 victa
1441 1554 1486 1580 est
1504 1550 1622 1589 rapidis

158 1598 310 1638 Regius:
337 1598 428 1628 locus
453 1601 644 1636 corruptus.
693 1596 766 1626 Nec
789 1596 920 1626 Macedo
937 1595 1056 1625 mulier
1072 1599 1172 1631 nota3
1196 1602 1301 1633 quare
1331 1603 1404 1623 cum
1432 1592 1621 1624 Petaviano

159 1646 195 1672 et
210 1640 395 1672 Heinsiann
413 1640 491 1669 ictus
508 1643 620 1679 posset
638 1637 804 1678 praeferri,
818 1638 870 1668 vel
887 1638 965 1677 legi,
979 1638 1098 1677 rapidis
1111 1637 1171 1667 icta
1185 1646 1251 1666 cam
1267 1637 1408 1674 conjuge,
1425 1639 1459 1666 et
1475 1635 1622 1675 intelligi

158 1683 308 1715 Macedo
327 1682 493 1723 Lycaonis
509 1681 609 1720 filius,
622 1682 677 1722 qui
695 1681 797 1711 ruinae
813 1685 964 1721 paternae
978 1681 1094 1711 (lomus
1110 1679 1278 1709 involutus
1291 1677 1354 1709 fuit
1369 1688 1444 1708 cum
1462 1678 1622 1718 conjuge.

160 1727 273 1767 Hujus
303 1724 502 1757 Macedonis
525 1724 679 1754 meminit
703 1724 894 1764 Stephanus
919 1724 950 1753 iu
970 1723 1107 1763 Oropo;
1132 1727 1167 1753 et
1193 1721 1310 1752 Tzetz.
1348 1721 1492 1752 Chiliad.
1511 1730 1558 1751 ιν.
1575 1730 1622 1751 vS.

159 1772 234 1801 330.
251 1769 308 1810 qui
327 1768 429 1798 filium
448 1767 613 1807 Lycaonis
628 1772 663 1797 et
680 1772 813 1806 patrem
840 1767 941 1797 Pindi
959 1765 1055 1797 facit.
1102 1765 1164 1795 Ille
1188 1765 1325 1804 Lycaon
1343 1773 1383 1792 an
1402 1763 1491 1793 idem
1508 1763 1552 1793 sit
1565 1763 1622 1803 qui

159 1812 319 1843 Arcadiae
338 1812 411 1841 Rex
428 1811 554 1841 nescio.
593 1810 730 1849 Pelasgi
747 1810 802 1840 ille
818 1808 903 1839 filius
919 1809 1056 1840 dicitur.
1104 1807 1209 1848 Atqui
1226 1807 1349 1839 Justin.
1370 1815 1432 1836 νιι.
1446 1805 1529 1836 dicit
1550 1806 1624 1836 Ma·

160 1855 308 1886 cedonas
324 1853 428 1884 fuisse
445 1853 607 1893 populum
623 1852 823 1891 Pelasgum:
853 1859 887 1882 et
903 1852 1047 1882 'l'zetzes
1066 1852 1223 1891 Lycaona
1246 1849 1421 1881 AEmathiae
1449 1857 1560 1887 regem
1576 1846 1623 1877 fa-

161 1898 230 1929 cit:
259 1896 318 1927 sed
342 1897 415 1927 haec
438 1896 650 1936 conjectura.
674 1896 894 1926 Βιιι·ηι.--18Ο
920 1894 987 1925 Alii
1015 1894 1247 1924 Thraso—481
1274 1892 1377 1923 Labra
1395 1892 1511 1921 Burni.
1528 1890 1624 1920 dedit

162 1950 204 1972 ex
222 1939 373 1981 scriptis,
403 1943 441 1970 ut
464 1944 498 1970 et
515 1939 599 1970 citat
622 1938 742 1969 Heius.
767 1938 807 1969 ad
830 1938 919 1968 Fast.
945 1939 1084 1968 1v.761.
1122 1937 1224 1976 Vulg.
1249 1934 1500 1966 membra—482
1523 1933 1624 1964 Linon

826 2033 965 2065 NOTAE

164 2111 265 2152 guinc
299 2111 386 2142 creti
421 2121 485 2152 quo
517 2110 671 2149 Callisto,
702 2109 866 2150 Lycaonis

163 2162 265 2193 etiam
288 2161 367 2201 filia,
385 2163 417 2192 in
437 2161 566 2192 Arcton
585 2171 642 2192 seu
660 2161 782 2191 Ursam
799 2170 868 2191 mu·

164 2219 250 2254 tata,
266 2220 300 2245 et
318 2215 350 2245 in
368 2215 487 2245 coelum
506 2214 680 2245 translata.

206 2267 269 2295 476
295 2265 372 2299 Quoe
389 2264 489 2303 caret]
528 2263 659 2303 Saepius
680 2263 751 2303 jam
784 2262 866 2292 dixi-

164 2323 236 2344 mus
264 2315 347 2344 mari
375 2324 440 2344 non
470 2315 552 2354 tingi
582 2314 716 2353 Ursam,
732 2323 805 2354 quae
834 2312 867 2342 in

166 2364 244 2404 polo
259 2364 355 2394 nobis
371 2364 506 2395 sublato
525 2364 645 2403 posita.

206 2416 267 2444 477
297 2413 441 2454 Macedo]
489 2415 574 2445 Haec
600 2415 632 2444 in
665 2424 723 2445 suo
751 2418 870 2444 exusta

166 2463 232 2495 fuit
249 2465 410 2501 thalamo,
426 2474 500 2504 qum
519 2465 731 2495 Macedonian
749 2473 869 2493 nomen

167 2515 275 2555 dedit,
292 2519 327 2545 nt
345 2514 479 2555 quidam
506 2514 721 2544 tradiderunt
746 2522 803 2542 seu
823 2511 871 2541 fa-

166 2565 275 2596 bulati
305 2568 395 2602 sunt,
430 2573 574 2604 namque
615 2563 759 2594 obscura
796 2562 869 2591 haec

168 2623 246 2647 sunt
262 2616 386 2646 omnia.

211 2668 274 2696 479
299 2661 446 2701 Latonia]
472 2661 560 2694 Quia
586 2662 619 2691 in
644 2662 734 2692 Delo
762 2661 871 2691 insula

169 2715 365 2756 Apollinem
380 2719 416 2746 et
435 2713 581 2745 Dianam
597 2713 729 2744 Latona
745 2712 870 2744 dicitur

170 2775 280 2799 enixa.

966 2111 1029 2140 480
1056 2107 1172 2147 Thaso]
1202 2106 1267 2138 Hic
1298 2105 1430 2136 Thasus
1460 2108 1518 2135 aut
1540 2103 1630 2135 Tha-

924 2159 990 2190 sius
1008 2158 1049 2189 ab
1067 2159 1205 2198 Hygino
1223 2157 1360 2195 (licitur,
1377 2155 1545 2195 Apollinis
1569 2155 1627 2185 Sa-

924 2209 1075 2240 cerdotis
1103 2208 1215 2239 tilius:
1242 2217 1283 2238 ex
1312 2217 1376 2248 quo
1406 2206 1491 2236 Delo
1517 2204 1628 2235 nullus

923 2262 1028 2292 cauis.

968 2314 1029 2341 481
1057 2308 1287 2350 speculantem]
1312 2307 1512 2339 Actaeonem
1536 2305 1630 2336 dicit.

926 2361 1053 2392 Fabula
1070 2360 1253 2391 notissima.

969 2414 1032 2441 <182
1062 2410 1173 2448 Linon]
1201 2408 1268 2437 Hic
1295 2403 1522 2444 Crotopiades
1547 2403 1630 2434 dici-

926 2466 978 2491 tur
996 2461 1039 2491 ab
1056 2470 1117 2489 avo
1137 2461 1294 2496 Crotopo,
1316 2455 1519 2494 Argivorum
1537 2464 1630 2495 rege,

926 2521 1000 2542 cum
1017 2511 1110 2549 cujus
1128 2508 1194 2538 filia
1213 2505 1395 2536 P<amathe
1413 2503 1535 2544 Apollo
1551 2513 1629 2535 con-

926 2560 1047 2596 sucvit,
1080 2568 1121 2587 ex·
1144 2567 1208 2597 qua
1232 2556 1336 2586 Linus
1364 2560 1469 2584 ortus,
1526 2554 1629 2584 Hunc

927 2615 1051 2647 mitem,
1069 2618 1143 2639 cum
1173 2607 1260 2637 iuter
1281 2605 1427 2645 virgulta
1454 2609 1545 2635 metu
1572 2614 1630 2645 pa·

927 2661 986 2691 tris
1004 2659 1223 2695 occultasset,
1240 2666 1340 2687 canes
1357 2656 1563 2686 lacerarunt.

965 2712 1027 2740 -lrtl
1054 2707 1176 2747 Nasus]
1210 2705 1380 2745 Eurydice
1405 2710 1468 2741 est,
1495 2705 1628 2745 Orphei

923 2760 1057 2800 conjux,
1076 2758 1131 2800 qui
1157 2762 1289 2799 patrem
1312 2755 1428 2787 habuit
1451 2755 1629 2796 OEagrum,
