1863 3193
613 165 854 196 'renerum
887 165 984 196 ΜΒ.
1015 165 1088 196 111.
1119 156 1160 196 6.
1503 159 1619 202 2339

163 260 295 315 Isque
317 265 410 303 erat
429 274 565 315 usque
586 261 694 302 adeo
715 262 882 316 populo
903 264 1107 310 testatus,
1127 262 1174 301 ut
1192 263 1308 302 esset
1588 265 1618 305 5

220 328 357 370 Paene
377 329 515 380 magis
537 341 668 381 quam
689 332 749 379 tu,
770 342 992 383 quamque
1013 341 1112 382 ego,
1132 330 1262 369 notus
1283 340 1417 370 amor.

163 395 342 449 Quique
359 399 450 436 erat
468 396 513 436 in
533 395 646 436 caris
666 396 799 437 animi
825 398 904 438 tibi
925 396 1087 438 candor
1106 395 1277 446 amicis,

219 461 428 516 Cognitus
446 466 511 504 est
530 463 609 513 illi,
631 477 763 517 quem
783 465 895 506 colis
916 465 1028 517 ipse,
1052 463 1161 503 viro.

162 528 241 571 Nil
261 531 325 571 ita
345 530 536 580 celabas,
558 534 605 572 ut
621 543 710 571 non
728 544 810 584 ego
831 530 1040 572 conscius
1059 541 1202 569 essem
1220 542 1231 580 3

218 597 566 651 Pectoribusque
587 597 726 639 dabas
747 598 887 639 multa
907 596 1097 650 tegenda
1114 596 1237 636 meis.
1560 599 1616 640 10

162 663 328 717 Cuique
348 677 428 716 ego
447 665 674 705 narrabam
693 665 851 706 secreti
872 663 1084 718 quicquid
1104 662 1336 713 habebam,

215 730 417 784 Excepto
439 731 558 784 quod
577 745 644 773 me
666 731 867 786 perdidit,
886 744 1002 772 unus
1021 743 1130 771 eras.

160 845 205 880 tu,
227 849 322 880 neque
336 840 394 871 tibi
411 840 483 878 fuit
509 841 609 871 carior
631 841 727 872 mein
744 845 810 872 tota
829 841 922 872 Urbe.
968 840 1072 880 Atque
1097 839 1126 870 z's
1149 848 1235 870 amor
1258 841 1325 869 erat
1347 838 1394 869 ita
1419 842 1558 879 apertus,
1578 844 1615 871 vt

158 886 234 914 esset
254 892 350 923 prope
372 883 474 922 magis
496 884 636 922 cognitus
655 893 744 923 qaam
770 887 818 922 tu,
841 892 990 923 quamque
1013 892 1081 921 ego.
1126 882 1229 922 Atque
1253 882 1366 912 candor
1379 882 1477 913 animi
1489 883 1541 922 qui
1555 883 1616 913 tibi
1637 896 1641 897 ⁷

158 929 226 956 erat
237 934 311 965 erga
326 925 452 956 dilectos
466 927 590 963 amicos,
605 929 780 965 perspectus
794 929 839 956 est
855 926 903 956 illi
919 926 998 965 viro,
1013 934 1101 965 quem
1116 924 1180 964 ipse
1195 923 1316 963 diligis.
1361 924 1454 955 Nihil
1467 924 1514 955 ita
1530 928 1614 965 tege-

159 968 224 1008 bas,
238 971 273 998 ut
289 978 344 1007 ego
359 978 418 998 non
432 978 526 998 essem
547 968 727 1007 particeps;
750 971 779 998 et
796 968 939 998 credebas
958 977 1023 998 meo
1043 967 1163 1007 pectori
1178 967 1275 997 multa
1290 967 1429 997 tacenda.
1474 967 1519 998 Et
1533 969 1616 998 solus

159 1020 239 1051 eras,
255 1011 305 1041 cui
320 1020 375 1050 ego
389 1010 526 1041 dicebam
540 1011 680 1051 quicquid
695 1010 841 1041 habebam
857 1010 976 1049 arcani,
1002 1013 1129 1050 excepto
1156 1010 1236 1049 quod
1258 1018 1306 1040 me
1318 1009 1469 1048 perdidit.
1511 1011 1615 1051 Atque

769 1094 1005 1106 oooooooooooo

159 1148 242 1179 alius
258 1152 323 1179 toto
340 1148 442 1188 janct.
465 1149 610 1180 orba-'7
636 1149 759 1188 Quique
772 1152 840 1179 erat
862 1147 981 1178 Heins.
995 1155 1038 1176 ex
1054 1145 1164 1176 tribus
1186 1148 1271 1176 vett.
1288 1145 1421 1185 recepit
1435 1155 1499 1186 pro
1525 1147 1614 1187 vulg.

163 1192 255 1231 Quiq.
271 1195 336 1221 est:
361 1201 444 1222 unus
459 1191 545 1222 liber
562 1191 626 1226 Qui
641 1190 722 1228 fait.
768 1190 913 1220 Plurimi
928 1188 1033 1218 etiam
1057 1188 1177 1227 legunt
1200 1189 1287 1218 caud.
1305 1188 1420 1224 amici;
1443 1192 1478 1219 at
1495 1189 1614 1221 Heius.

160 1234 292 1264 emend.
309 1233 436 1269 amicis,-
459 1233 576 1263 mallet
591 1232 694 1262 etiam
710 1232 792 1262 raris
805 1241 867 1271 pro
883 1231 1042 1261 caris.—8
1066 1230 1135 1260 Pro
1151 1229 1199 1260 illi
1216 1230 1351 1270 quidam
1367 1230 1439 1270 ipsi,
1461 1231 1515 1261 vel
1539 1232 1594 1262 isti
1605 1243 1616 1263 .-

161 1281 196 1306 et
213 1285 274 1314 pro
291 1276 353 1315 ipse
370 1280 437 1306 tres
455 1275 588 1314 optimi,
606 1278 695 1305 teste
712 1274 829 1305 Heius.
842 1274 913 1304 iste,
950 1273 1034 1303 Tum
1048 1272 1137 1303 idem
1152 1273 1223 1303 vult
1240 1273 1332 1309 Deo;
1355 1273 1376 1303 i.
1392 1282 1421 1304 e.
1450 1272 1614 1313 Augusto.

159 1320 222 1347 —9
243 1318 375 1356 Scribe,
400 1317 448 1347 cui
473 1327 533 1347 non
558 1326 613 1354 ego
638 1317 783 1347 conscius.
829 1316 914 1347 Cum
943 1315 1048 1346 tertio
1074 1315 1163 1345 enim
1191 1325 1270 1345 casu
1286 1314 1616 1357 frequenterjungit

158 1360 245 1390 hanc
259 1369 377 1390 vocem
396 1360 534 1390 Noster.
559 1359 701 1389 Metam.
719 1368 768 1390 VI.
786 1361 861 1390 588.
886 1358 1000 1388 Heius.
1045 1357 1255 1388 Verosimilis
1281 1357 1361 1388 inde
1384 1358 1515 1388 Heiusii
1541 1368 1615 1390 cor-

158 1401 277 1440 rectio,
299 1402 377 1443 quia
393 1402 471 1441 quod
487 1402 520 1432 in
536 1401 702 1432 Vaticano
718 1406 806 1440 erat,
832 1410 892 1442 pro
909 1399 991 1441 quoi,
1017 1399 1052 1430 id
1069 1406 1123 1431 est
1140 1400 1210 1430 cui.-
1234 1409 1310 1431 nam
1327 1405 1361 1431 et
1377 1401 1531 1441 sequenti
1548 1401 1616 1432 dis-

157 1444 247 1475 ticho
272 1444 372 1475 Petri
397 1444 508 1475 Servii
530 1444 652 1483 codex,
682 1444 821 1484 Quotque
847 1454 903 1483 ego
928 1442 1112 1473 narrabam.-
1135 1443 1217 1473 nihil
1242 1447 1355 1474 tamen
1378 1453 1510 1483 moveo,
1537 1444 1615 1485 quia

161 1487 362 1527 praecedens
388 1487 434 1517 ita
460 1497 527 1518 non
553 1487 639 1517 male
655 1490 690 1517 ut
705 1487 878 1525 convenit,
892 1490 928 1516 et
940 1494 1056 1516 sensus
1074 1486 1118 1516 sit
1136 1485 1214 1515 satis
1237 1490 1387 1525 apertus.
1418 1486 1616 1517 Burm.—10

157 1530 269 1561 Faber
285 1533 394 1561 cuncta
408 1531 560 1568 tegenda;
583 1533 618 1559 et
642 1529 724 1560 Jnn.
741 1530 838 1559 multa
860 1528 1090 1568 regenda-41
1118 1527 1236 1558 Heins.
1263 1528 1353 1567 conj.
1379 1537 1429 1566 eg.
1452 1538 1614 1559 narrarem

155 1582 231 1604 secr.
277 1573 360 1603 Mox
387 1581 471 1603 unus
499 1572 620 1603 Heius.
646 1572 744 1611 quicq.
768 1571 905 1610 agebam.
951 1569 1025 1601 Lib.
1041 1570 1197 1600 Vatican.
1223 1579 1310 1600 omne
1337 1570 1455 1600 bonum.
1481 1570 1614 1602 Ciofan.

157 1614 381 1646 Ἀνακόλουθον
397 1613 630 1645 manifestum:
656 1614 692 1644 in
708 1613 907 1653 Gryphiano
923 1612 1063 1651 legitur,
1084 1612 1182 1642 Omne
1198 1612 1282 1643 bonae
1303 1616 1333 1643 et
1357 1613 1503 1643 claudunt
1525 1613 1614 1644 utili-

158 1658 236 1688 tatis
250 1658 322 1688 z'ter.
351 1657 487 1688 Melius.
524 1656 591 1687 Sed
607 1656 753 1688 fortasse
768 1655 879 1686 Po‘e'ta
896 1655 1094 1695 scripserat,
1113 1656 1211 1685 Omne
1225 1654 1310 1685 bonoe
1321 1658 1355 1685 ut
1370 1655 1515 1685 claudunt
1529 1656 1614 1685 utiti-

158 1700 234 1729 tatz's
249 1700 321 1729 iter.
366 1700 410 1730 Ut
431 1699 632 1739 plerumque
649 1698 721 1730 fata
739 1697 901 1738 efficiunt,
916 1707 958 1727 ne
975 1697 1060 1738 quis,
1075 1697 1165 1738 quod
1179 1707 1197 1728 e
1212 1707 1248 1727 re
1264 1701 1316 1728 est
1332 1707 1403 1735 sua,
1418 1697 1613 1728 consideret

159 1746 218 1771 aut
235 1746 322 1781 agat.
352 1742 397 1771 D.
415 1741 530 1772 Heius.
574 1742 614 1772 Τὸ
643 1745 673 1772 et
685 1742 780 1772 abest
803 1750 821 1770 a
846 1740 1017 1780 plerisque
1040 1739 1186 1779 scriptis.
1230 1739 1307 1769 Hoc
1325 1740 1426 1770 etiam
1443 1739 1613 1771 distichon

158 1784 246 1813 male
273 1783 385 1814 feriati
413 1785 527 1815 nescio
557 1785 653 1825 cujus
679 1783 931 1823 interpolatoris
961 1786 1024 1812 est.
1075 1782 1304 1822 Sequentibus
1331 1782 1431 1812 etiam
1460 1782 1613 1813 versibus

159 1826 267 1856 otiosa
283 1826 339 1856 illa
358 1827 516 1866 repetitio
540 1827 594 1856 τοῦ
617 1831 721 1857 tamen
740 1831 900 1865 suspecta
923 1829 987 1855 est.
1012 1824 1124 1855 Heius.
1168 1824 1325 1864 Suspecti
1352 1834 1445 1863 saepe
1467 1825 1612 1856 Heinsio

159 1866 253 1898 fuere
272 1878 398 1904 versus,
418 1868 493 1906 qnia
511 1868 543 1898 in
569 1869 633 1898 illis
662 1878 817 1898 numeros
841 1867 1026 1898 Ovidianos
1052 1866 1228 1897 fastidIOSa
1254 1867 1326 1906 ejus
1355 1867 1440 1896 auris
1464 1876 1528 1897 non
1556 1877 1614 1906 ag·

157 1910 332 1941 noscebat.
379 1911 468 1942 Quid
488 1919 567 1950 ergo
585 1911 610 1939 si
628 1911 767 1940 vidisset
795 1910 937 1950 aliquem
964 1910 1052 1938 hunc
1078 1918 1213 1938 versum
1241 1908 1285 1938 ita
1312 1909 1524 1939 correctione
1552 1918 1613 1939 sna

159 1952 375 1983 durissimum
400 1952 526 1989 facere,
554 1958 590 1982 nt
618 1961 726 1991 nuper
755 1951 802 1981 vir
830 1952 947 1981 doctus
974 1951 1006 1980 in
1033 1951 1259 1990 supplement.
1293 1949 1411 1980 Actor.
1440 1950 1533 1989 Lips.
1561 1958 1612 1981 3¹1.

160 1996 251 2026 sect.
267 1997 299 2026 2.
322 2005 398 2035 pag.
426 1998 479 2025 79.
506 1996 603 2025 Οιηηε
618 2006 634 2023 υ
650 2004 687 2025 ne
703 1995 846 2024 claudant
862 1992 948 2033 (scil.
965 1991 1037 2022 fata
1053 1991 1149 2031 mihi)
1165 1992 1314 2022 utilitatis
1328 1992 1407 2021 iter.-
1442 1996 1477 2022 et
1505 1992 1612 2032 expli-

159 2046 250 2076 care,
267 2038 394 2068 utinam
413 2037 585 2067 calamitas
602 2046 677 2066 mea
694 2046 758 2066 non
785 2036 827 2065 sit
845 2040 1023 2074 perpetua,
1046 2043 1107 2064 nec
1131 2034 1193 2063 nisi
1209 2038 1317 2064 morte
1343 2033 1508 2065 finienda!
1534 2043 1611 2065 cum

160 2086 238 2118 agat
254 2080 295 2111 de
312 2085 479 2118 tempore,
501 2090 566 2120 quo
586 2079 711 2119 aliquid
729 2078 877 2115 vidisset,
893 2078 990 2107 etita
1014 2085 1129 2107 errore
1151 2076 1208 2106 illo
1223 2086 1282 2106 sno
1300 2075 1490 2115 Augustum
1507 2075 1613 2107 offen-

159 2122 278 2160 disset,
290 2132 368 2163 quo,
384 2122 410 2151 si
429 2132 496 2152 rem
515 2122 698 2152 indicasset
715 2121 791 2151 huic
811 2120 932 2158 amico,
957 2118 1126 2158 potuisset
1143 2118 1215 2157 ejus
1232 2119 1373 2149 consilio
1394 2128 1510 2158 sospes
1527 2128 1613 2159 esse,

158 2164 218 2195 sed
233 2163 303 2194 fata
321 2164 500 2195 trahebant
516 2175 590 2194 eum
609 2164 640 2193 in
666 2173 810 2203 poenam,
837 2166 871 2192 et
894 2167 962 2191 tam
988 2161 1084 2191 malae
1111 2165 1185 2190 erat
1202 2160 1337 2199 mentis,
1364 2165 1399 2190 ut
1422 2161 1504 2190 nihil
1528 2162 1612 2192 utile

160 2211 274 2247 posset
290 2206 479 2246 providero.
527 2207 677 2236 Praestat
694 2215 776 2245 ergo
793 2205 902 2234 locum
920 2204 952 2233 in
969 2203 1091 2233 mendo
1108 2203 1310 2243 relinquere.
1356 2203 1445 2235 Quid
1463 2203 1500 2242 si,
1526 2204 1613 2234 Dum

155 2258 286 2289 pronam
300 2250 443 2280 claudunt
459 2248 609 2280 utilitatis
623 2248 705 2283 item
728 2248 762 2278 id
779 2253 841 2285 est,
857 2246 936 2276 dnm
953 2246 1031 2276 mihi
1049 2245 1200 2285 eripiunt
1215 2250 1361 2276 mentem
1380 2245 1420 2276 ad
1437 2251 1471 2275 te
1494 2245 1612 2276 decur-

159 2291 266 2332 rendi,
301 2292 357 2333 qui
387 2296 455 2322 tam
497 2291 598 2322 facile
638 2295 775 2331 poteras
814 2298 867 2320 me
897 2288 1056 2320 servare?
1093 2288 1141 2318 ita
1177 2289 1186 2305 ‘
1217 2297 1359 2328 pronum
1391 2287 1432 2318 ad
1469 2288 1612 2319 honores

815 2375 954 2407 NOTAE

203 2453 221 2480 5
243 2449 403 2489 Testatus]
421 2448 607 2479 Probatum
625 2452 857 2487 exposuerunt
911 2454 1122 2476 communem
1150 2443 1296 2483 aliquem
1327 2441 1439 2481 magni
1468 2441 1609 2472 nominis

163 2508 309 2530 amorem
324 2510 330 2529 ε
363 2500 461 2530 male.
520 2499 698 2538 Cognitum
725 2503 855 2529 tantum
912 2497 1054 2527 amicum
1073 2492 1330 2532 intelligendum
1348 2502 1421 2521 csse
1439 2492 1586 2521 arbitrer
1601 2501 1611 2530 3

164 2547 258 2578 dicit.
912 2556 1009 2587 quein
1033 2556 1098 2576 nou
1126 2543 1236 2575 Poeta
1260 2547 1400 2578 tantum,
1417 2541 1475 2571 sed
1493 2541 1611 2581 ethic,

205 2599 225 2626 8
251 2596 335 2636 Ipse]
356 2598 451 2628 Facit
481 2608 544 2628 vox
570 2598 646 2636 ista,
670 2603 708 2628 ut
735 2598 855 2635 virum,
911 2596 953 2626 ad
968 2606 1066 2636 quem
1084 2595 1140 2624 ille
1153 2592 1283 2628 scribit,
1297 2592 1439 2621 inaximo
1453 2591 1609 2622 coluerit.

164 2645 206 2676 de
234 2654 298 2685 quo
327 2644 380 2674 hic
412 2647 534 2685 agitur,
561 2657 626 2677 non
652 2647 854 2687 Augustum,
954 2650 974 2677 9
1010 2647 1066 2676 Ml
1096 2644 1156 2684 ita]
1190 2642 1462 2673 Fannium-issima
1497 2643 1610 2683 itaque

163 2694 446 2738 quemadmodum
485 2697 645 2737 suspicati
678 2703 770 2738 sunt,
797 2697 856 2729 sed
913 2701 1016 2737 atque
1032 2695 1152 2727 intima
1167 2692 1439 2734 amicitiajuncti
1457 2696 1568 2724 crant.
