<?xml version="1.0" encoding="UTF-8"?>
<!DOCTYPE html PUBLIC "-//W3C//DTD XHTML 1.0 Transitional//EN"
    "http://www.w3.org/TR/xhtml1/DTD/xhtml1-transitional.dtd">
<html xmlns="http://www.w3.org/1999/xhtml" xml:lang="en" lang="en">
 <head>
  <title>
</title>
<meta http-equiv="Content-Type" content="text/html;charset=utf-8" />
  <meta name='ocr-system' content='tesseract 3.04.00' />
  <meta name='ocr-capabilities' content='ocr_page ocr_carea ocr_par ocr_line ocrx_word'/>
</head>
<body>
  <div class='ocr_page' id='page_1' title='image "./operaomniaexedit05oviduoft/operaomniaexedit05oviduoft_0418.png"; bbox 0 0 1877 3193; ppageno 0'>
   <div class='ocr_carea' id='block_1_1' title="bbox 220 167 1182 212">
    <p class='ocr_par' dir='ltr' id='par_1_1' title="bbox 220 167 1182 212">
     <span class='ocr_line' id='line_1_1' title="bbox 220 167 1182 212; baseline -0.005 0"><span class='ocrx_word' id='word_1_1' title='bbox 220 167 335 212; x_wconf 75' lang='lat'>2618</span> <span class='ocrx_word' id='word_1_2' title='bbox 705 180 745 209; x_wconf 83' lang='lat' dir='ltr'><strong>P.</strong></span> <span class='ocrx_word' id='word_1_3' title='bbox 778 178 936 208; x_wconf 82' lang='lat' dir='ltr'><strong>ovinu</strong></span> <span class='ocrx_word' id='word_1_4' title='bbox 971 177 1182 208; x_wconf 75' lang='lat' dir='ltr'><strong>NAsoms</strong></span> 
     </span>
    </p>
   </div>
   <div class='ocr_carea' id='block_1_2' title="bbox 223 268 1676 1057">
    <p class='ocr_par' dir='ltr' id='par_1_2' title="bbox 223 268 1676 1057">
     <span class='ocr_line' id='line_1_2' title="bbox 223 268 1654 326; baseline -0.003 -11"><span class='ocrx_word' id='word_1_5' title='bbox 223 271 323 314; x_wconf 90' lang='lat' dir='ltr'><strong>Nec</strong></span> <span class='ocrx_word' id='word_1_6' title='bbox 343 272 498 326; x_wconf 88' lang='lat' dir='ltr'><strong>procul</strong></span> <span class='ocrx_word' id='word_1_7' title='bbox 517 271 618 312; x_wconf 88' lang='lat' dir='ltr'><strong>hinc</strong></span> <span class='ocrx_word' id='word_1_8' title='bbox 640 269 890 324; x_wconf 88' lang='lat' dir='ltr'><strong>Nymphen,</strong></span> <span class='ocrx_word' id='word_1_9' title='bbox 910 281 1027 323; x_wconf 80' lang='lat' dir='ltr'><strong>quae,</strong></span> <span class='ocrx_word' id='word_1_10' title='bbox 1049 269 1153 310; x_wconf 90' lang='lat' dir='ltr'><strong>dum</strong></span> <span class='ocrx_word' id='word_1_11' title='bbox 1173 269 1288 322; x_wconf 86' lang='lat' dir='ltr'><strong>fugit</strong></span> <span class='ocrx_word' id='word_1_12' title='bbox 1309 268 1450 311; x_wconf 86' lang='lat' dir='ltr'><strong>Elidis</strong></span> <span class='ocrx_word' id='word_1_13' title='bbox 1470 282 1654 321; x_wconf 82' lang='lat' dir='ltr'><strong>amnem,</strong></span> 
     </span>
     <span class='ocr_line' id='line_1_3' title="bbox 278 336 1385 391; baseline -0.005 -11"><span class='ocrx_word' id='word_1_14' title='bbox 278 339 419 380; x_wconf 84' lang='lat' dir='ltr'><strong>Tecta</strong></span> <span class='ocrx_word' id='word_1_15' title='bbox 440 339 522 379; x_wconf 86' lang='lat' dir='ltr'><strong>sub</strong></span> <span class='ocrx_word' id='word_1_16' title='bbox 543 349 749 390; x_wconf 83' lang='lat' dir='ltr'><strong>aequorea</strong></span> <span class='ocrx_word' id='word_1_17' title='bbox 767 349 882 377; x_wconf 90' lang='lat' dir='ltr'><strong>nunc</strong></span> <span class='ocrx_word' id='word_1_18' title='bbox 903 349 1077 390; x_wconf 89' lang='lat' dir='ltr'><strong>quoque</strong></span> <span class='ocrx_word' id='word_1_19' title='bbox 1097 336 1232 377; x_wconf 83' lang='lat' dir='ltr'><strong>currit</strong></span> <span class='ocrx_word' id='word_1_20' title='bbox 1253 350 1385 391; x_wconf 85' lang='lat' dir='ltr'><strong>aqua.</strong></span> 
     </span>
     <span class='ocr_line' id='line_1_4' title="bbox 224 404 1373 457; baseline 0 -11"><span class='ocrx_word' id='word_1_21' title='bbox 224 405 315 446; x_wconf 89' lang='lat' dir='ltr'><strong>Hic</strong></span> <span class='ocrx_word' id='word_1_22' title='bbox 336 405 443 445; x_wconf 87' lang='lat' dir='ltr'><strong>mihi</strong></span> <span class='ocrx_word' id='word_1_23' title='bbox 463 404 652 445; x_wconf 84' lang='lat' dir='ltr'><strong>labentis</strong></span> <span class='ocrx_word' id='word_1_24' title='bbox 673 416 775 457; x_wconf 87' lang='lat' dir='ltr'><strong>pars</strong></span> <span class='ocrx_word' id='word_1_25' title='bbox 793 404 892 444; x_wconf 84' lang='lat' dir='ltr'><strong>anni</strong></span> <span class='ocrx_word' id='word_1_26' title='bbox 910 416 1067 457; x_wconf 80' lang='lat' dir='ltr'><strong>magna</strong></span> <span class='ocrx_word' id='word_1_27' title='bbox 1086 408 1268 457; x_wconf 83' lang='lat' dir='ltr'><strong>peracta</strong></span> <span class='ocrx_word' id='word_1_28' title='bbox 1287 409 1373 446; x_wconf 80' lang='lat' dir='ltr'><strong>est.</strong></span> 
     </span>
     <span class='ocr_line' id='line_1_5' title="bbox 280 470 1672 525; baseline 0 -13"><span class='ocrx_word' id='word_1_29' title='bbox 280 471 420 522; x_wconf 90' lang='lat' dir='ltr'><strong>Eheu,</strong></span> <span class='ocrx_word' id='word_1_30' title='bbox 442 484 573 525; x_wconf 81' lang='lat' dir='ltr'><strong>quam</strong></span> <span class='ocrx_word' id='word_1_31' title='bbox 593 470 745 524; x_wconf 85' lang='lat' dir='ltr'><strong>dispar</strong></span> <span class='ocrx_word' id='word_1_32' title='bbox 765 473 833 511; x_wconf 83' lang='lat' dir='ltr'><strong>est</strong></span> <span class='ocrx_word' id='word_1_33' title='bbox 853 470 983 511; x_wconf 90' lang='lat' dir='ltr'><strong>locus</strong></span> <span class='ocrx_word' id='word_1_34' title='bbox 1003 470 1076 512; x_wconf 89' lang='lat' dir='ltr'><strong>ille</strong></span> <span class='ocrx_word' id='word_1_35' title='bbox 1095 471 1218 513; x_wconf 82' lang='lat' dir='ltr'>Getis</span> <span class='ocrx_word' id='word_1_36' title='bbox 1235 472 1244 513; x_wconf 86' lang='lat'>!</span> <span class='ocrx_word' id='word_1_37' title='bbox 1615 470 1672 512; x_wconf 84' lang='lat'><strong>30</strong></span> 
     </span>
     <span class='ocr_line' id='line_1_6' title="bbox 223 538 1472 592; baseline 0 -12"><span class='ocrx_word' id='word_1_38' title='bbox 223 538 281 580; x_wconf 85' lang='lat' dir='ltr'><strong>Et</strong></span> <span class='ocrx_word' id='word_1_39' title='bbox 300 542 435 592; x_wconf 85' lang='lat' dir='ltr'><strong>quota</strong></span> <span class='ocrx_word' id='word_1_40' title='bbox 455 550 559 591; x_wconf 84' lang='lat' dir='ltr'><strong>pars</strong></span> <span class='ocrx_word' id='word_1_41' title='bbox 578 538 676 578; x_wconf 83' lang='lat' dir='ltr'><strong>haec</strong></span> <span class='ocrx_word' id='word_1_42' title='bbox 697 541 800 577; x_wconf 86' lang='lat' dir='ltr'><strong>sunt</strong></span> <span class='ocrx_word' id='word_1_43' title='bbox 813 549 970 587; x_wconf 85' lang='lat' dir='ltr'><strong>rerum,</strong></span> <span class='ocrx_word' id='word_1_44' title='bbox 991 550 1103 590; x_wconf 86' lang='lat' dir='ltr'><strong>quas</strong></span> <span class='ocrx_word' id='word_1_45' title='bbox 1122 538 1310 580; x_wconf 91' lang='lat' dir='ltr'><strong>vidimus</strong></span> <span class='ocrx_word' id='word_1_46' title='bbox 1326 540 1472 588; x_wconf 82' lang='lat' dir='ltr'><strong>ambo,</strong></span> 
     </span>
     <span class='ocr_line' id='line_1_7' title="bbox 279 603 1083 658; baseline -0.001 -12"><span class='ocrx_word' id='word_1_47' title='bbox 279 605 345 646; x_wconf 89' lang='lat' dir='ltr'><strong>Te</strong></span> <span class='ocrx_word' id='word_1_48' title='bbox 363 605 467 645; x_wconf 88' lang='lat' dir='ltr'><strong>mihi</strong></span> <span class='ocrx_word' id='word_1_49' title='bbox 478 604 700 658; x_wconf 84' lang='lat' dir='ltr'><strong>jucundas</strong></span> <span class='ocrx_word' id='word_1_50' title='bbox 722 603 936 645; x_wconf 87' lang='lat' dir='ltr'><strong>efficiente</strong></span> <span class='ocrx_word' id='word_1_51' title='bbox 957 605 1056 646; x_wconf 86' lang='lat' dir='ltr'><strong>vias</strong></span> <span class='ocrx_word' id='word_1_52' title='bbox 1073 605 1083 645; x_wconf 88' lang='lat'><strong>!</strong></span> 
     </span>
     <span class='ocr_line' id='line_1_8' title="bbox 224 670 1276 724; baseline 0.001 -12"><span class='ocrx_word' id='word_1_53' title='bbox 224 671 312 713; x_wconf 91' lang='lat' dir='ltr'><strong>Seu</strong></span> <span class='ocrx_word' id='word_1_54' title='bbox 331 674 425 712; x_wconf 84' lang='lat' dir='ltr'><strong>rate</strong></span> <span class='ocrx_word' id='word_1_55' title='bbox 443 671 657 712; x_wconf 82' lang='lat' dir='ltr'><strong>coeruleas</strong></span> <span class='ocrx_word' id='word_1_56' title='bbox 676 670 800 723; x_wconf 84' lang='lat' dir='ltr'><strong>picta</strong></span> <span class='ocrx_word' id='word_1_57' title='bbox 819 670 1087 712; x_wconf 78' lang='lat' dir='ltr'><strong>sulcavimus</strong></span> <span class='ocrx_word' id='word_1_58' title='bbox 1106 671 1246 713; x_wconf 85' lang='lat' dir='ltr'><strong>undas</strong></span> <span class='ocrx_word' id='word_1_59' title='bbox 1264 685 1276 724; x_wconf 89' lang='lat'>;</span> 
     </span>
     <span class='ocr_line' id='line_1_9' title="bbox 280 736 1071 788; baseline -0.003 -9"><span class='ocrx_word' id='word_1_60' title='bbox 280 738 451 779; x_wconf 85' lang='lat' dir='ltr'><strong>Esseda</strong></span> <span class='ocrx_word' id='word_1_61' title='bbox 467 750 546 777; x_wconf 93' lang='lat' dir='ltr'><strong>nos</strong></span> <span class='ocrx_word' id='word_1_62' title='bbox 569 736 671 788; x_wconf 87' lang='lat' dir='ltr'><strong>agili</strong></span> <span class='ocrx_word' id='word_1_63' title='bbox 690 736 784 776; x_wconf 85' lang='lat' dir='ltr'><strong>sive</strong></span> <span class='ocrx_word' id='word_1_64' title='bbox 805 736 941 776; x_wconf 87' lang='lat' dir='ltr'><strong>tulere</strong></span> <span class='ocrx_word' id='word_1_65' title='bbox 961 740 1071 777; x_wconf 83' lang='lat' dir='ltr'><strong>rota.</strong></span> 
     </span>
     <span class='ocr_line' id='line_1_10' title="bbox 226 801 1676 859; baseline -0.003 -12"><span class='ocrx_word' id='word_1_66' title='bbox 226 807 358 859; x_wconf 84' lang='lat' dir='ltr'><strong>Saepe</strong></span> <span class='ocrx_word' id='word_1_67' title='bbox 378 805 526 846; x_wconf 85' lang='lat' dir='ltr'><strong>brevis</strong></span> <span class='ocrx_word' id='word_1_68' title='bbox 544 803 669 844; x_wconf 91' lang='lat' dir='ltr'><strong>nobis</strong></span> <span class='ocrx_word' id='word_1_69' title='bbox 690 801 865 843; x_wconf 85' lang='lat' dir='ltr'><strong>vicibus</strong></span> <span class='ocrx_word' id='word_1_70' title='bbox 887 803 960 843; x_wconf 82' lang='lat' dir='ltr'><strong>via</strong></span> <span class='ocrx_word' id='word_1_71' title='bbox 978 802 1078 843; x_wconf 84' lang='lat' dir='ltr'><strong>visa</strong></span> <span class='ocrx_word' id='word_1_72' title='bbox 1096 802 1301 855; x_wconf 89' lang='lat' dir='ltr'><strong>loquendi</strong></span> <span class='ocrx_word' id='word_1_73' title='bbox 1319 818 1330 855; x_wconf 90' lang='lat'>;</span> <span class='ocrx_word' id='word_1_74' title='bbox 1618 808 1676 849; x_wconf 87' lang='grc'><strong>35</strong></span> 
     </span>
     <span class='ocr_line' id='line_1_11' title="bbox 281 868 1281 924; baseline -0.004 -12"><span class='ocrx_word' id='word_1_75' title='bbox 281 871 522 924; x_wconf 79' lang='lat' dir='ltr'><strong>Pluraque,</strong></span> <span class='ocrx_word' id='word_1_76' title='bbox 545 870 584 910; x_wconf 89' lang='lat' dir='ltr'><strong>si</strong></span> <span class='ocrx_word' id='word_1_77' title='bbox 603 882 815 918; x_wconf 81' lang='lat' dir='ltr'><strong>numeres,</strong></span> <span class='ocrx_word' id='word_1_78' title='bbox 842 869 977 910; x_wconf 83' lang='lat' dir='ltr'><strong>verba</strong></span> <span class='ocrx_word' id='word_1_79' title='bbox 994 868 1113 908; x_wconf 85' lang='lat' dir='ltr'><strong>fuere</strong></span> <span class='ocrx_word' id='word_1_80' title='bbox 1133 868 1281 920; x_wconf 82' lang='lat' dir='ltr'><strong>gradu.</strong></span> 
     </span>
     <span class='ocr_line' id='line_1_12' title="bbox 226 935 1420 991; baseline -0.001 -12"><span class='ocrx_word' id='word_1_81' title='bbox 226 938 358 991; x_wconf 85' lang='lat' dir='ltr'><strong>Saepe</strong></span> <span class='ocrx_word' id='word_1_82' title='bbox 379 937 472 978; x_wconf 89' lang='lat' dir='ltr'><strong>dies</strong></span> <span class='ocrx_word' id='word_1_83' title='bbox 491 949 687 978; x_wconf 88' lang='lat' dir='ltr'><strong>sermone</strong></span> <span class='ocrx_word' id='word_1_84' title='bbox 706 936 848 977; x_wconf 87' lang='lat' dir='ltr'><strong>minor</strong></span> <span class='ocrx_word' id='word_1_85' title='bbox 867 936 976 987; x_wconf 80' lang='lat' dir='ltr'><strong>fuit3</strong></span> <span class='ocrx_word' id='word_1_86' title='bbox 1006 935 1136 989; x_wconf 90' lang='lat' dir='ltr'><strong>inque</strong></span> <span class='ocrx_word' id='word_1_87' title='bbox 1154 935 1420 989; x_wconf 87' lang='lat' dir='ltr'><strong>loquendum</strong></span> 
     </span>
     <span class='ocr_line' id='line_1_13' title="bbox 279 1001 1137 1057; baseline -0.003 -12"><span class='ocrx_word' id='word_1_88' title='bbox 279 1004 430 1046; x_wconf 84' lang='lat' dir='ltr'>Tarda</span> <span class='ocrx_word' id='word_1_89' title='bbox 446 1016 527 1057; x_wconf 87' lang='lat' dir='ltr'><strong>per</strong></span> <span class='ocrx_word' id='word_1_90' title='bbox 544 1004 726 1045; x_wconf 87' lang='lat' dir='ltr'><strong>aestivos</strong></span> <span class='ocrx_word' id='word_1_91' title='bbox 746 1003 887 1044; x_wconf 87' lang='lat' dir='ltr'><strong>defuit</strong></span> <span class='ocrx_word' id='word_1_92' title='bbox 904 1002 1013 1043; x_wconf 82' lang='lat' dir='ltr'><strong>hora</strong></span> <span class='ocrx_word' id='word_1_93' title='bbox 1032 1001 1137 1043; x_wconf 88' lang='lat' dir='ltr'><strong>dies.</strong></span> 
     </span>
    </p>
   </div>
   <div class='ocr_carea' id='block_1_3' title="bbox 218 1153 1680 1448">
    <p class='ocr_par' dir='ltr' id='par_1_3' title="bbox 218 1153 1680 1448">
     <span class='ocr_line' id='line_1_14' title="bbox 224 1153 1679 1195; baseline 0.001 -10"><span class='ocrx_word' id='word_1_94' title='bbox 224 1155 312 1193; x_wconf 84' lang='lat' dir='ltr'><strong>longe</strong></span> <span class='ocrx_word' id='word_1_95' title='bbox 326 1153 398 1185; x_wconf 84' lang='lat' dir='ltr'><strong>hinc</strong></span> <span class='ocrx_word' id='word_1_96' title='bbox 413 1153 556 1185; x_wconf 87' lang='lat' dir='ltr'><strong>vidimus</strong></span> <span class='ocrx_word' id='word_1_97' title='bbox 572 1154 764 1195; x_wconf 83' lang='lat' dir='ltr'><strong>Nympham,</strong></span> <span class='ocrx_word' id='word_1_98' title='bbox 779 1166 846 1195; x_wconf 73' lang='lat' dir='ltr'><strong>quoe</strong></span> <span class='ocrx_word' id='word_1_99' title='bbox 857 1155 1169 1195; x_wconf 71' lang='lat' dir='ltr'><strong>dumfugitfluvz&#39;um</strong></span> <span class='ocrx_word' id='word_1_100' title='bbox 1192 1155 1297 1187; x_wconf 82' lang='lat' dir='ltr'><strong>Elidis</strong></span> <span class='ocrx_word' id='word_1_101' title='bbox 1311 1165 1391 1186; x_wconf 80' lang='lat' dir='ltr'><strong>nunc</strong></span> <span class='ocrx_word' id='word_1_102' title='bbox 1403 1156 1500 1187; x_wconf 79' lang='lat' dir='ltr'><strong>etiam</strong></span> <span class='ocrx_word' id='word_1_103' title='bbox 1504 1154 1584 1195; x_wconf 83' lang='lat' dir='ltr'><strong>fluit</strong></span> <span class='ocrx_word' id='word_1_104' title='bbox 1597 1158 1679 1187; x_wconf 74' lang='lat' dir='ltr'><strong>tecta</strong></span> 
     </span>
     <span class='ocr_line' id='line_1_15' title="bbox 224 1196 1680 1238; baseline 0.003 -13"><span class='ocrx_word' id='word_1_105' title='bbox 224 1196 280 1226; x_wconf 78' lang='lat' dir='ltr'><strong>sub</strong></span> <span class='ocrx_word' id='word_1_106' title='bbox 295 1206 375 1235; x_wconf 85' lang='lat' dir='ltr'><strong>aqua</strong></span> <span class='ocrx_word' id='word_1_107' title='bbox 388 1196 520 1226; x_wconf 84' lang='lat' dir='ltr'><strong>marina.</strong></span> <span class='ocrx_word' id='word_1_108' title='bbox 565 1197 631 1226; x_wconf 76' lang='lat' dir='ltr'><strong>Hic</strong></span> <span class='ocrx_word' id='word_1_109' title='bbox 658 1197 734 1227; x_wconf 87' lang='lat' dir='ltr'><strong>bona</strong></span> <span class='ocrx_word' id='word_1_110' title='bbox 757 1207 831 1237; x_wconf 84' lang='lat' dir='ltr'><strong>pars</strong></span> <span class='ocrx_word' id='word_1_111' title='bbox 845 1198 919 1228; x_wconf 77' lang='lat' dir='ltr'><strong>anni</strong></span> <span class='ocrx_word' id='word_1_112' title='bbox 943 1198 1096 1228; x_wconf 80' lang='lat' dir='ltr'><strong>currentis</strong></span> <span class='ocrx_word' id='word_1_113' title='bbox 1110 1208 1130 1228; x_wconf 91' lang='lat' dir='ltr'><strong>a</strong></span> <span class='ocrx_word' id='word_1_114' title='bbox 1149 1207 1196 1228; x_wconf 89' lang='lat' dir='ltr'><strong>me</strong></span> <span class='ocrx_word' id='word_1_115' title='bbox 1210 1201 1370 1229; x_wconf 78' lang='lat' dir='ltr'><strong>transacta</strong></span> <span class='ocrx_word' id='word_1_116' title='bbox 1381 1202 1439 1229; x_wconf 86' lang='lat' dir='ltr'><strong>est.</strong></span> <span class='ocrx_word' id='word_1_117' title='bbox 1484 1198 1574 1229; x_wconf 82' lang='lat' dir='ltr'><strong>Eheu</strong></span> <span class='ocrx_word' id='word_1_118' title='bbox 1588 1208 1680 1238; x_wconf 80' lang='lat' dir='ltr'><strong>quam</strong></span> 
     </span>
     <span class='ocr_line' id='line_1_16' title="bbox 223 1238 1680 1280; baseline 0.001 -12"><span class='ocrx_word' id='word_1_119' title='bbox 223 1238 278 1268; x_wconf 81' lang='lat' dir='ltr'><strong>ille</strong></span> <span class='ocrx_word' id='word_1_120' title='bbox 293 1239 375 1268; x_wconf 77' lang='lat' dir='ltr'><strong>locus</strong></span> <span class='ocrx_word' id='word_1_121' title='bbox 393 1241 440 1268; x_wconf 85' lang='lat' dir='ltr'><strong>est</strong></span> <span class='ocrx_word' id='word_1_122' title='bbox 454 1238 613 1268; x_wconf 77' lang='lat' dir='ltr'><strong>dissimilis</strong></span> <span class='ocrx_word' id='word_1_123' title='bbox 629 1238 748 1270; x_wconf 80' lang='lat' dir='ltr'><strong><em>Getis!</em></strong></span> <span class='ocrx_word' id='word_1_124' title='bbox 791 1240 892 1278; x_wconf 81' lang='lat' dir='ltr'><strong>Atque</strong></span> <span class='ocrx_word' id='word_1_125' title='bbox 921 1239 986 1269; x_wconf 83' lang='lat' dir='ltr'><strong>hoec</strong></span> <span class='ocrx_word' id='word_1_126' title='bbox 1009 1241 1158 1279; x_wconf 82' lang='lat' dir='ltr'><strong>quantula</strong></span> <span class='ocrx_word' id='word_1_127' title='bbox 1184 1243 1255 1270; x_wconf 82' lang='lat' dir='ltr'><strong>sunt</strong></span> <span class='ocrx_word' id='word_1_128' title='bbox 1279 1250 1354 1280; x_wconf 83' lang='lat' dir='ltr'><strong>pars</strong></span> <span class='ocrx_word' id='word_1_129' title='bbox 1373 1250 1476 1272; x_wconf 81' lang='lat' dir='ltr'><strong>rerum</strong></span> <span class='ocrx_word' id='word_1_130' title='bbox 1496 1250 1574 1280; x_wconf 83' lang='lat' dir='ltr'><strong>quas</strong></span> <span class='ocrx_word' id='word_1_131' title='bbox 1592 1240 1680 1272; x_wconf 86' lang='lat' dir='ltr'><strong>ambo</strong></span> 
     </span>
     <span class='ocr_line' id='line_1_17' title="bbox 223 1279 1680 1322; baseline 0.002 -12"><span class='ocrx_word' id='word_1_132' title='bbox 223 1279 439 1320; x_wconf 76' lang='lat' dir='ltr'><strong>spectavimus,</strong></span> <span class='ocrx_word' id='word_1_133' title='bbox 466 1283 496 1310; x_wconf 79' lang='lat' dir='ltr'><strong>te</strong></span> <span class='ocrx_word' id='word_1_134' title='bbox 521 1280 598 1310; x_wconf 75' lang='lat' dir='ltr'><strong>mihi</strong></span> <span class='ocrx_word' id='word_1_135' title='bbox 621 1283 789 1319; x_wconf 80' lang='lat' dir='ltr'><strong>proestante</strong></span> <span class='ocrx_word' id='word_1_136' title='bbox 814 1281 876 1310; x_wconf 81' lang='lat' dir='ltr'><strong>iter</strong></span> <span class='ocrx_word' id='word_1_137' title='bbox 899 1281 1053 1319; x_wconf 77' lang='lat' dir='ltr'><strong>gratum!</strong></span> <span class='ocrx_word' id='word_1_138' title='bbox 1080 1282 1144 1312; x_wconf 79' lang='lat' dir='ltr'><strong>sive</strong></span> <span class='ocrx_word' id='word_1_139' title='bbox 1175 1282 1311 1312; x_wconf 76' lang='lat' dir='ltr'><strong>eruimus</strong></span> <span class='ocrx_word' id='word_1_140' title='bbox 1335 1292 1429 1322; x_wconf 80' lang='lat' dir='ltr'><strong>aquas</strong></span> <span class='ocrx_word' id='word_1_141' title='bbox 1451 1284 1582 1321; x_wconf 78' lang='lat' dir='ltr'><strong>glaucas</strong></span> <span class='ocrx_word' id='word_1_142' title='bbox 1606 1282 1680 1313; x_wconf 77' lang='lat' dir='ltr'><strong>navi</strong></span> 
     </span>
     <span class='ocr_line' id='line_1_18' title="bbox 222 1321 1680 1362; baseline 0.002 -11"><span class='ocrx_word' id='word_1_143' title='bbox 222 1322 310 1362; x_wconf 80' lang='lat' dir='ltr'><strong>picta</strong></span> <span class='ocrx_word' id='word_1_144' title='bbox 320 1331 332 1358; x_wconf 87' lang='lat'><em>;</em></span> <span class='ocrx_word' id='word_1_145' title='bbox 354 1321 419 1352; x_wconf 80' lang='lat' dir='ltr'><strong>sive</strong></span> <span class='ocrx_word' id='word_1_146' title='bbox 444 1325 590 1361; x_wconf 76' lang='lat' dir='ltr'><strong>carpenta</strong></span> <span class='ocrx_word' id='word_1_147' title='bbox 604 1332 658 1352; x_wconf 75' lang='lat' dir='ltr'><strong>nos</strong></span> <span class='ocrx_word' id='word_1_148' title='bbox 673 1326 823 1352; x_wconf 78' lang='lat' dir='ltr'><strong>vexerant</strong></span> <span class='ocrx_word' id='word_1_149' title='bbox 837 1325 906 1353; x_wconf 80' lang='lat' dir='ltr'><strong>rota</strong></span> <span class='ocrx_word' id='word_1_150' title='bbox 913 1322 1053 1360; x_wconf 81' lang='lat' dir='ltr'><strong>fervida.</strong></span> <span class='ocrx_word' id='word_1_151' title='bbox 1098 1322 1187 1362; x_wconf 82' lang='lat' dir='ltr'><strong>Soepe</strong></span> <span class='ocrx_word' id='word_1_152' title='bbox 1209 1324 1273 1354; x_wconf 86' lang='lat' dir='ltr'><strong>iter</strong></span> <span class='ocrx_word' id='word_1_153' title='bbox 1296 1324 1395 1354; x_wconf 80' lang='lat' dir='ltr'><strong>visum</strong></span> <span class='ocrx_word' id='word_1_154' title='bbox 1416 1328 1462 1354; x_wconf 86' lang='lat' dir='ltr'><strong>est</strong></span> <span class='ocrx_word' id='word_1_155' title='bbox 1482 1325 1569 1355; x_wconf 84' lang='lat' dir='ltr'><strong>nobis</strong></span> <span class='ocrx_word' id='word_1_156' title='bbox 1590 1324 1680 1355; x_wconf 81' lang='lat' dir='ltr'><strong>breve</strong></span> 
     </span>
     <span class='ocr_line' id='line_1_19' title="bbox 225 1361 1680 1405; baseline 0.001 -11"><span class='ocrx_word' id='word_1_157' title='bbox 225 1361 342 1394; x_wconf 78' lang='lat' dir='ltr'><strong>v&#39;icz&#39;bus</strong></span> <span class='ocrx_word' id='word_1_158' title='bbox 354 1363 581 1402; x_wconf 77' lang='lat' dir='ltr'><strong>confabulandi,</strong></span> <span class='ocrx_word' id='word_1_159' title='bbox 602 1368 632 1394; x_wconf 80' lang='lat' dir='ltr'><strong>et</strong></span> <span class='ocrx_word' id='word_1_160' title='bbox 655 1364 682 1394; x_wconf 87' lang='lat' dir='ltr'><strong>si</strong></span> <span class='ocrx_word' id='word_1_161' title='bbox 703 1374 858 1395; x_wconf 79' lang='lat' dir='ltr'><strong>recenseas</strong></span> <span class='ocrx_word' id='word_1_162' title='bbox 872 1374 957 1395; x_wconf 82' lang='lat' dir='ltr'><strong>voces</strong></span> <span class='ocrx_word' id='word_1_163' title='bbox 964 1363 1097 1402; x_wconf 83' lang='lat' dir='ltr'><strong>fuerunt</strong></span> <span class='ocrx_word' id='word_1_164' title='bbox 1113 1366 1214 1404; x_wconf 85' lang='lat' dir='ltr'><strong>plures</strong></span> <span class='ocrx_word' id='word_1_165' title='bbox 1229 1375 1319 1404; x_wconf 82' lang='lat' dir='ltr'><strong>quam</strong></span> <span class='ocrx_word' id='word_1_166' title='bbox 1331 1374 1466 1404; x_wconf 77' lang='lat' dir='ltr'><strong>gressus,</strong></span> <span class='ocrx_word' id='word_1_167' title='bbox 1509 1366 1601 1405; x_wconf 83' lang='lat' dir='ltr'><strong>Saepe</strong></span> <span class='ocrx_word' id='word_1_168' title='bbox 1614 1366 1680 1396; x_wconf 87' lang='lat' dir='ltr'><strong>dies</strong></span> 
     </span>
     <span class='ocr_line' id='line_1_20' title="bbox 218 1405 1679 1448; baseline 0.001 -11"><span class='ocrx_word' id='word_1_169' title='bbox 218 1406 288 1444; x_wconf 81' lang='lat' dir='ltr'><strong>fuit</strong></span> <span class='ocrx_word' id='word_1_170' title='bbox 302 1405 422 1437; x_wconf 82' lang='lat' dir='ltr'><strong>brevior</strong></span> <span class='ocrx_word' id='word_1_171' title='bbox 436 1406 605 1446; x_wconf 80' lang='lat' dir='ltr'><em>colloquiis,</em></span> <span class='ocrx_word' id='word_1_172' title='bbox 627 1410 657 1437; x_wconf 83' lang='lat' dir='ltr'><strong>et</strong></span> <span class='ocrx_word' id='word_1_173' title='bbox 682 1408 773 1445; x_wconf 82' lang='lat' dir='ltr'><strong>longa</strong></span> <span class='ocrx_word' id='word_1_174' title='bbox 788 1407 863 1438; x_wconf 85' lang='lat' dir='ltr'><strong>hora</strong></span> <span class='ocrx_word' id='word_1_175' title='bbox 876 1417 931 1446; x_wconf 84' lang='lat' dir='ltr'><strong>per</strong></span> <span class='ocrx_word' id='word_1_176' title='bbox 943 1407 1009 1438; x_wconf 80' lang='lat' dir='ltr'><strong>dies</strong></span> <span class='ocrx_word' id='word_1_177' title='bbox 1023 1407 1144 1437; x_wconf 78' lang='lat' dir='ltr'><strong>aestivos</strong></span> <span class='ocrx_word' id='word_1_178' title='bbox 1159 1406 1268 1444; x_wconf 82' lang='lat' dir='ltr'><strong>defuit.</strong></span> <span class='ocrx_word' id='word_1_179' title='bbox 1315 1408 1376 1438; x_wconf 84' lang='lat' dir='ltr'><strong>Est</strong></span> <span class='ocrx_word' id='word_1_180' title='bbox 1399 1407 1517 1448; x_wconf 76' lang='lat' dir='ltr'><strong>aliquid</strong></span> <span class='ocrx_word' id='word_1_181' title='bbox 1535 1408 1679 1440; x_wconf 79' lang='lat' dir='ltr'><strong>metuisse</strong></span> 
     </span>
    </p>
   </div>
   <div class='ocr_carea' id='block_1_4' title="bbox 836 1497 1069 1510">
    <p class='ocr_par' dir='ltr' id='par_1_4' title="bbox 836 1497 1069 1510">
     <span class='ocr_line' id='line_1_21' title="bbox 836 1497 1069 1510; baseline 0.009 -2"><span class='ocrx_word' id='word_1_182' title='bbox 836 1497 1069 1510; x_wconf 63' lang='lat' dir='ltr'><strong>oeoeaeaeeeeeeo</strong></span> 
     </span>
    </p>
   </div>
   <div class='ocr_carea' id='block_1_5' title="bbox 224 1550 1684 2017">
    <p class='ocr_par' dir='ltr' id='par_1_5' title="bbox 224 1550 1684 2017">
     <span class='ocr_line' id='line_1_22' title="bbox 227 1550 1680 1595; baseline 0.003 -12"><span class='ocrx_word' id='word_1_183' title='bbox 227 1550 420 1583; x_wconf 85' lang='lat' dir='ltr'><strong>Gronovius</strong></span> <span class='ocrx_word' id='word_1_184' title='bbox 430 1550 531 1581; x_wconf 87' lang='lat' dir='ltr'><strong>etiam</strong></span> <span class='ocrx_word' id='word_1_185' title='bbox 548 1560 624 1581; x_wconf 89' lang='lat' dir='ltr'><strong>cum</strong></span> <span class='ocrx_word' id='word_1_186' title='bbox 636 1550 836 1592; x_wconf 85' lang='lat' dir='ltr'><strong>quibusdam</strong></span> <span class='ocrx_word' id='word_1_187' title='bbox 851 1555 937 1583; x_wconf 88' lang='lat' dir='ltr'><strong>vett.</strong></span> <span class='ocrx_word' id='word_1_188' title='bbox 948 1551 1122 1583; x_wconf 86' lang='lat' dir='ltr'><strong>scribebat</strong></span> <span class='ocrx_word' id='word_1_189' title='bbox 1135 1552 1221 1584; x_wconf 77' lang='lat' dir='ltr'><strong>misc.</strong></span> <span class='ocrx_word' id='word_1_190' title='bbox 1235 1552 1357 1592; x_wconf 79' lang='lat' dir='ltr'><strong>Anapis</strong></span> <span class='ocrx_word' id='word_1_191' title='bbox 1367 1556 1503 1592; x_wconf 80' lang='lat' dir='ltr'><strong>aq.—27</strong></span> <span class='ocrx_word' id='word_1_192' title='bbox 1518 1555 1680 1595; x_wconf 79' lang='lat' dir='ltr'><strong>Nymphen</strong></span> 
     </span>
     <span class='ocr_line' id='line_1_23' title="bbox 227 1592 1681 1634; baseline 0.003 -10"><span class='ocrx_word' id='word_1_193' title='bbox 227 1592 350 1625; x_wconf 83' lang='lat' dir='ltr'><strong>scribe.</strong></span> <span class='ocrx_word' id='word_1_194' title='bbox 363 1592 474 1624; x_wconf 83' lang='lat' dir='ltr'><strong>Heins.</strong></span> <span class='ocrx_word' id='word_1_195' title='bbox 491 1594 591 1632; x_wconf 85' lang='lat' dir='ltr'><strong>Vulg.</strong></span> <span class='ocrx_word' id='word_1_196' title='bbox 603 1594 841 1634; x_wconf 61' lang='lat' dir='ltr'><strong>Nympha—28</strong></span> <span class='ocrx_word' id='word_1_197' title='bbox 855 1594 912 1625; x_wconf 86' lang='lat' dir='ltr'><strong>Pr.</strong></span> <span class='ocrx_word' id='word_1_198' title='bbox 925 1594 1053 1625; x_wconf 84' lang='lat' dir='ltr'><strong>Thuan.</strong></span> <span class='ocrx_word' id='word_1_199' title='bbox 1062 1599 1097 1625; x_wconf 91' lang='lat' dir='ltr'><strong>et</strong></span> <span class='ocrx_word' id='word_1_200' title='bbox 1104 1595 1239 1634; x_wconf 81' lang='lat' dir='ltr'><strong>V.quoq.</strong></span> <span class='ocrx_word' id='word_1_201' title='bbox 1248 1596 1462 1626; x_wconf 81' lang='lat' dir='ltr'><strong>manat.Tum</strong></span> <span class='ocrx_word' id='word_1_202' title='bbox 1472 1597 1539 1627; x_wconf 84' lang='lat' dir='ltr'><strong>Ms.</strong></span> <span class='ocrx_word' id='word_1_203' title='bbox 1549 1598 1681 1630; x_wconf 88' lang='lat' dir='ltr'><strong>Bersm.</strong></span> 
     </span>
     <span class='ocr_line' id='line_1_24' title="bbox 226 1636 1682 1677; baseline 0.003 -12"><span class='ocrx_word' id='word_1_204' title='bbox 226 1636 316 1666; x_wconf 78' lang='lat' dir='ltr'><strong>humo</strong></span> <span class='ocrx_word' id='word_1_205' title='bbox 332 1645 392 1675; x_wconf 89' lang='lat' dir='ltr'><strong>pro</strong></span> <span class='ocrx_word' id='word_1_206' title='bbox 400 1638 574 1674; x_wconf 69' lang='lat' dir='ltr'><strong>aqua—29</strong></span> <span class='ocrx_word' id='word_1_207' title='bbox 589 1636 610 1667; x_wconf 89' lang='lat' dir='ltr'>J</span> <span class='ocrx_word' id='word_1_208' title='bbox 615 1646 670 1667; x_wconf 88' lang='lat' dir='ltr'><strong>un.</strong></span> <span class='ocrx_word' id='word_1_209' title='bbox 689 1636 758 1667; x_wconf 85' lang='lat' dir='ltr'><strong>Hoc</strong></span> <span class='ocrx_word' id='word_1_210' title='bbox 774 1636 852 1667; x_wconf 65' lang='lat' dir='ltr'><strong>mihi</strong></span> <span class='ocrx_word' id='word_1_211' title='bbox 863 1647 936 1676; x_wconf 83' lang='lat' dir='ltr'><strong>pars</strong></span> <span class='ocrx_word' id='word_1_212' title='bbox 950 1637 1024 1667; x_wconf 83' lang='lat' dir='ltr'><strong>anm·</strong></span> <span class='ocrx_word' id='word_1_213' title='bbox 1040 1636 1169 1667; x_wconf 74' lang='lat' dir='ltr'><strong>labentis</strong></span> <span class='ocrx_word' id='word_1_214' title='bbox 1178 1638 1268 1676; x_wconf 79' lang='lat' dir='ltr'><strong>longa</strong></span> <span class='ocrx_word' id='word_1_215' title='bbox 1278 1640 1405 1677; x_wconf 82' lang='lat' dir='ltr'><strong>peracta</strong></span> <span class='ocrx_word' id='word_1_216' title='bbox 1415 1641 1473 1668; x_wconf 84' lang='lat' dir='ltr'><strong>est.</strong></span> <span class='ocrx_word' id='word_1_217' title='bbox 1495 1639 1589 1669; x_wconf 91' lang='lat' dir='ltr'><strong>Unus</strong></span> <span class='ocrx_word' id='word_1_218' title='bbox 1598 1639 1682 1671; x_wconf 86' lang='lat' dir='ltr'><strong>liber</strong></span> 
     </span>
     <span class='ocr_line' id='line_1_25' title="bbox 226 1678 1681 1723; baseline 0.004 -17"><span class='ocrx_word' id='word_1_219' title='bbox 226 1680 294 1707; x_wconf 77' lang='lat' dir='ltr'><strong>totu</strong></span> <span class='ocrx_word' id='word_1_220' title='bbox 306 1686 368 1716; x_wconf 87' lang='lat' dir='ltr'><strong>pro</strong></span> <span class='ocrx_word' id='word_1_221' title='bbox 385 1687 520 1715; x_wconf 79' lang='lat' dir='ltr'><strong>mugna,·</strong></span> <span class='ocrx_word' id='word_1_222' title='bbox 543 1678 627 1708; x_wconf 85' lang='lat' dir='ltr'><strong>alius</strong></span> <span class='ocrx_word' id='word_1_223' title='bbox 642 1681 806 1709; x_wconf 61' lang='lat' dir='ltr'><strong>tuta—30</strong></span> <span class='ocrx_word' id='word_1_224' title='bbox 830 1678 897 1709; x_wconf 91' lang='lat' dir='ltr'><strong>Alii</strong></span> <span class='ocrx_word' id='word_1_225' title='bbox 923 1679 997 1710; x_wconf 81' lang='lat' dir='ltr'><strong>Heu</strong></span> <span class='ocrx_word' id='word_1_226' title='bbox 1022 1682 1168 1719; x_wconf 83' lang='lat' dir='ltr'><strong>quantum</strong></span> <span class='ocrx_word' id='word_1_227' title='bbox 1182 1680 1263 1718; x_wconf 83' lang='lat' dir='ltr'><strong>disp.</strong></span> <span class='ocrx_word' id='word_1_228' title='bbox 1288 1679 1384 1710; x_wconf 85' lang='lat' dir='ltr'><strong>multi</strong></span> <span class='ocrx_word' id='word_1_229' title='bbox 1400 1684 1484 1712; x_wconf 80' lang='lat' dir='ltr'><strong>vett.</strong></span> <span class='ocrx_word' id='word_1_230' title='bbox 1510 1681 1596 1720; x_wconf 82' lang='lat' dir='ltr'><strong>Heu,</strong></span> <span class='ocrx_word' id='word_1_231' title='bbox 1611 1682 1681 1723; x_wconf 82' lang='lat' dir='ltr'><strong>heu,</strong></span> 
     </span>
     <span class='ocr_line' id='line_1_26' title="bbox 227 1719 1683 1763; baseline 0.004 -13"><span class='ocrx_word' id='word_1_232' title='bbox 227 1729 318 1759; x_wconf 78' lang='lat' dir='ltr'><strong>quam</strong></span> <span class='ocrx_word' id='word_1_233' title='bbox 339 1719 419 1758; x_wconf 86' lang='lat' dir='ltr'><strong>disp.</strong></span> <span class='ocrx_word' id='word_1_234' title='bbox 444 1719 593 1749; x_wconf 74' lang='lat' dir='ltr'><strong>nonnulli</strong></span> <span class='ocrx_word' id='word_1_235' title='bbox 619 1720 722 1750; x_wconf 83' lang='lat' dir='ltr'><strong>etiam</strong></span> <span class='ocrx_word' id='word_1_236' title='bbox 752 1720 815 1751; x_wconf 83' lang='lat' dir='ltr'><strong>Hei</strong></span> <span class='ocrx_word' id='word_1_237' title='bbox 841 1721 919 1751; x_wconf 77' lang='lat' dir='ltr'><strong>mihi</strong></span> <span class='ocrx_word' id='word_1_238' title='bbox 942 1731 1031 1760; x_wconf 85' lang='lat' dir='ltr'><strong>quam</strong></span> <span class='ocrx_word' id='word_1_239' title='bbox 1046 1722 1207 1761; x_wconf 83' lang='lat' dir='ltr'><strong>disp.—3l</strong></span> <span class='ocrx_word' id='word_1_240' title='bbox 1223 1720 1342 1752; x_wconf 79' lang='lat' dir='ltr'><strong>Heius.</strong></span> <span class='ocrx_word' id='word_1_241' title='bbox 1356 1722 1506 1754; x_wconf 85' lang='lat' dir='ltr'><strong>malebat</strong></span> <span class='ocrx_word' id='word_1_242' title='bbox 1520 1724 1567 1755; x_wconf 73' lang='lat' dir='ltr'><strong>At</strong></span> <span class='ocrx_word' id='word_1_243' title='bbox 1581 1728 1683 1763; x_wconf 81' lang='lat' dir='ltr'><strong>quota.</strong></span> 
     </span>
     <span class='ocr_line' id='line_1_27' title="bbox 227 1761 1683 1807; baseline 0.004 -15"><span class='ocrx_word' id='word_1_244' title='bbox 227 1761 311 1792; x_wconf 82' lang='lat' dir='ltr'><strong>Mox</strong></span> <span class='ocrx_word' id='word_1_245' title='bbox 324 1761 405 1793; x_wconf 85' lang='lat' dir='ltr'><strong>Jun.</strong></span> <span class='ocrx_word' id='word_1_246' title='bbox 421 1764 490 1791; x_wconf 79' lang='lat' dir='ltr'><strong>sunt</strong></span> <span class='ocrx_word' id='word_1_247' title='bbox 503 1761 589 1798; x_wconf 83' lang='lat' dir='ltr'><strong>haec;</strong></span> <span class='ocrx_word' id='word_1_248' title='bbox 612 1766 647 1791; x_wconf 87' lang='lat' dir='ltr'><strong>et</strong></span> <span class='ocrx_word' id='word_1_249' title='bbox 662 1763 728 1793; x_wconf 91' lang='lat' dir='ltr'><strong>Ms.</strong></span> <span class='ocrx_word' id='word_1_250' title='bbox 752 1764 884 1793; x_wconf 86' lang='lat' dir='ltr'><strong>Bersm.</strong></span> <span class='ocrx_word' id='word_1_251' title='bbox 900 1763 963 1794; x_wconf 82' lang='lat' dir='ltr'><strong>haec</strong></span> <span class='ocrx_word' id='word_1_252' title='bbox 980 1766 1123 1795; x_wconf 82' lang='lat' dir='ltr'><strong>est.—35</strong></span> <span class='ocrx_word' id='word_1_253' title='bbox 1141 1764 1228 1804; x_wconf 84' lang='lat' dir='ltr'><strong>[Pro</strong></span> <span class='ocrx_word' id='word_1_254' title='bbox 1243 1763 1323 1804; x_wconf 75' lang='lat' dir='ltr'><strong>visa]</strong></span> <span class='ocrx_word' id='word_1_255' title='bbox 1340 1764 1407 1795; x_wconf 86' lang='lat' dir='ltr'><strong>Ms.</strong></span> <span class='ocrx_word' id='word_1_256' title='bbox 1422 1765 1553 1798; x_wconf 87' lang='lat' dir='ltr'><strong>Bersm.</strong></span> <span class='ocrx_word' id='word_1_257' title='bbox 1568 1776 1683 1807; x_wconf 72' lang='lat' dir='ltr'><strong>mensa,</strong></span> 
     </span>
     <span class='ocr_line' id='line_1_28' title="bbox 228 1802 1683 1845; baseline 0.004 -12"><span class='ocrx_word' id='word_1_258' title='bbox 228 1803 318 1844; x_wconf 90' lang='lat' dir='ltr'><strong>quod</strong></span> <span class='ocrx_word' id='word_1_259' title='bbox 335 1803 461 1834; x_wconf 87' lang='lat' dir='ltr'><strong>invasit</strong></span> <span class='ocrx_word' id='word_1_260' title='bbox 476 1802 609 1834; x_wconf 83' lang='lat' dir='ltr'><strong>Auctor</strong></span> <span class='ocrx_word' id='word_1_261' title='bbox 623 1805 731 1836; x_wconf 90' lang='lat' dir='ltr'><strong>Elect.</strong></span> <span class='ocrx_word' id='word_1_262' title='bbox 749 1805 850 1836; x_wconf 71' lang='lat' dir='ltr'><strong>Eion.</strong></span> <span class='ocrx_word' id='word_1_263' title='bbox 865 1805 925 1836; x_wconf 88' lang='lat' dir='ltr'><strong>sed</strong></span> <span class='ocrx_word' id='word_1_264' title='bbox 942 1810 1023 1837; x_wconf 88' lang='lat' dir='ltr'><strong>tunc</strong></span> <span class='ocrx_word' id='word_1_265' title='bbox 1050 1815 1087 1836; x_wconf 88' lang='lat' dir='ltr'><strong>re</strong></span> <span class='ocrx_word' id='word_1_266' title='bbox 1103 1815 1182 1837; x_wconf 87' lang='lat' dir='ltr'><strong>vera</strong></span> <span class='ocrx_word' id='word_1_267' title='bbox 1198 1806 1311 1837; x_wconf 82' lang='lat' dir='ltr'><strong>brevis</strong></span> <span class='ocrx_word' id='word_1_268' title='bbox 1327 1805 1445 1838; x_wconf 85' lang='lat' dir='ltr'><strong>fuisset</strong></span> <span class='ocrx_word' id='word_1_269' title='bbox 1461 1807 1535 1845; x_wconf 90' lang='lat' dir='ltr'><strong>via;</strong></span> <span class='ocrx_word' id='word_1_270' title='bbox 1559 1813 1595 1840; x_wconf 89' lang='lat' dir='ltr'><strong>et</strong></span> <span class='ocrx_word' id='word_1_271' title='bbox 1610 1809 1683 1840; x_wconf 90' lang='lat' dir='ltr'><strong>lon-</strong></span> 
     </span>
     <span class='ocr_line' id='line_1_29' title="bbox 227 1844 1684 1889; baseline 0.004 -13"><span class='ocrx_word' id='word_1_272' title='bbox 227 1844 391 1886; x_wconf 87' lang='lat' dir='ltr'><strong>gitudinis</strong></span> <span class='ocrx_word' id='word_1_273' title='bbox 407 1855 565 1880; x_wconf 81' lang='lat' dir='ltr'><strong>mensura</strong></span> <span class='ocrx_word' id='word_1_274' title='bbox 586 1846 673 1877; x_wconf 84' lang='lat' dir='ltr'><strong>inita</strong></span> <span class='ocrx_word' id='word_1_275' title='bbox 685 1851 788 1886; x_wconf 84' lang='lat' dir='ltr'><strong>esset,</strong></span> <span class='ocrx_word' id='word_1_276' title='bbox 803 1847 932 1879; x_wconf 86' lang='lat' dir='ltr'><strong>vicibus</strong></span> <span class='ocrx_word' id='word_1_277' title='bbox 955 1848 1112 1889; x_wconf 89' lang='lat' dir='ltr'><strong>loquendi</strong></span> <span class='ocrx_word' id='word_1_278' title='bbox 1127 1848 1170 1879; x_wconf 89' lang='lat' dir='ltr'><strong>ad</strong></span> <span class='ocrx_word' id='word_1_279' title='bbox 1185 1858 1267 1889; x_wconf 87' lang='lat' dir='ltr'><strong>quas</strong></span> <span class='ocrx_word' id='word_1_280' title='bbox 1282 1849 1429 1880; x_wconf 86' lang='lat' dir='ltr'><strong>calculos</strong></span> <span class='ocrx_word' id='word_1_281' title='bbox 1441 1849 1684 1882; x_wconf 82' lang='lat' dir='ltr'><strong>subduxissent</strong></span> 
     </span>
     <span class='ocr_line' id='line_1_30' title="bbox 227 1887 1682 1933; baseline 0.004 -15"><span class='ocrx_word' id='word_1_282' title='bbox 227 1888 429 1928; x_wconf 80' lang='lat' dir='ltr'><strong>loquentes3</strong></span> <span class='ocrx_word' id='word_1_283' title='bbox 451 1888 484 1919; x_wconf 90' lang='lat' dir='ltr'><strong>id</strong></span> <span class='ocrx_word' id='word_1_284' title='bbox 500 1887 587 1919; x_wconf 85' lang='lat' dir='ltr'><strong>enim</strong></span> <span class='ocrx_word' id='word_1_285' title='bbox 605 1893 724 1920; x_wconf 88' lang='lat' dir='ltr'><strong>notare</strong></span> <span class='ocrx_word' id='word_1_286' title='bbox 738 1889 851 1920; x_wconf 87' lang='lat' dir='ltr'><strong>verbis</strong></span> <span class='ocrx_word' id='word_1_287' title='bbox 868 1890 1021 1921; x_wconf 85' lang='lat' dir='ltr'><strong>deberet.</strong></span> <span class='ocrx_word' id='word_1_288' title='bbox 1067 1890 1114 1921; x_wconf 86' lang='lat' dir='ltr'><strong>At</strong></span> <span class='ocrx_word' id='word_1_289' title='bbox 1130 1900 1219 1922; x_wconf 91' lang='lat' dir='ltr'><strong>nunc</strong></span> <span class='ocrx_word' id='word_1_290' title='bbox 1233 1891 1316 1922; x_wconf 88' lang='lat' dir='ltr'><strong>licet</strong></span> <span class='ocrx_word' id='word_1_291' title='bbox 1328 1896 1419 1923; x_wconf 89' lang='lat' dir='ltr'><strong>esset</strong></span> <span class='ocrx_word' id='word_1_292' title='bbox 1438 1901 1557 1923; x_wconf 82' lang='lat' dir='ltr'><strong>revera</strong></span> <span class='ocrx_word' id='word_1_293' title='bbox 1569 1893 1682 1933; x_wconf 83' lang='lat' dir='ltr'><strong>longa,</strong></span> 
     </span>
     <span class='ocr_line' id='line_1_31' title="bbox 224 1929 1684 1974; baseline 0.004 -14"><span class='ocrx_word' id='word_1_294' title='bbox 224 1929 387 1969; x_wconf 88' lang='lat' dir='ltr'><strong>jucundis</strong></span> <span class='ocrx_word' id='word_1_295' title='bbox 404 1931 612 1962; x_wconf 82' lang='lat' dir='ltr'><strong>sermonibus</strong></span> <span class='ocrx_word' id='word_1_296' title='bbox 637 1932 704 1962; x_wconf 86' lang='lat' dir='ltr'><strong>visa</strong></span> <span class='ocrx_word' id='word_1_297' title='bbox 728 1931 839 1963; x_wconf 86' lang='lat' dir='ltr'><strong>brevis</strong></span> <span class='ocrx_word' id='word_1_298' title='bbox 862 1931 940 1964; x_wconf 87' lang='lat' dir='ltr'><strong>fuit.</strong></span> <span class='ocrx_word' id='word_1_299' title='bbox 962 1933 1161 1965; x_wconf 64' lang='lat' dir='ltr'><strong>Barim—37</strong></span> <span class='ocrx_word' id='word_1_300' title='bbox 1184 1933 1385 1974; x_wconf 81' lang='lat' dir='ltr'><strong>Loquendum</strong></span> <span class='ocrx_word' id='word_1_301' title='bbox 1405 1935 1539 1974; x_wconf 89' lang='lat' dir='ltr'><strong>recepit</strong></span> <span class='ocrx_word' id='word_1_302' title='bbox 1563 1935 1684 1967; x_wconf 88' lang='lat' dir='ltr'><strong>Heius.</strong></span> 
     </span>
     <span class='ocr_line' id='line_1_32' title="bbox 229 1971 1683 2017; baseline 0.004 -14"><span class='ocrx_word' id='word_1_303' title='bbox 229 1981 272 2003; x_wconf 87' lang='lat' dir='ltr'><strong>ex</strong></span> <span class='ocrx_word' id='word_1_304' title='bbox 288 1973 343 2004; x_wconf 89' lang='lat' dir='ltr'><strong>Sa.</strong></span> <span class='ocrx_word' id='word_1_305' title='bbox 360 1971 444 2014; x_wconf 85' lang='lat' dir='ltr'><strong>Arg.</strong></span> <span class='ocrx_word' id='word_1_306' title='bbox 461 1977 497 2004; x_wconf 89' lang='lat' dir='ltr'><strong>et</strong></span> <span class='ocrx_word' id='word_1_307' title='bbox 512 1973 660 2015; x_wconf 85' lang='lat' dir='ltr'><strong>quinque</strong></span> <span class='ocrx_word' id='word_1_308' title='bbox 676 1974 749 2005; x_wconf 84' lang='lat' dir='ltr'><strong>aliis</strong></span> <span class='ocrx_word' id='word_1_309' title='bbox 771 1984 832 2016; x_wconf 89' lang='lat' dir='ltr'><strong>pro</strong></span> <span class='ocrx_word' id='word_1_310' title='bbox 848 1976 940 2016; x_wconf 86' lang='lat' dir='ltr'><strong>vulg.</strong></span> <span class='ocrx_word' id='word_1_311' title='bbox 954 1975 1201 2017; x_wconf 60' lang='lat' dir='ltr'><strong>loquenda—38</strong></span> <span class='ocrx_word' id='word_1_312' title='bbox 1223 1977 1304 2007; x_wconf 89' lang='lat' dir='ltr'><strong>Duo</strong></span> <span class='ocrx_word' id='word_1_313' title='bbox 1319 1976 1398 2008; x_wconf 86' lang='lat' dir='ltr'><strong>libri</strong></span> <span class='ocrx_word' id='word_1_314' title='bbox 1411 1980 1480 2009; x_wconf 84' lang='lat' dir='ltr'><strong>oest.</strong></span> <span class='ocrx_word' id='word_1_315' title='bbox 1491 1977 1602 2017; x_wconf 78' lang='lat' dir='ltr'><strong>defluit</strong></span> <span class='ocrx_word' id='word_1_316' title='bbox 1616 1978 1683 2010; x_wconf 72' lang='lat' dir='ltr'><strong>hor.</strong></span> 
     </span>
    </p>
   </div>
   <div class='ocr_carea' id='block_1_6' title="bbox 887 2076 1032 2110">
    <p class='ocr_par' dir='ltr' id='par_1_6' title="bbox 887 2076 1032 2110">
     <span class='ocr_line' id='line_1_33' title="bbox 887 2076 1032 2110; baseline 0.014 -2"><span class='ocrx_word' id='word_1_317' title='bbox 887 2076 1032 2110; x_wconf 81' lang='lat' dir='ltr'>NOTAE</span> 
     </span>
    </p>
   </div>
   <div class='ocr_carea' id='block_1_7' title="bbox 230 2144 1683 2488">
    <p class='ocr_par' dir='ltr' id='par_1_7' title="bbox 230 2144 1683 2339">
     <span class='ocr_line' id='line_1_34' title="bbox 230 2144 1683 2193; baseline 0.005 -18"><span class='ocrx_word' id='word_1_318' title='bbox 230 2144 328 2176; x_wconf 83' lang='lat' dir='ltr'><strong>drani</strong></span> <span class='ocrx_word' id='word_1_319' title='bbox 340 2145 516 2185; x_wconf 87' lang='lat' dir='ltr'><strong>cujusdam</strong></span> <span class='ocrx_word' id='word_1_320' title='bbox 527 2147 644 2179; x_wconf 88' lang='lat' dir='ltr'><strong>melius</strong></span> <span class='ocrx_word' id='word_1_321' title='bbox 657 2149 811 2189; x_wconf 80' lang='lat' dir='ltr'><strong>scripsit3</strong></span> <span class='ocrx_word' id='word_1_322' title='bbox 828 2160 846 2181; x_wconf 88' lang='lat' dir='ltr'>a</span> <span class='ocrx_word' id='word_1_323' title='bbox 859 2152 930 2192; x_wconf 86' lang='lat' dir='ltr'><strong>qui·</strong></span> <span class='ocrx_word' id='word_1_324' title='bbox 985 2151 1065 2185; x_wconf 89' lang='lat' dir='ltr'><strong>dum</strong></span> <span class='ocrx_word' id='word_1_325' title='bbox 1083 2152 1250 2193; x_wconf 88' lang='lat' dir='ltr'><strong>Alpheum</strong></span> <span class='ocrx_word' id='word_1_326' title='bbox 1276 2162 1408 2184; x_wconf 88' lang='lat' dir='ltr'><strong>amnem</strong></span> <span class='ocrx_word' id='word_1_327' title='bbox 1434 2152 1534 2192; x_wconf 83' lang='lat' dir='ltr'><strong>fugit,</strong></span> <span class='ocrx_word' id='word_1_328' title='bbox 1550 2155 1683 2183; x_wconf 82' lang='lat' dir='ltr'><strong>mutata</strong></span> 
     </span>
     <span class='ocr_line' id='line_1_35' title="bbox 232 2193 1616 2240; baseline 0.004 -16"><span class='ocrx_word' id='word_1_329' title='bbox 232 2193 295 2224; x_wconf 91' lang='lat' dir='ltr'><strong>bus</strong></span> <span class='ocrx_word' id='word_1_330' title='bbox 331 2194 425 2225; x_wconf 87' lang='lat' dir='ltr'><strong>lacus</strong></span> <span class='ocrx_word' id='word_1_331' title='bbox 462 2196 528 2228; x_wconf 87' lang='lat' dir='ltr'><strong>(luo</strong></span> <span class='ocrx_word' id='word_1_332' title='bbox 573 2197 723 2228; x_wconf 86' lang='lat' dir='ltr'><strong>sulfureo</strong></span> <span class='ocrx_word' id='word_1_333' title='bbox 761 2199 867 2230; x_wconf 88' lang='lat' dir='ltr'><strong>odore</strong></span> <span class='ocrx_word' id='word_1_334' title='bbox 897 2201 930 2231; x_wconf 89' lang='lat' dir='ltr'><strong>in</strong></span> <span class='ocrx_word' id='word_1_335' title='bbox 986 2204 1058 2231; x_wconf 86' lang='lat' dir='ltr'><strong>est:</strong></span> <span class='ocrx_word' id='word_1_336' title='bbox 1082 2205 1120 2231; x_wconf 87' lang='lat' dir='ltr'><strong>ut</strong></span> <span class='ocrx_word' id='word_1_337' title='bbox 1136 2202 1266 2240; x_wconf 88' lang='lat' dir='ltr'><strong>prolixe</strong></span> <span class='ocrx_word' id='word_1_338' title='bbox 1283 2202 1409 2232; x_wconf 88' lang='lat' dir='ltr'><strong>dictum</strong></span> <span class='ocrx_word' id='word_1_339' title='bbox 1426 2202 1459 2232; x_wconf 87' lang='lat' dir='ltr'><strong>in</strong></span> <span class='ocrx_word' id='word_1_340' title='bbox 1477 2201 1616 2231; x_wconf 89' lang='lat' dir='ltr'><strong>Metam.</strong></span> 
     </span>
     <span class='ocr_line' id='line_1_36' title="bbox 230 2244 1682 2289; baseline 0.003 -13"><span class='ocrx_word' id='word_1_341' title='bbox 230 2244 360 2284; x_wconf 85' lang='lat' dir='ltr'><strong>Sicilia,</strong></span> <span class='ocrx_word' id='word_1_342' title='bbox 386 2244 465 2275; x_wconf 85' lang='lat' dir='ltr'><strong>inde</strong></span> <span class='ocrx_word' id='word_1_343' title='bbox 487 2246 537 2277; x_wconf 90' lang='lat' dir='ltr'><strong>illi</strong></span> <span class='ocrx_word' id='word_1_344' title='bbox 567 2247 731 2287; x_wconf 83' lang='lat' dir='ltr'><strong>prodiisse</strong></span> <span class='ocrx_word' id='word_1_345' title='bbox 759 2248 929 2288; x_wconf 79' lang='lat' dir='ltr'><strong>dicuntur,</strong></span> <span class='ocrx_word' id='word_1_346' title='bbox 1029 2249 1149 2288; x_wconf 75' lang='lat' dir='ltr'><strong>Elidis]</strong></span> <span class='ocrx_word' id='word_1_347' title='bbox 1167 2250 1682 2289; x_wconf 78' lang='lat' dir='ltr'><strong>RegiunculaestPeloponncsi‚</strong></span> 
     </span>
     <span class='ocr_line' id='line_1_37' title="bbox 233 2298 1584 2339; baseline 0.004 -15"><span class='ocrx_word' id='word_1_348' title='bbox 233 2302 354 2325; x_wconf 90' lang='lat' dir='ltr'><strong>nomen</strong></span> <span class='ocrx_word' id='word_1_349' title='bbox 370 2300 588 2335; x_wconf 82' lang='lat' dir='ltr'><strong>acceperunt.</strong></span> <span class='ocrx_word' id='word_1_350' title='bbox 986 2308 1085 2339; x_wconf 81' lang='lat' dir='ltr'><strong>quam</strong></span> <span class='ocrx_word' id='word_1_351' title='bbox 1099 2303 1133 2329; x_wconf 87' lang='lat' dir='ltr'><strong>ct</strong></span> <span class='ocrx_word' id='word_1_352' title='bbox 1150 2299 1269 2339; x_wconf 79' lang='lat' dir='ltr'><strong>irrigat</strong></span> <span class='ocrx_word' id='word_1_353' title='bbox 1285 2300 1435 2339; x_wconf 88' lang='lat' dir='ltr'><strong>Alpheus</strong></span> <span class='ocrx_word' id='word_1_354' title='bbox 1452 2298 1584 2331; x_wconf 85' lang='lat' dir='ltr'><strong>fluvius.</strong></span> 
     </span>
    </p>

    <p class='ocr_par' dir='ltr' id='par_1_8' title="bbox 233 2345 1682 2488">
     <span class='ocr_line' id='line_1_38' title="bbox 275 2345 1681 2390; baseline 0.004 -16"><span class='ocrx_word' id='word_1_355' title='bbox 275 2345 318 2374; x_wconf 82' lang='lat'><strong>26</strong></span> <span class='ocrx_word' id='word_1_356' title='bbox 356 2345 498 2385; x_wconf 80' lang='lat' dir='ltr'><strong>Cyanen]</strong></span> <span class='ocrx_word' id='word_1_357' title='bbox 536 2346 623 2376; x_wconf 84' lang='lat' dir='ltr'><strong>Fons</strong></span> <span class='ocrx_word' id='word_1_358' title='bbox 653 2348 706 2376; x_wconf 88' lang='lat' dir='ltr'><strong>est</strong></span> <span class='ocrx_word' id='word_1_359' title='bbox 729 2345 868 2385; x_wconf 73' lang='lat' dir='ltr'><strong>Siciliae,</strong></span> <span class='ocrx_word' id='word_1_360' title='bbox 896 2347 930 2377; x_wconf 89' lang='lat' dir='ltr'><strong>iu</strong></span> <span class='ocrx_word' id='word_1_361' title='bbox 1027 2350 1068 2378; x_wconf 79' lang='grc'><strong>28</strong></span> <span class='ocrx_word' id='word_1_362' title='bbox 1092 2348 1156 2378; x_wconf 84' lang='lat' dir='ltr'><strong>Sub</strong></span> <span class='ocrx_word' id='word_1_363' title='bbox 1172 2349 1324 2388; x_wconf 70' lang='grc' dir='ltr'><strong>α’ᾳιιονεα]</strong></span> <span class='ocrx_word' id='word_1_364' title='bbox 1360 2348 1458 2379; x_wconf 85' lang='lat' dir='ltr'><strong>Istud</strong></span> <span class='ocrx_word' id='word_1_365' title='bbox 1484 2348 1580 2389; x_wconf 84' lang='lat' dir='ltr'><strong>dicit,</strong></span> <span class='ocrx_word' id='word_1_366' title='bbox 1603 2349 1681 2390; x_wconf 76' lang='lat' dir='ltr'><strong>quia</strong></span> 
     </span>
     <span class='ocr_line' id='line_1_39' title="bbox 233 2393 1682 2437; baseline 0.005 -14"><span class='ocrx_word' id='word_1_367' title='bbox 233 2401 332 2434; x_wconf 87' lang='lat' dir='ltr'><strong>quem</strong></span> <span class='ocrx_word' id='word_1_368' title='bbox 343 2393 502 2434; x_wconf 87' lang='lat' dir='ltr'><strong>Nympha</strong></span> <span class='ocrx_word' id='word_1_369' title='bbox 514 2393 613 2434; x_wconf 90' lang='lat' dir='ltr'><strong>hujus</strong></span> <span class='ocrx_word' id='word_1_370' title='bbox 625 2394 778 2433; x_wconf 80' lang='lat' dir='ltr'><strong>nominis,</strong></span> <span class='ocrx_word' id='word_1_371' title='bbox 792 2394 930 2426; x_wconf 85' lang='lat' dir='ltr'><strong>Proser·</strong></span> <span class='ocrx_word' id='word_1_372' title='bbox 985 2406 1047 2437; x_wconf 87' lang='lat' dir='ltr'><strong>per</strong></span> <span class='ocrx_word' id='word_1_373' title='bbox 1062 2397 1301 2429; x_wconf 70' lang='lat' dir='ltr'><strong>subterraneos</strong></span> <span class='ocrx_word' id='word_1_374' title='bbox 1323 2404 1453 2430; x_wconf 82' lang='lat' dir='ltr'><strong>meatus</strong></span> <span class='ocrx_word' id='word_1_375' title='bbox 1465 2399 1615 2430; x_wconf 85' lang='lat' dir='ltr'><strong>Siciliam</strong></span> <span class='ocrx_word' id='word_1_376' title='bbox 1630 2410 1682 2430; x_wconf 88' lang='lat' dir='ltr'><strong>us·</strong></span> 
     </span>
     <span class='ocr_line' id='line_1_40' title="bbox 234 2441 1681 2488; baseline 0.006 -16"><span class='ocrx_word' id='word_1_377' title='bbox 234 2441 322 2482; x_wconf 83' lang='lat' dir='ltr'><strong>pinae</strong></span> <span class='ocrx_word' id='word_1_378' title='bbox 337 2442 513 2474; x_wconf 90' lang='lat' dir='ltr'><strong>aPlutone</strong></span> <span class='ocrx_word' id='word_1_379' title='bbox 525 2448 632 2484; x_wconf 81' lang='lat' dir='ltr'><strong>raptae</strong></span> <span class='ocrx_word' id='word_1_380' title='bbox 644 2444 771 2483; x_wconf 86' lang='lat' dir='ltr'><strong>dolore,</strong></span> <span class='ocrx_word' id='word_1_381' title='bbox 781 2449 928 2476; x_wconf 83' lang='lat' dir='ltr'><strong>mutata:</strong></span> <span class='ocrx_word' id='word_1_382' title='bbox 984 2456 1060 2487; x_wconf 85' lang='lat' dir='ltr'><strong>quc,</strong></span> <span class='ocrx_word' id='word_1_383' title='bbox 1072 2455 1113 2477; x_wconf 88' lang='lat' dir='ltr'><strong>uc</strong></span> <span class='ocrx_word' id='word_1_384' title='bbox 1129 2455 1204 2477; x_wconf 81' lang='lat' dir='ltr'><strong>suas</strong></span> <span class='ocrx_word' id='word_1_385' title='bbox 1222 2457 1324 2488; x_wconf 80' lang='lat' dir='ltr'><strong>aquas</strong></span> <span class='ocrx_word' id='word_1_386' title='bbox 1345 2458 1421 2478; x_wconf 84' lang='lat' dir='ltr'><strong>cum</strong></span> <span class='ocrx_word' id='word_1_387' title='bbox 1438 2448 1572 2488; x_wconf 79' lang='lat' dir='ltr'><strong>Alpheo</strong></span> <span class='ocrx_word' id='word_1_388' title='bbox 1592 2458 1681 2480; x_wconf 88' lang='lat' dir='ltr'><strong>com-</strong></span> 
     </span>
    </p>
   </div>
   <div class='ocr_carea' id='block_1_8' title="bbox 233 2492 1677 2690">
    <p class='ocr_par' dir='ltr' id='par_1_9' title="bbox 233 2492 1515 2586">
     <span class='ocr_line' id='line_1_41' title="bbox 233 2492 1515 2539; baseline 0.004 -15"><span class='ocrx_word' id='word_1_389' title='bbox 233 2492 276 2524; x_wconf 87' lang='lat' dir='ltr'><strong>dc</strong></span> <span class='ocrx_word' id='word_1_390' title='bbox 293 2502 360 2534; x_wconf 87' lang='lat' dir='ltr'><strong>qua</strong></span> <span class='ocrx_word' id='word_1_391' title='bbox 374 2493 407 2524; x_wconf 92' lang='lat' dir='ltr'><strong>in</strong></span> <span class='ocrx_word' id='word_1_392' title='bbox 424 2494 567 2526; x_wconf 87' lang='lat' dir='ltr'><strong>Metam.</strong></span> <span class='ocrx_word' id='word_1_393' title='bbox 985 2496 1155 2535; x_wconf 86' lang='lat' dir='ltr'><strong>misceret,</strong></span> <span class='ocrx_word' id='word_1_394' title='bbox 1168 2496 1337 2528; x_wconf 78' lang='lat' dir='ltr'><strong>Arethusa</strong></span> <span class='ocrx_word' id='word_1_395' title='bbox 1354 2497 1515 2539; x_wconf 83' lang='lat' dir='ltr'><strong>perfugit.</strong></span> 
     </span>
     <span class='ocr_line' id='line_1_42' title="bbox 277 2541 1383 2586; baseline 0.005 -14"><span class='ocrx_word' id='word_1_396' title='bbox 277 2541 422 2582; x_wconf 82' lang='lat' dir='ltr'><strong>Anapus]</strong></span> <span class='ocrx_word' id='word_1_397' title='bbox 449 2542 572 2574; x_wconf 81' lang='lat' dir='ltr'><strong>Siciliae</strong></span> <span class='ocrx_word' id='word_1_398' title='bbox 586 2541 705 2574; x_wconf 81' lang='lat' dir='ltr'><strong>fluvius</strong></span> <span class='ocrx_word' id='word_1_399' title='bbox 722 2553 781 2584; x_wconf 84' lang='lat' dir='ltr'><strong>per</strong></span> <span class='ocrx_word' id='word_1_400' title='bbox 797 2553 932 2586; x_wconf 82' lang='lat' dir='ltr'><strong>campos</strong></span> <span class='ocrx_word' id='word_1_401' title='bbox 1029 2549 1072 2577; x_wconf 83' lang='lat'><strong>29</strong></span> <span class='ocrx_word' id='word_1_402' title='bbox 1095 2546 1174 2586; x_wconf 86' lang='lat' dir='ltr'><strong>Hic]</strong></span> <span class='ocrx_word' id='word_1_403' title='bbox 1203 2547 1242 2577; x_wconf 85' lang='lat' dir='ltr'><strong>Iu</strong></span> <span class='ocrx_word' id='word_1_404' title='bbox 1258 2548 1383 2579; x_wconf 83' lang='lat' dir='ltr'><strong>Sicilia.</strong></span> 
     </span>
    </p>

    <p class='ocr_par' dir='ltr' id='par_1_10' title="bbox 236 2590 1677 2690">
     <span class='ocr_line' id='line_1_43' title="bbox 236 2590 1552 2637; baseline 0.007 -16"><span class='ocrx_word' id='word_1_405' title='bbox 236 2590 465 2630; x_wconf 82' lang='lat' dir='ltr'><strong>Syracusanos</strong></span> <span class='ocrx_word' id='word_1_406' title='bbox 480 2594 514 2625; x_wconf 89' lang='lat' dir='ltr'><strong>in</strong></span> <span class='ocrx_word' id='word_1_407' title='bbox 530 2604 622 2625; x_wconf 83' lang='lat' dir='ltr'><strong>marc</strong></span> <span class='ocrx_word' id='word_1_408' title='bbox 638 2593 802 2626; x_wconf 77' lang='lat' dir='ltr'><strong>defluens.</strong></span> <span class='ocrx_word' id='word_1_409' title='bbox 1030 2599 1067 2626; x_wconf 73' lang='lat'><strong>31</strong></span> <span class='ocrx_word' id='word_1_410' title='bbox 1096 2597 1214 2637; x_wconf 74' lang='lat' dir='ltr'><strong>Quota]</strong></span> <span class='ocrx_word' id='word_1_411' title='bbox 1242 2598 1416 2629; x_wconf 83' lang='lat' dir='ltr'><strong>Miuiinam</strong></span> <span class='ocrx_word' id='word_1_412' title='bbox 1432 2599 1552 2631; x_wconf 89' lang='lat' dir='ltr'><strong>innuit.</strong></span> 
     </span>
     <span class='ocr_line' id='line_1_44' title="bbox 279 2642 1677 2690; baseline 0.006 -19"><span class='ocrx_word' id='word_1_413' title='bbox 279 2642 320 2670; x_wconf 80' lang='lat'><strong>2⁷</strong></span> <span class='ocrx_word' id='word_1_414' title='bbox 347 2642 526 2683; x_wconf 68' lang='lat' dir='ltr'><strong>Nymphon]</strong></span> <span class='ocrx_word' id='word_1_415' title='bbox 543 2643 711 2675; x_wconf 75' lang='lat' dir='ltr'><strong>Arethusa</strong></span> <span class='ocrx_word' id='word_1_416' title='bbox 728 2649 792 2684; x_wconf 82' lang='lat' dir='ltr'><strong>est,</strong></span> <span class='ocrx_word' id='word_1_417' title='bbox 814 2646 933 2676; x_wconf 76' lang='lat' dir='ltr'><strong>Diauae</strong></span> <span class='ocrx_word' id='word_1_418' title='bbox 1030 2649 1067 2676; x_wconf 78' lang='grc'><strong>3-1</strong></span> <span class='ocrx_word' id='word_1_419' title='bbox 1097 2647 1226 2687; x_wconf 58' lang='lat' dir='ltr'><strong>tiss-citu]</strong></span> <span class='ocrx_word' id='word_1_420' title='bbox 1265 2649 1419 2681; x_wconf 79' lang='lat' dir='ltr'><strong>Vchiculi</strong></span> <span class='ocrx_word' id='word_1_421' title='bbox 1443 2658 1561 2690; x_wconf 82' lang='lat' dir='ltr'><strong>genus,</strong></span> <span class='ocrx_word' id='word_1_422' title='bbox 1587 2658 1677 2681; x_wconf 81' lang='lat' dir='ltr'><strong>more</strong></span> 
     </span>
    </p>
   </div>
   <div class='ocr_carea' id='block_1_9' title="bbox 239 2692 1129 2735">
    <p class='ocr_par' dir='ltr' id='par_1_11' title="bbox 239 2692 1129 2735">
     <span class='ocr_line' id='line_1_45' title="bbox 239 2692 1129 2735; baseline 0.009 -17"><span class='ocrx_word' id='word_1_423' title='bbox 239 2697 363 2730; x_wconf 81' lang='lat' dir='ltr'><strong>comcs,</strong></span> <span class='ocrx_word' id='word_1_424' title='bbox 392 2700 466 2730; x_wconf 72' lang='lat' dir='ltr'><strong>qua:</strong></span> <span class='ocrx_word' id='word_1_425' title='bbox 494 2693 528 2724; x_wconf 84' lang='lat' dir='ltr'><strong>iu</strong></span> <span class='ocrx_word' id='word_1_426' title='bbox 554 2692 682 2725; x_wconf 83' lang='lat' dir='ltr'><strong>fontem</strong></span> <span class='ocrx_word' id='word_1_427' title='bbox 710 2695 760 2726; x_wconf 81' lang='lat' dir='ltr'><strong>sui</strong></span> <span class='ocrx_word' id='word_1_428' title='bbox 781 2695 934 2735; x_wconf 55' lang='lat' dir='ltr'><strong>nominis,</strong></span> <span class='ocrx_word' id='word_1_429' title='bbox 988 2696 1129 2727; x_wconf 76' lang='lat' dir='ltr'><strong>Gallico.</strong></span> 
     </span>
    </p>
   </div>
  </div>
 </body>
</html>
