1877 3193
522 220 675 252 Evis'r.
710 220 775 251 Ex
811 220 971 252 PONTo
1007 220 1102 250 Lm.
1135 220 1191 251 11.
1216 209 1260 251 2.
1504 210 1617 253 2565

165 311 369 355 Imbuero
389 312 617 368 Scythicas
638 315 675 355 si
693 327 779 356 non
794 315 914 369 prius
933 315 1029 368 ipse
1049 315 1256 368 sagittas:
1561 313 1619 354 65

216 380 542 435 Abstuleritque
561 381 684 422 ferox
705 379 790 423 hoc
812 385 946 434 caput
967 393 1071 421 ense
1091 381 1242 422 Getes.

167 446 298 498 Quod
320 449 374 498 si,
392 462 460 489 me
482 449 623 499 salvo,
645 450 819 490 dabitur
839 448 919 488 tibi
937 448 1084 487 laurea
1103 448 1307 501 templis;

222 515 384 556 Omina
403 516 472 556 bis
493 516 612 557 dices
632 528 736 555 vera
754 515 894 554 fuisse
915 525 1025 553 mea.

159 635 226 666 vita
240 636 367 677 sufficiet
383 635 495 665 nostris
505 634 672 671 oerumnis;
695 634 756 666 nisi
767 634 832 675 ipse
846 634 969 666 tinxere
983 633 1073 674 prius
1087 633 1203 674 spicula
1218 632 1376 674 Scythica,
1395 636 1427 664 et
1441 642 1540 664 soevus
1554 633 1619 665 Ge-

160 681 208 708 tes
234 678 380 709 reciderit
406 678 461 708 hnc
484 681 576 717 caput
596 678 714 716 gladio.
762 678 853 713 Quod
876 678 903 709 si
930 679 1036 709 laurea
1051 676 1110 707 tibi
1125 675 1276 717 offeretur
1290 677 1324 707 in
1341 676 1462 717 templis
1475 686 1521 708 me
1535 677 1618 708 salvo

157 719 309 760 fateberis
319 721 476 760 proesagz'a
491 730 556 751 mea
564 720 666 758 fuisse
681 720 728 751 bis
741 730 826 753 vera.

770 793 981 806 ‘estem
984 793 1003 804 o·

162 839 246 868 —64
269 835 407 879 Sufficiet
433 837 598 868 meliores.
624 838 736 869 Heius.
770 837 839 867 Alii
862 836 1101 879 Sufficiat.-65
1127 834 1221 866 Leid.
1239 836 1371 867 Induero
1384 835 1419 866 S.
1451 835 1534 867 Mox
1551 835 1618 867 Ed.

163 889 213 920 pr.
227 890 287 910 non
302 881 389 920 prior
403 881 544 920 ips.—67
573 879 642 909 Tibi
657 880 776 910 Heius.
793 879 889 910 dedit
905 889 948 909 ex
965 878 1079 909 multis
1095 879 1230 918 scriptis
1248 888 1308 919 pro
1325 878 1417 917 vulg.
1433 880 1497 910 tua.
1534 879 1618 908 Tum

160 925 169 939 ‘
189 922 231 953 P.
249 927 284 953 et
302 923 393 954 Leid.
407 923 509 961 gloria
531 923 634 962 templ.
653 932 694 952 an
712 932 772 962 pro
788 920 940 954 adorea?'
968 922 1171 953 Burm.—68
1195 921 1235 952 In
1258 920 1460 962 quibusdam
1484 921 1618 952 excusis

165 964 278 996 Omnia
294 965 362 1002 bis;
386 965 428 996 P.
445 972 481 996 et
498 970 568 996 tres
584 965 643 997 alii
663 965 821 995 Carmina.

822 1049 854 1081 N
859 1049 962 1081 OTAE

162 1123 308 1155 namque
317 1114 698 1156 circa'rriumphihujus
708 1118 862 1156 tempora
917 1113 1222 1153 triumphaverant.

163 1165 251 1196 diem
275 1165 392 1197 obivit.
958 1167 999 1195 68
1013 1163 1086 1203 Bis]
1099 1164 1186 1196 Quia
1199 1166 1234 1194 et
1246 1167 1283 1194 tn
1297 1161 1503 1204 triumphum
1514 1159 1617 1192 duxe-

205 1219 246 1247 67
269 1217 408 1257 Laurea]
433 1217 566 1248 Corona
581 1227 622 1248 ex
640 1217 748 1255 lauro,
760 1226 861 1257 quam
915 1214 973 1254 ris,
989 1217 1025 1245 et
1040 1213 1113 1254 ipse
1129 1213 1240 1244 salvus
1253 1212 1363 1244 fuero.

164 1265 237 1297 Diis
277 1265 494 1307 deponebant
529 1266 564 1296 in
598 1265 768 1306 Capitolio
804 1265 862 1305 qui

615 1568 1030 1618 EPISTOLA
1088 1568 1160 1615 ΙΙ.

677 1732 1098 1777 MESSALLINO.

716 1884 1068 1917 ARGUMENTUM.

162 1974 427 2006 MESSALHNUM
444 1978 540 2015 rogat
566 1978 604 2005 ut
632 1983 671 2005 eo
688 1983 754 2014 quo
772 1972 904 2004 solebat
921 1972 1017 2003 vultu
1035 1970 1175 2002 salntem
1193 1968 1340 2010 accipiat
1354 1967 1490 2000 missam
1506 1968 1560 1999 vel
1576 1968 1619 2000 ab

206 2029 279 2068 ipso
295 2029 378 2058 mari
396 2028 539 2068 Euxino,
556 2028 613 2058 ubi
638 2027 750 2059 Po'eita
766 2026 936 2058 exulabat.
982 2025 1136 2065 Eumque
1159 2027 1275 2055 monet
1288 2028 1338 2064 ut,
1352 2023 1444 2054 lecto
1469 2022 1539 2063 ejus
1564 2031 1621 2052 no-

205 2080 306 2119 mine,
323 2089 387 2110 non
405 2079 540 2111 dubitet
556 2080 658 2111 etiam
675 2080 789 2120 legere
816 2083 924 2110 totam
951 2077 1145 2118 epistolam:
1170 2075 1444 2118 quandoquidem
1459 2085 1526 2106 non
1544 2084 1619 2115 per-

205 2133 355 2173 petravit
372 2136 422 2163 tot
440 2143 479 2164 ac
492 2137 587 2165 tanta
603 2133 691 2164 maia
709 2137 747 2164 ut
764 2132 837 2172 ejus
854 2130 1002 2162 carmina
1018 2139 1084 2161 non
1101 2129 1233 2170 possint
1250 2129 1290 2160 ab
1307 2138 1346 2160 eo
1362 2128 1440 2169 legi.
1485 2127 1618 2158 Deinde

204 2185 300 2216 illum
315 2185 498 2217 artificiose
512 2190 675 2226 precatur
691 2190 739 2226 ut,
754 2195 831 2216 cum
847 2188 982 2224 tempus
997 2183 1040 2215 ad
1056 2183 1089 2214 id
1106 2183 1263 2214 idoneum
1284 2186 1393 2220 extet,
1408 2181 1471 2212 sibi
1488 2182 1620 2219 Augus-

206 2242 275 2268 tum
293 2239 501 2270 reconciliet.
547 2239 728 2271 Postremo
759 2242 874 2270 monet
890 2242 927 2268 ut
943 2237 1005 2269 hoc
1023 2240 1135 2268 tentet
1152 2246 1193 2267 ea
1208 2237 1295 2277 lege,
1313 2236 1340 2266 si
1356 2234 1479 2266 viderit
1502 2234 1566 2266 sibi
1584 2234 1618 2264 id

205 2290 342 2323 minime
359 2291 561 2323 nociturum.

164 2375 293 2433 ILLE
315 2391 471 2434 domus
490 2395 648 2434 vestrae
672 2392 822 2446 primis
843 2395 1071 2433 venerator
1092 2391 1147 2432 ab
1169 2391 1295 2432 annis

223 2459 385 2500 Pulsus
406 2460 463 2501 ad
483 2461 647 2501 Euxini
671 2460 797 2501 Naso
816 2461 991 2501 sinistra
1008 2458 1123 2507 freti,

208 2565 264 2598 Ille
290 2567 372 2598 Naso
389 2571 488 2600 cultor
511 2571 615 2602 domus
639 2575 749 2603 restra>
764 2582 782 2602 a
803 2570 905 2612 prima
930 2572 1023 2601 oetute
1049 2569 1204 2605 relegatus
1229 2565 1269 2595 ad
1289 2565 1365 2594 Iaeva
1381 2562 1478 2593 Pauci
1495 2563 1615 2594 Euxini

777 2640 1009 2655 eeeeeeeeeeee

212 2688 223 2714 1
252 2684 320 2713 Pro
337 2685 495 2713 venerator
519 2684 681 2725 Excerpt.
697 2688 797 2719 Voss.
815 2687 980 2722 imitatam·
1002 2684 1091 2715 unde
1117 2682 1235 2713 Heius.
1262 2680 1413 2712 faciebat
1428 2680 1614 2711 mirator.—

166 2730 185 2758 2
209 2727 304 2758 Unus
320 2725 404 2757 liber
421 2725 538 2758 Missua
553 2728 603 2759 ad.
626 2728 711 2761 Tum
736 2730 820 2763 alius
842 2729 974 2762 extremi
1000 2728 1043 2760 N.
1080 2725 1122 2758 111
1136 2724 1210 2758 cod.
1231 2724 1333 2756 etiam
1349 2723 1499 2756 Medonii
1513 2723 1614 2754 sinist.
