1863 3193
219 160 334 204 2336

705 172 747 201 P.
779 168 936 200 ovmn
970 165 1182 198 NASONlS

221 267 309 308 Seu
328 269 492 307 temere
509 269 709 320 expecto,
730 265 823 306 sive
844 264 888 305 id
910 263 1158 315 contingere
1178 261 1246 302 fas
1267 265 1358 311 est;

275 333 347 375 Tu
366 333 485 381 mihi,
505 333 624 386 quod
644 332 790 384 cupio,
807 331 874 372 fas
903 327 1100 384 (precor)
1128 341 1225 369 esse
1246 327 1396 381 proba.

221 399 424 453 Quaeque
444 400 523 439 tibi
543 400 700 451 linguae
722 402 789 438 est
808 398 1023 445 facundia,
1047 395 1194 437 confer
1212 395 1255 436 in
1275 394 1399 441 illud,

278 465 340 507 Ut
358 466 519 506 doceas
539 471 685 506 votum
707 478 838 518 posse
857 465 1006 504 valere
1027 476 1186 503 meum.

1616 457 1670 497 30

223 534 325 585 Quo
347 534 445 586 quis
464 533 580 573 enim
600 532 755 586 major,
776 532 916 584 magis
938 536 1006 572 est
1023 530 1260 584 placabilis
1281 529 1357 569 irae
1374 542 1384 579 ;

278 601 334 642 Et
353 601 503 641 faciles
523 607 663 640 motus
684 612 809 639 mens
830 611 1037 650 generosa
1056 597 1189 650 capit.

222 668 419 722 Corpora
439 667 715 718 magnanimo
734 665 841 705 satis
858 669 925 705 est
944 669 1186 718 prostrasse
1205 662 1343 703 leoni:

278 735 434 788 Pugna
454 745 583 774 suum
603 731 751 780 finem,
774 744 871 771 cum
887 731 1012 784 jacet
1030 731 1186 779 hostis,
1206 730 1347 770 habet.

221 801 284 843 At
305 803 451 855 lupus,
472 804 514 840 et
534 804 681 852 turpes
701 799 865 839 instant
885 798 1165 837 morientibus
1185 798 1274 837 ursi
1291 808 1302 846 ;

1616 792 1675 832 35

279 868 334 908 Et
353 879 641 921 quaecumque
662 865 800 906 minor
819 864 1042 904 nobilitate
1062 863 1154 903 fera
1171 867 1253 902 est.

223 934 372 989 Majus
393 934 508 987 apud
529 932 706 986 Trojam
728 932 830 972 forti
849 930 955 984 quid
977 930 1194 970 habemus
1217 927 1423 970 Achille?

280 1000 497 1043 Dardanii
518 1000 731 1053 lacrymas
750 1011 835 1039 non
855 998 952 1039 tulit
971 998 1044 1038 ille
1067 997 1195 1038 senis.

224 1069 337 1119 Quae
359 1068 484 1108 ducis
506 1066 694 1107 Emathii
714 1066 842 1106 suerit
858 1066 1102 1114 clementia,
1124 1064 1285 1113 Poros,

279 1134 577 1185 Praeclarique
598 1133 753 1173 docent
775 1133 938 1173 funeris
959 1133 1174 1186 exequiae.
1618 1132 1676 1172 40

220 1250 320 1288 potest
333 1247 425 1288 fieri,
441 1250 475 1277 tu
491 1247 623 1285 ostende,
647 1256 759 1286 quanm,
773 1246 851 1288 fieri
876 1256 960 1286 posse
983 1247 1063 1287 quod
1077 1247 1154 1276 volo.
1200 1246 1304 1284 Atque
1318 1244 1455 1283 conferto
1471 1246 1674 1286 eloquentiam

223 1301 283 1329 qua
295 1290 389 1330 pones
403 1289 436 1319 in
458 1289 503 1328 id,
523 1293 557 1319 ut
572 1289 678 1329 probes
693 1299 792 1320 meum
813 1290 1002 1320 desiderium
1023 1298 1109 1329 posse
1124 1287 1255 1327 impleri.
1304 1288 1371 1321 Quo
1387 1288 1468 1318 enim
1484 1289 1552 1328 quis
1566 1288 1675 1326 major,

223 1333 324 1371 magis
340 1335 385 1363 est
408 1332 466 1362 irae
488 1330 690 1371 superabilis;
711 1335 741 1361 et
765 1332 884 1362 animus
908 1331 1017 1362 nobilis
1034 1330 1133 1368 facile
1148 1329 1305 1370 flectitur.
1350 1330 1436 1359 Satis
1459 1335 1503 1360 est
1528 1339 1674 1368 generoso

224 1375 303 1406 leoni
317 1374 461 1412 deiecisse
475 1384 625 1414 corpora;
647 1376 798 1404 certamen
813 1374 947 1415 finitur,
973 1384 1041 1404 cum
1067 1373 1162 1403 hostis
1176 1374 1350 1412 prostratus
1366 1375 1422 1401 est.
1468 1373 1513 1401 At
1530 1373 1628 1410 lupus,
1645 1375 1673 1401 et

224 1417 354 1448 obscoeni
369 1417 447 1455 ursi,
475 1420 504 1447 et
530 1426 719 1456 qma-umque
737 1416 811 1452 fera
839 1417 939 1447 minus
956 1419 1004 1447 est
1024 1424 1183 1455 generosa,
1204 1416 1342 1453 premunt
1369 1414 1541 1444 morientes.
1590 1414 1674 1449 Quid

223 1459 366 1490 habemus
380 1460 478 1498 majus
491 1462 615 1488 strenuo
638 1458 758 1489 Achille
773 1459 852 1498 apud
873 1456 1022 1496 Troiam?
1068 1457 1125 1487 Ille
1141 1466 1198 1487 non
1215 1456 1288 1486 tulit
1295 1456 1395 1495 fletus
1409 1456 1490 1486 senis
1505 1456 1674 1486 Dardanii.

224 1502 337 1541 Porus,
362 1504 393 1531 et
419 1501 556 1540 cxequia:
576 1500 727 1540 splendidi
746 1500 871 1538 funeris
899 1501 1041 1531 indicant
1064 1509 1129 1539 quoe
1146 1498 1248 1536 suerit
1272 1498 1383 1529 lenitas
1407 1498 1493 1529 (lucis
1522 1498 1674 1529 Emathii.

838 1586 876 1596 Ν

1050 1584 1068 1594 e

225 1638 320 1670 malit
338 1649 419 1679 poss.
436 1639 526 1675 De0,·
548 1648 624 1670 nain
638 1640 724 1670 alter
742 1639 817 1670 Pol.
833 1639 892 1668 dat
909 1638 1091 1668 Duci.—27
1117 1636 1185 1667 Alii
1200 1636 1253 1666 hoc
1271 1646 1330 1676 pro
1345 1635 1475 1666 feu—28
1499 1635 1602 1666 Barb.
1618 1645 1675 1666 ess·

219 1681 295 1717 fave
308 1692 318 1711 .·
344 1682 504 1720 Excerpt.
521 1682 615 1713 Voss.
629 1682 853 1721 probum—29
872 1680 939 1710 Alii
956 1680 1012 1710 tib.
1029 1683 1076 1709 est
1092 1678 1395 1717 ling.jacm1d.-30
1413 1677 1512 1708 Alter
1528 1678 1602 1708 Pol.
1616 1678 1675 1709 val.

225 1726 408 1754 tuum.—3l
434 1723 517 1761 Opt.
534 1725 577 1753 V.
601 1730 636 1753 et
659 1728 727 1754 tres
750 1724 805 1754 alii
822 1733 863 1753 ex
890 1722 1084 1752 melioribus
1112 1721 1196 1751 dant
1222 1722 1290 1756 Quo
1306 1721 1374 1760 quis
1398 1722 1477 1751 enim
1496 1721 1568 1759 maj.
1596 1720 1674 1750 olim

226 1765 440 1795 scribebatur
457 1765 526 1800 Quo
541 1766 663 1805 quisque
677 1769 719 1796 est
744 1766 818 1804 mqi.
844 1764 977 1795 Deinde
995 1773 1055 1804 pro
1079 1764 1135 1793 iroe
1152 1764 1337 1802 Gottorpli.
1353 1764 1402 1793 ira
1416 1774 1426 1793 .·
1450 1763 1569 1793 Heius.
1592 1762 1676 1802 legit

227 1808 326 1846 magis
341 1807 395 1837 hoc
417 1809 458 1847 pl.
474 1808 523 1837 ira
539 1810 679 1839 esc—32
703 1807 886 1847 Gottorpli.
904 1817 985 1837 mens
1011 1806 1148 1836 animosa
1164 1808 1315 1846 cap.-37
1339 1806 1420 1835 Lov.
1452 1809 1487 1835 et
1503 1805 1586 1835 alins
1602 1805 1676 1844 quid

226 1849 355 1879 habetur
370 1851 497 1880 A.-39
520 1850 589 1880 Pro
607 1851 704 1880 Poros
721 1851 776 1881 alii
789 1851 902 1886 Porus,
915 1849 1065 1879 nonnulli
1083 1849 1302 1878 Pharos—40
1320 1848 1388 1878 Pro
1405 1848 1589 1886 Proeclariq.
1607 1847 1673 1876 duo

226 1892 384 1932 Pompeiq.
413 1902 496 1923 unns
522 1892 709 1932 Dardimiiq.
734 1896 828 1924 Serv.
854 1892 999 1931 Phariiq.
1016 1892 1070 1921 Fr.
1090 1891 1283 1931 Proeclaraeq.
1300 1890 1419 1921 Heins.
1437 1890 1527 1929 conj.
1545 1888 1671 1928 Dariiq.

878 1987 1017 2020 NOTAE

977 2058 1083 2090 mini.'

979 2114 1036 2139 tae.

1020 2160 1058 2187 31
1086 2158 1154 2191 Quo
1169 2157 1250 2198 quis]
1272 2157 1455 2187 Verissime
1473 2156 1567 2187 dicit.
1589 2157 1676 2188 Nos-

227 2059 375 2090 incidere
391 2061 512 2090 malum
529 2062 636 2093 nollet
649 2062 784 2093 amicos.
1129 2056 1196 2088 Hic
1209 2065 1353 2097 namque
1369 2065 1490 2096 scopus
1507 2053 1572 2086 fuit
1588 2055 1675 2086 Poe-

270 2112 310 2139 26
329 2109 463 2148 Tristia]
487 2110 574 2141 Quia
591 2111 724 2141 tristem
738 2111 823 2142 facit
837 2110 923 2140 Poe-

229 2162 297 2188 tam
314 2158 363 2187 ira
380 2157 538 2196 Augusti.

269 2208 310 2236 28
334 2205 453 2244 Proba]
477 2204 628 2244 Affirina,
651 2211 752 2246 atque
782 2212 847 2236 non
876 2210 923 2237 te-

228 2264 320 2285 mere
349 2264 485 2294 sperare
516 2255 630 2286 dicito.
683 2257 731 2286 Eo
755 2265 833 2286 vcro
857 2265 922 2286 non

228 2308 358 2334 tantum
376 2313 453 2342 spes
468 2303 621 2334 alebatur
638 2305 795 2343 Nasonis,
809 2314 923 2335 vorum

228 2354 329 2385 etiam
344 2352 468 2394 aliquid
483 2353 523 2383 ad
539 2354 682 2384 reditum
698 2355 768 2394 ejus
784 2353 924 2384 suaden-

228 2404 307 2433 dum
324 2402 549 2433 conferretur.

271 2456 311 2483 30
336 2454 470 2494 Doceas]
491 2453 624 2492 Saepius
643 2463 721 2483 vcro
739 2453 925 2491 tundendo,

229 2507 330 2542 atque
357 2502 447 2532 idem
472 2502 686 2540 inculcando,
715 2502 753 2533 fit
780 2503 924 2543 denique

229 2550 401 2590 probabile
415 2551 504 2591 qnod
522 2551 629 2591 prima
645 2550 757 2582 fronte
774 2552 924 2591 ineptum

231 2601 335 2630 visum
349 2604 411 2631 est.
451 2601 576 2631 Dicere
598 2602 741 2642 deniqne
758 2602 927 2641 potuisset

231 2649 414 2688 Angustus,
450 2650 459 2666 ‘
489 2651 632 2690 Redeat,
660 2651 822 2691 siqnidem
853 2650 926 2681 fieri

231 2706 340 2738 posse,
355 2703 412 2729 aut
428 2699 511 2730 illud
529 2710 660 2741 aequum
682 2710 770 2742 esse,
785 2700 927 2732 arbitra·

978 2205 1022 2235 tri
1054 2210 1166 2234 autem
1194 2207 1344 2235 homines
1380 2205 1533 2245 plerique
1563 2215 1675 2245 qnam-

979 2253 1096 2284 obrem
1123 2254 1211 2284 istud
1234 2264 1298 2283 non
1316 2255 1453 2293 capiant
1480 2255 1552 2294 ipse
1569 2255 1674 2293 conji-

977 2308 1055 2333 c1t0.

1020 2355 1061 2383 38
1100 2352 1272 2392 Dardanii]
1308 2353 1446 2389 Priami,
1472 2353 1514 2383 ab
1540 2352 1675 2385 Achille

979 2401 1139 2431 Hectoris
1152 2401 1211 2431 lilii
1222 2402 1367 2432 cadaver
1379 2403 1576 2441 repetentis
1591 2403 1675 2433 Dar-

979 2451 1096 2481 danius
1124 2456 1237 2481 antem
1268 2451 1342 2481 ideo
1371 2451 1511 2488 dicitur,
1536 2453 1624 2492 quod
1655 2463 1676 2483 a

980 2501 1142 2531 Dardano
1159 2511 1251 2531 snam
1269 2501 1410 2531 duceret
1425 2502 1598 2541 originem.

1021 2553 1062 2581 39
1086 2550 1185 2580 Ducis
1200 2551 1355 2591 Emathii]
1383 2551 1568 2582 Alexandri
1584 2562 1675 2592 mag-

980 2601 1026 2639 ni,
1040 2600 1252 2631 Macedoni-m
1265 2600 1365 2641 regis,
1376 2611 1448 2641 quae
1465 2606 1564 2633 autea
1577 2602 1675 2632 Ema-

980 2651 1050 2681 thia
1065 2650 1168 2681 dicta.

1022 2699 1136 2739 Poros]
1159 2700 1268 2732 Quem
1290 2699 1417 2731 victum
1435 2699 1542 2732 Indiae
1558 2709 1673 2741 regem
