1877 3193
545 152 699 183 Emsr.
734 152 799 183 Ex
834 151 994 182 PoNTo
1028 151 1124 183 mn.
1161 151 1235 182 111.
1265 141 1308 182 4.
1539 141 1652 183 2655

192 246 287 288 Vix
307 247 425 288 bona
444 251 547 301 post
567 251 688 289 tanto
710 248 921 302 quaerenti
941 248 1077 288 verba
1096 247 1307 288 subibant
1326 259 1336 287 z

253 315 309 356 Et
329 315 517 368 gaudere
538 316 721 369 aliquid,
741 329 813 356 res
835 317 939 356 mihi
958 316 1059 357 visa
1079 328 1194 356 nova.
1214 319 1298 356 est.

196 381 343 435 thue
362 382 649 423 reformidant
667 385 887 423 insuetum
907 384 1071 423 lumina
1088 383 1256 432 Solem,

254 448 328 488 Sic
350 448 407 489 ad
428 449 627 489 laetitiam
649 462 769 489 mens
790 461 888 487 mea
910 449 1051 499 segnis
1073 453 1179 488 erat.
1603 446 1658 486 50

196 514 274 555 Est
294 529 467 569 quoque
488 519 741 556 cunctarum
764 514 938 554 novitas
959 514 1189 554 carissima
1208 527 1345 555 rerum
1365 527 1375 555 ε

253 581 497 635 Gratiaque
518 581 681 630 officio,
702 580 817 634 quod
840 593 962 620 mora
983 580 1141 630 tardat,
1163 581 1305 622 abest.

197 648 357 690 Cetera
377 650 570 689 certatim
591 648 645 688 de
666 661 823 701 magno
847 648 1013 701 scripta
1034 648 1252 702 triumpho

253 715 282 756 J
286 729 356 756 am
377 715 544 769 pridem
567 717 724 770 populi
748 717 953 770 suspicor
974 728 1046 757 ore
1067 716 1168 768 legi.

196 782 281 824 Illa
302 783 416 824 bibit
437 783 606 833 sitiens,
631 784 772 824 lector
792 797 889 824 mea
904 783 1070 837 pocula
1091 783 1246 836 plenus
1266 797 1275 824 :
1595 784 1653 824 55

255 849 340 890 Illa
360 863 510 892 recens
532 856 641 905 pota
661 856 742 899 est,
764 855 915 891 nostra
934 851 1124 904 tepescit
1145 863 1275 904 aqua.

196 916 303 958 Non
324 931 404 970 ego
427 919 615 967 cessavi,
637 931 718 958 nec
742 918 848 958 fecit
867 918 1023 958 inertia
1043 931 1187 958 serum
1208 931 1217 958 :

254 984 422 1026 Ultima
442 999 509 1025 me
530 986 645 1026 vasti
668 986 858 1026 sustinet
880 999 956 1026 ora
976 985 1086 1027 freti.

198 1050 316 1090 Dum
337 1053 455 1093 venit
475 1053 557 1093 huc
576 1066 737 1103 rumor,
761 1058 1080 1106 properataque
1101 1053 1295 1094 carmina
1314 1051 1436 1102 fiunt,

255 1118 480 1172 Factaque
500 1125 599 1161 eunt
621 1121 677 1161 ad
695 1133 789 1170 vos,
812 1133 953 1160 annus
976 1121 1123 1160 abisse
1145 1124 1308 1173 potest.
1595 1117 1653 1159 60

196 1226 275 1257 mihi
292 1227 493 1267 investiganti
515 1232 602 1259 tanto
627 1234 779 1268 tempore
802 1232 890 1268 post,·
913 1232 1004 1268 atque
1022 1229 1124 1259 laetarz'
1140 1229 1175 1259 ob
1200 1239 1264 1259 rem
1288 1229 1423 1268 aliquam
1439 1230 1484 1258 est
1502 1227 1578 1257 mihi
1594 1226 1662 1257 visa

193 1279 243 1299 res
257 1270 418 1301 inusitata.
467 1271 509 1300 Et
524 1273 773 1310 quemadmodum
797 1272 876 1300 oculi
892 1274 1034 1301 metuunt
1061 1270 1161 1301 Solem
1178 1271 1350 1309 insolitum,
1375 1271 1422 1301 ita
1437 1270 1560 1300 animus
1575 1278 1660 1299 meus

194 1315 261 1342 erat
275 1312 365 1350 piger
378 1314 418 1342 ad
439 1314 599 1350 gaudium.
646 1313 781 1343 Novitas
804 1317 849 1343 est
872 1314 967 1343 etiam
994 1313 1180 1352 gratissima
1204 1314 1339 1343 omnium
1365 1322 1494 1348 rerum;
1518 1315 1546 1342 et
1565 1310 1663 1348 favor

193 1354 336 1384 destituit
351 1355 482 1394 officium
506 1356 585 1393 quod
610 1356 766 1385 cunctatio
792 1359 976 1386 remoratur.
1025 1355 1163 1393 conjicio
1190 1359 1292 1386 cetera
1319 1355 1435 1395 scripta
1460 1354 1606 1385 certatim
1624 1355 1662 1384 de

192 1405 304 1434 magno
320 1396 476 1436 triumpho
490 1397 557 1434 jam
572 1398 693 1437 pridem
719 1398 779 1428 teri
805 1408 857 1428 ore
881 1398 997 1438 populi.
1046 1399 1159 1428 Lector
1173 1399 1282 1429 avidus
1294 1402 1382 1438 potat
1400 1399 1454 1428 illa
1469 1398 1591 1436 pocula,
1606 1405 1661 1427 ex·

189 1439 292 1478 pletas
306 1448 393 1469 mea.-
416 1439 468 1469 itte
483 1440 583 1479 liquor
596 1450 689 1470 novus
703 1440 831 1470 haustus
846 1444 903 1479 est,
926 1444 1027 1470 noster
1043 1440 1225 1478 languescit.
1271 1441 1342 1479 Ego
1356 1450 1417 1471 uon
1432 1440 1582 1478 requievi,
1609 1449 1662 1469 ne-

193 1490 250 1521 que
262 1481 391 1520 ignavia
405 1483 543 1512 reddidit
558 1484 681 1512 tardum
694 1493 705 1517 ;
728 1483 892 1512 novissima
908 1484 992 1520 regio
1008 1483 1114 1520 magni
1137 1483 1233 1512 maris
1255 1482 1345 1512 habet
1371 1493 1428 1512 me.
1474 1482 1559 1512 Dum
1570 1481 1662 1521 suma

194 1524 250 1554 huc
262 1527 418 1564 penetrat,
446 1528 476 1555 et
500 1534 604 1555 tersus
619 1524 771 1562 festinati
794 1528 988 1563 panguntur,
1015 1527 1043 1554 et
1071 1525 1233 1563 compositi
1259 1524 1519 1555 transmittuntur
1532 1526 1572 1554 ad
1598 1533 1662 1562 ros,

812 1624 1047 1635 ‘ense-tovena

196 1679 544 1718 Assiduus-..querelam
566 1685 632 1711 vet.
666 1680 724 1711 lib.
752 1691 772 1711 a
796 1680 953 1711 Fabricio
980 1680 1108 1711 citatus
1133 1680 1469 1721 assiduo...querelnm:
1501 1679 1541 1710 P.
1568 1678 1660 1709 Dan.

194 1722 298 1753 etiam
314 1722 534 1753 assidua—46
556 1723 742 1762 Gottorph.
769 1728 802 1753 et
830 1723 962 1752 Bersm.
989 1723 1046 1753 lib.
1071 1733 1137 1753 mea
1165 1724 1256 1754 Musa
1272 1724 1452 1754 venit.--47
1480 1722 1547 1752 Pro
1572 1725 1661 1752 tanto

195 1765 262 1795 Ms.
280 1765 408 1795 Bersm.
436 1769 471 1795 et
499 1765 538 1796 P.
561 1765 646 1796 Dan.
668 1766 757 1797 Mor.
775 1770 809 1796 et
826 1764 1083 1805 quatuordecim
1101 1769 1249 1801 tuntum:
1269 1766 1364 1797 Serv.
1382 1768 1508 1800 tantos;
1532 1764 1574 1794 P.
1592 1768 1664 1795 tan-

194 1808 273 1838 dem.
318 1806 386 1837 Alii
410 1817 467 1846 pro
491 1811 593 1846 tanto,
617 1813 652 1838 et
669 1808 854 1848 Gottorph.
879 1811 949 1847 post
975 1811 1162 1839 tantm—48
1187 1809 1255 1839 Pro
1283 1808 1400 1847 aliquid
1425 1807 1545 1837 Heius.
1563 1807 1662 1837 malit

194 1849 394 1889 aliqum—50
425 1850 520 1881 Serv.
545 1860 612 1890 spes
641 1860 700 1890 pro
732 1854 910 1881 mens.—5l
941 1851 1111 1880 Car-issima
1135 1861 1177 1881 ex
1209 1851 1293 1890 Arg.
1325 1851 1465 1890 aliisque
1492 1848 1661 1879 nonnullis

195 1892 311 1932 placet
327 1891 446 1922 Heius.
461 1902 531 1932 prae
550 1894 638 1932 vulg.
652 1894 857 1931 gratissim‹1;
881 1893 958 1932 quia
980 1894 988 1908 ‘
1008 1893 1144 1922 Gratia’
1162 1894 1407 1932 sequium—55
1428 1892 1466 1921 In
1485 1892 1546 1921 hoc
1562 1900 1661 1920 versu

196 1933 325 1975 aliquid
341 1934 460 1965 deesse
476 1937 586 1965 sensui
606 1936 750 1973 videtur,
775 1934 840 1975 quo
855 1935 1035 1964 discrimen
1055 1936 1063 1951 ‘
1084 1935 1231 1965 sitientis
1245 1935 1251 1946 '
1270 1940 1304 1965 et
1320 1938 1328 1950 ‘
1344 1934 1434 1974 pleni
1447 1933 1454 1945 ’
1482 1933 1587 1971 magis
1603 1931 1662 1964 fiat

195 1975 434 2007 manifestum:
461 1977 576 2008 sitiens
602 1978 688 2007 euim
717 1978 815 2008 avide
843 1977 969 2012 haurit,
996 1977 1115 2016 plenus
1145 1978 1198 2007 vix
1230 1977 1338 2016 tangit
1366 1976 1499 2015 pocula.
1547 1976 1662 2007 Quare

196 2019 343 2056 mallem,
367 2019 392 2048 si
410 2019 546 2050 codices
570 2019 782 2057 addicerent,
807 2020 866 2049 [lta
895 2019 971 2049 bibit
998 2019 1119 2055 sitiens,
1147 2020 1224 2049 libat
1251 2030 1317 2049 men
1342 2019 1448 2058 pocula
1473 2019 1599 2058 plenus:
1623 2021 1663 2048 ut

195 2062 302 2098 lector,
327 2061 377 2091 vel
405 2063 544 2101 populus,
569 2062 624 2102 qui
644 2062 829 2101 praecessit,
854 2061 1143 2101 subintelligatur.
1168 2062 1368 2093 Barim—50
1393 2061 1468 2091 Pol.
1494 2065 1529 2091 et
1556 2059 1661 2091 Barb.

195 2106 291 2134 nostr.
307 2103 422 2143 tepebit
438 2107 573 2143 (ιφ-57
602 2105 666 2135 Pro
681 2115 782 2135 serum
801 2110 869 2135 tres
892 2104 968 2134 libri
994 2106 1141 2140 turmam
1168 2114 1251 2134 unus
1278 2106 1498 2141 segnem—58
1524 2103 1564 2133 R.
1583 2103 1662 2142 quod

197 2155 262 2186 pro
278 2155 333 2176 me.
379 2146 466 2177 Tum
484 2146 524 2177 P.
541 2152 575 2177 et
601 2148 642 2180 V.
668 2151 747 2179 rust.
771 2147 926 2178 subrueret
951 2150 1084 2178 orn—59
1110 2148 1150 2177 V.
1170 2156 1264 2178 carm.
1282 2146 1445 2184 seci.--fil
1472 2146 1542 2176 Pro
1564 2144 1661 2183 refert

858 2221 996 2254 NOTAE

238 2292 280 2320 -16
302 2288 440 2329 Loetum]
473 2290 670 2331 Cujusmodi
699 2301 771 2322 esse
796 2290 901 2322 debet
957 2301 1078 2322 recens
1096 2296 1182 2331 erat,
1210 2291 1240 2322 in
1265 2291 1389 2331 potiori
1405 2290 1533 2321 fuerint
1550 2289 1664 2320 condi·

199 2340 418 2381 triumphale.
958 2343 1063 2372 tione.
1118 2342 1193 2373 Qua
1224 2352 1265 2372 ex
1299 2352 1334 2372 re
1365 2342 1428 2372 sibi
1460 2339 1660 2379 ignoscendi

241 2390 343 2432 Lyra]
380 2392 450 2423 Pro
479 2392 619 2433 ingenio
645 2397 702 2424 aut
728 2392 902 2424 scribendi
956 2401 1075 2422 novam
1094 2393 1258 2422 rationem
1278 2392 1364 2431 petit
1384 2392 1487 2422 Naso.

200 2445 275 2471 arte
290 2441 413 2481 posuit.
1000 2446 1039 2472 55
1068 2441 1139 2480 Illa]
1165 2441 1316 2471 Aliorum
1348 2440 1504 2479 poemata
1530 2437 1659 2477 poculis

240 2491 280 2519 47
301 2489 414 2531 Tanto]
427 2491 607 2531 Tempore,
621 2492 759 2533 supple:
787 2501 900 2532 quem·
957 2502 1032 2532 quae
1061 2491 1217 2521 sitientes
1233 2489 1328 2520 avide
1356 2489 1540 2528 corripiant
1573 2496 1660 2518 com-

200 2538 379 2570 admodum
434 2541 442 2557 ‘
480 2542 581 2582 longo
622 2547 700 2582 post
736 2540 900 2582 tempore’
957 2546 1066 2582 parat.

200 2587 288 2619 dixit
303 2588 480 2627 Virgilius.
998 2594 1039 2621 56
1072 2588 1225 2629 Tepescit]
1260 2589 1429 2619 Nauseani
1458 2596 1538 2617 vero
1563 2590 1659 2618 creat

244 2642 284 2670 51
318 2639 465 2680 Not-itas]
499 2640 546 2671 Ut
575 2642 630 2681 qui
661 2642 758 2681 primi
788 2643 901 2683 po'etae
956 2639 1186 2680 aquatepida,
1203 2639 1255 2668 cui
1274 2644 1393 2679 argute
1410 2647 1544 2670 carmen
1561 2647 1658 2669 suum

200 2689 544 2731 'l'iberiitriumphum
557 2689 812 2733 descripserint,
822 2692 901 2723 dum
956 2690 1062 2722 simile
1079 2688 1161 2720 facit
1180 2688 1297 2720 Poeta.
