1877 3193
513 155 667 188 Erisr.
701 156 767 186 Ex
801 155 958 187 ΡοΝΤο
990 154 1087 186 mn.
1117 154 1193 185 ιιι.
1222 143 1264 186 2.
1496 146 1610 189 2639

166 250 298 292 Forte
317 262 451 291 senex
473 250 664 303 quidam,
686 253 804 291 coetu
825 264 923 291 cum
943 252 1077 291 staret
1096 250 1142 290 in
1156 249 1250 298 illo,

220 317 434 359 Reddidit
454 317 509 357 ad
531 322 700 358 nostros
717 319 821 358 talia
841 319 975 359 verba
995 330 1125 358 sonos
1143 330 1153 358 :

162 383 264 426 'Nos
284 397 458 438 quoque
480 386 683 426 amicitiae
706 398 864 426 nomen
885 387 995 425 bene
1015 386 1232 439 novimus,
1252 382 1432 440 hospes,

221 450 346 502 Quos
368 452 518 505 procul
538 465 564 491 a
582 452 706 492 vobis
726 451 908 502 frigidus
928 450 1036 490 Ister
1054 450 1197 491 habet,

163 516 244 559 Est
257 519 384 559 locus
405 518 449 557 in
467 518 658 570 Scythia,
675 517 865 566 (Tauros
886 516 1037 557 dixere
1057 517 1261 569 priores‚)
1555 518 1613 560 45

220 584 311 635 Qui
332 583 493 625 Getica
513 584 638 634 longe
657 595 744 623 non
765 583 830 623 ita
847 582 981 624 distat
1000 583 1148 626 humo.

163 651 268 694 Hac
287 664 367 703 ego
389 663 482 690 sum
503 656 612 689 terra
631 650 805 702 (patriae
827 663 908 690 nec
929 652 1130 703 poenitet)
1152 656 1286 695 ortus.

220 718 479 759 Consortem
502 716 663 758 Phoebi
682 731 785 770 gens
807 718 911 759 colit
928 718 1004 758 illa
1028 719 1185 762 Deam.

161 784 349 838 Templa
367 788 540 825 manent
558 785 701 834 hodie,
721 786 860 826 vastis
879 785 1033 826 innixa
1052 786 1290 830 columnis:

218 852 391 905 Perque
412 857 566 905 quater
585 852 722 893 denos
740 852 827 894 itur
847 853 891 892 in
910 852 992 893 illa
1011 854 1185 906 gradus.
1555 858 1612 899 50

164 919 303 961 Fama
320 920 462 967 refert,
485 919 573 959 illic
596 919 764 971 signum
786 920 966 960 coeleste
983 920 1136 961 fuisse.

222 986 408 1039 Quoque
424 987 569 1025 minus
593 986 783 1035 dubites,
807 990 892 1027 stat
910 987 1031 1027 basis
1053 988 1158 1028 orba
1177 987 1290 1032 Dea.

162 1051 353 1105 Araque,
376 1066 473 1106 quae
494 1053 633 1093 suerat
654 1059 811 1093 natura
830 1054 1021 1094 candida
1041 1055 1157 1104 saxi,

221 1120 413 1160 Decolor
433 1119 571 1160 affuso
593 1121 730 1160 tincta
747 1133 898 1160 cruore
918 1121 1057 1161 rubet.

161 1261 241 1301 loqui
260 1260 370 1292 Getice
382 1265 411 1292 et
428 1260 635 1299 Sarnmtice,)
646 1271 714 1291 cum
721 1260 807 1297 forte
828 1270 924 1290 senex
942 1260 1066 1300 quidam
1078 1263 1156 1291 esset
1172 1260 1205 1290 z'n
1219 1260 1273 1290 illa
1286 1259 1390 1298 turba,
1406 1260 1529 1301 excepit
1544 1271 1612 1293 nos-

161 1306 241 1333 tram
266 1304 434 1333 orationem
455 1303 627 1341 hujusmodi
650 1303 827 1333 narratione
840 1313 850 1332 :
877 1302 942 1332 Nos
953 1303 1059 1340 etiam,
1069 1303 1245 1341 peregrine,
1257 1312 1329 1342 quos
1343 1302 1489 1342 frigidus
1501 1304 1613 1335 Danu-

161 1345 226 1375 bius
241 1348 322 1376 tenet
338 1345 428 1384 lunge
443 1355 460 1375 a
483 1345 578 1384 robis,
602 1345 739 1375 novimus
754 1345 826 1374 bene
840 1354 948 1375 nomen
961 1345 1118 1375 amicitioe.
1164 1346 1221 1375 Est
1239 1346 1319 1375 locus
1334 1346 1367 1375 in
1383 1345 1526 1387 Scythia,
1539 1348 1614 1387 (ve-

160 1390 240 1418 teres
251 1388 483 1427 appellaceraut
498 1388 645 1427 Tauros,)
660 1387 712 1428 qui
727 1397 787 1417 non
801 1388 848 1418 ita
860 1388 966 1427 procul
978 1388 1106 1418 dissitus
1116 1391 1161 1418 est
1173 1398 1192 1418 α
1203 1391 1288 1418 terra
1305 1387 1429 1420 Getica.
1461 1389 1532 1428 Ego
1544 1399 1612 1420 sum

159 1433 245 1460 ortus
271 1430 325 1460 illa
351 1433 435 1461 terra
448 1441 460 1467 ‚·
486 1440 580 1469 neque
606 1440 658 1460 me
685 1431 771 1469 piget
794 1430 918 1468 patrioe.
964 1430 1025 1460 lua
1049 1431 1134 1460 natio
1157 1431 1266 1460 adorat
1289 1439 1423 1461 sororem
1448 1431 1613 1471 Apollinis-

164 1471 287 1512 Templa
300 1476 385 1503 stant
400 1473 488 1503 hodie
502 1472 647 1512 imposita
673 1472 820 1502 columnis
843 1471 1034 1510 ingentibus,
1049 1474 1078 1501 et
1094 1472 1270 1502 ascenditur
1289 1472 1322 1501 in
1337 1473 1392 1502 illa
1409 1482 1465 1512 per
1480 1475 1612 1512 quadra-

157 1514 247 1551 ginta
256 1516 385 1554 gradus.
433 1516 529 1545 Fama
549 1514 701 1553 proedicat
717 1514 780 1543 illic
788 1512 891 1549 faisse
905 1516 1044 1543 statuam
1057 1514 1205 1543 coelestem
1218 1523 1229 1549 ,·
1249 1516 1280 1543 et
1295 1523 1352 1552 quo
1367 1514 1466 1544 minas
1480 1515 1613 1555 diffidas,

161 1556 241 1587 basis
254 1560 352 1587 restat
365 1557 518 1587 destituta
534 1557 616 1586 Dea.
661 1556 763 1594 Atque
778 1555 887 1592 altare,
901 1555 980 1594 quod
995 1554 1106 1592 fuerat
1120 1555 1221 1585 album
1243 1558 1357 1586 natura
1371 1558 1544 1598 marmoris,
1560 1558 1612 1589 de-

769 1649 807 1660 N
809 1648 1007 1661 eeeeeeeeee

162 1714 404 1754 Sauromateque
420 1715 563 1754 low—44
586 1713 627 1745 Τὸ
641 1716 723 1746 alter
749 1718 780 1746 et
799 1715 881 1746 orbis
896 1715 986 1746 habet
1002 1718 1075 1746 erat
1092 1714 1250 1746 omissum
1266 1715 1297 1745 in
1314 1715 1526 1747 Sarraviano.
1549 1714 1614 1746 Ar-

162 1761 255 1796 gent.
268 1756 396 1788 Twisd.
412 1756 577 1787 Arundel.
605 1762 640 1788 et
657 1762 800 1798 quatuor
814 1758 883 1798 alii,
903 1758 1028 1789 ultimus
1049 1758 1132 1788 orbis
1153 1758 1256 1789 habet.
1300 1758 1469 1798 Scaligeri
1490 1757 1612 1799 codex,

163 1800 292 1830 Geticus
305 1799 410 1835 orbis,·
432 1799 604 1830 mendose.
635 1800 740 1831 Polit.
757 1805 791 1831 et
806 1805 883 1832 octo
900 1801 967 1840 alii,
981 1800 1123 1840 frigidus
1143 1801 1225 1831 Ister
1240 1800 1346 1831 habet.-
1372 1800 1613 1840 treS,srigidus

161 1841 261 1873 orbis:
283 1842 437 1881 totidem,
452 1841 596 1881 frigidus
612 1842 699 1873 axis:
724 1844 832 1881 multi,
853 1843 968 1874 dividit
982 1843 1065 1874 Ister
1078 1844 1182 1883 aquis.-
1205 1843 1363 1883 quinque,
1380 1843 1511 1873 barbara
1526 1846 1613 1874 terra

160 1886 263 1915 tenet.-
288 1884 386 1924 prim.
405 1884 594 1923 Mediceus,
610 1885 730 1916 Pontus
745 1889 774 1915 et
791 1886 873 1916 Ister
889 1886 989 1916 habet.
1012 1887 1128 1925 Forte,
1145 1886 1292 1915 Ponticus
1308 1886 1409 1916 Ister.-
1433 1884 1482 1916 sic
1498 1886 1506 1902 ‘
1523 1884 1614 1916 Pon-

161 1926 248 1957 ticus
263 1927 396 1958 Castor’
421 1927 541 1967 Elegia
557 1927 598 1957 de
615 1927 725 1958 Nuce.
770 1927 858 1957 Vide
875 1927 983 1959 Notas
1000 1937 1101 1967 supra
1127 1927 1227 1968 [Not.
1242 1927 1339 1967 Van]
1363 1927 1418 1957 lib.
1435 1935 1474 1957 11.
1502 1926 1554 1958 El.
1581 1929 1614 1958 9.

161 1976 210 1998 vs.
225 1971 278 1999 67.
303 1969 415 2000 Heius.
459 1969 555 1999 Unus
571 1969 656 2000 liber
673 1979 747 2000 cum
762 1970 827 2000 Ms.
844 1970 974 2000 Bersm.
990 1971 1089 2000 altera
1103 1973 1188 2000 terra
1203 1972 1384 2000 Νικὼ-46
1408 1970 1448 2001 Ρ.
1464 1969 1536 2000 bene
1549 1978 1611 2009 pro

161 2010 304 2041 ita-49
327 2011 421 2042 Unus
444 2011 533 2042 liber
554 2015 632 2043 vast.
656 2011 787 2042 subnixa
807 2013 950 2043 col.—52
974 2012 1093 2043 Heins.
1117 2012 1232 2043 mallet
1252 2011 1318 2042 orb.
1341 2013 1518 2043 Dece—53
1541 2011 1612 2043 Pro

161 2056 274 2083 natura
299 2052 419 2085 Heins.
459 2054 577 2085 mallet
609 2054 807 2086 nativa-54
838 2055 879 2086 P.
908 2055 1052 2103 Discolor
1078 2054 1170 2096 affus.
1213 2054 1316 2085 Multi
1346 2054 1464 2096 scripti
1493 2052 1612 2095 effuso,-

817 2165 957 2198 NOTAE

205 2247 247 2276 38
273 2244 376 2285 Tales]
404 2246 485 2276 Tam
500 2244 598 2276 fidos.
914 2245 1079 2286 spexerit.

204 2298 245 2327 43
265 2293 399 2335 Hospes]
423 2294 478 2325 Ad
489 2294 661 2325 Nasonem
674 2294 860 2326 orationem
956 2297 997 2326 47
1022 2293 1159 2334 Patrioe]
1185 2292 1327 2333 Optime
1340 2302 1440 2332 sane;
1463 2302 1610 2335 namque

164 2353 257 2375 suam
275 2344 442 2385 dirigebat
457 2344 510 2375 hic
525 2353 629 2375 senex
645 2344 748 2376 Geta.
914 2349 950 2378 et
965 2346 1055 2377 ranis
1073 2356 1133 2376 sua
1146 2346 1283 2386 placent
1299 2349 1429 2385 stagna.

206 2397 246 2426 45
271 2394 331 2425 Est
345 2393 441 2433 locus]
476 2394 688 2435 Principium
709 2398 765 2426 est
787 2403 862 2425 nar·
962 2399 1004 2428 48
1036 2395 1230 2435 Censor-tem]
1277 2395 1434 2431 Dianam,
1465 2392 1611 2434 scilicet,

165 2444 303 2476 rationis
318 2445 466 2486 Scythae.
914 2447 1035 2479 Plioebi
1053 2456 1111 2477 seu
1129 2446 1294 2485 Apollinis
1308 2453 1469 2475 sororem.

210 2493 339 2535 Tauros]
372 2494 413 2525 In
429 2495 639 2527 Chersoneso
654 2496 804 2528 Taurica
818 2497 861 2528 ad
955 2501 995 2528 51
1021 2495 1166 2535 Signum]
1197 2496 1280 2525 Dea:
1297 2499 1421 2531 statua,
1436 2492 1580 2525 scilicet.

166 2543 323 2584 paludem
338 2544 504 2583 Maeotim,
519 2547 617 2585 paulo
633 2547 724 2577 ultra
739 2547 860 2586 Getas,
957 2549 998 2576 52
1024 2545 1123 2585 Orba]
1146 2545 1232 2576 Quia
1248 2546 1356 2574 Deam
1380 2543 1523 2574 Orestes
1541 2552 1609 2574 una

168 2593 209 2625 ad
225 2592 506 2632 Septemtrionem
530 2594 630 2626 fuisse
645 2595 805 2627 famosam
823 2597 860 2627 il·
913 2606 988 2628 cuin
1000 2594 1177 2635 Iphigenia
1189 2602 1306 2624 sorore
1314 2592 1446 2633 fugiens
1455 2592 1608 2626 abstulit.

166 2644 232 2674 lam
244 2642 366 2673 Dianae
379 2651 484 2681 aram,
494 2642 536 2673 de
548 2653 614 2683 qua
625 2654 702 2676 mox
713 2647 860 2685 dicetur,
955 2650 995 2678 54
1018 2644 1164 2685 Decolor]
1192 2644 1318 2676 Nativo
1341 2644 1486 2677 candore
1509 2643 1609 2677 desti-

168 2692 279 2725 nullus
293 2692 405 2724 nescit
421 2691 478 2734 qui
492 2692 636 2734 aliquem
651 2694 796 2728 poetam
812 2697 861 2728 in·
913 2700 1000 2728 tuta.
