1877 3193
218 172 331 214 2614
710 183 751 211 P.
785 181 939 211 ovum
976 179 1187 210 NAsouis

223 278 350 320 Neve
372 278 454 319 sub
475 277 558 318 hoc
581 280 721 319 tractu
742 278 864 317 vates
888 274 1002 316 foret
1021 274 1176 315 unicus
1197 272 1411 327 Orpheus,

277 345 475 386 Bistonis
502 344 671 398 ingenio
690 347 806 384 terra
826 342 1013 396 superba
1033 345 1108 382 tuo
1129 344 1213 381 est.

221 411 366 465 thue
384 412 463 452 tibi
483 415 548 453 est
568 411 753 460 animus,
775 422 872 450 cum
893 421 961 450 res
982 408 1045 449 ita
1065 407 1276 461 postulat,
1299 419 1420 448 arma
1613 407 1671 448 55

278 479 471 528 Sumere,
499 481 542 518 et
560 477 711 518 hostili
732 476 895 529 tingere
915 475 1038 516 caede
1058 487 1236 515 manum
1253 486 1265 525 3

219 544 382 598 Atque,
403 549 452 585 ut
471 557 535 594 es,
555 556 740 585 excusso
754 543 954 598 jaculum
973 545 1176 594 torquere
1196 542 1377 591 lacerto,

278 611 489 666 Collaque
508 611 674 652 velocis
692 611 864 651 flectere
885 609 1038 650 doctus
1059 609 1159 662 equi
1177 621 1188 659 3

221 678 442 731 Tempora
462 679 526 718 sic
546 677 653 717 data
672 679 772 715 sunt
790 675 950 715 studiis
969 675 1045 715 ubi
1065 675 1185 728 justa
1205 675 1414 728 paternis,

279 744 429 797 thue
449 744 539 784 suis
560 741 748 783 humeris
769 740 879 780 forte
896 741 1063 792 quievit
1083 753 1195 793 opus
1214 754 1226 792 3
1615 740 1672 780 60

222 812 293 852 Ne
313 815 389 852 tua
409 813 683 851 marcescant
701 820 779 861 per
798 807 957 846 inertes
979 807 1066 847 otia
1087 819 1279 857 somnos,

278 879 445 919 Lucida
467 878 614 918 Pieria
633 876 771 916 tendis
789 875 832 915 in
854 878 970 916 astra
991 874 1078 915 via.

223 945 339 985 Haec
360 957 538 997 quoque
559 956 626 984 res
648 942 816 996 aliquid
837 946 981 983 tecum
1000 941 1107 982 mihi
1127 941 1305 983 foederis
1326 943 1448 984 affert
1465 956 1473 982 :

278 1011 489 1065 Ejusdem
509 1011 623 1051 sacri
644 1010 788 1051 cultor
808 1013 988 1063 uterque
1009 1021 1177 1050 sumus.

219 1077 292 1119 Ad
312 1082 457 1119 vatem
478 1081 603 1120 vates
622 1079 790 1119 orantia
809 1077 992 1119 brachia
1011 1076 1162 1126 tendo,
1616 1074 1674 1116 65

277 1145 413 1185 Terra
433 1146 490 1186 sit
508 1146 655 1186 exiliis
674 1150 722 1186 ut
740 1150 816 1186 tua
834 1145 924 1186 fida
939 1146 1063 1186 meis.

223 1212 330 1253 Non
348 1225 429 1263 ego
451 1212 574 1253 caede
593 1225 756 1253 nocens
778 1213 823 1253 in
843 1213 1027 1254 Pontica
1046 1213 1191 1254 littora
1206 1211 1304 1252 veni
1322 1225 1333 1261 3

279 1278 480 1319 Mixtave
501 1284 602 1319 sunt
621 1283 771 1320 nostra
792 1280 885 1320 dira
905 1292 1071 1320 venena
1090 1292 1220 1319 manu
1238 1292 1247 1318 :

220 1418 330 1449 unicus
345 1418 444 1449 Poe'ta
457 1419 513 1449 sub
527 1419 583 1449 hac
596 1420 703 1458 plaga,
717 1421 807 1450 tellus
826 1420 970 1451 Bistonis
982 1430 1045 1451 sese
1059 1419 1149 1460 effert
1166 1422 1218 1449 tuo
1232 1418 1367 1457 ingenio.
1416 1418 1517 1458 thue
1528 1427 1675 1458 properas

221 1470 308 1491 arma
323 1470 442 1499 capere,
457 1464 486 1490 et
499 1460 626 1501 inficere
641 1471 765 1491 manum
779 1472 850 1492 nece
864 1463 982 1501 hostili,
997 1472 1065 1492 cum
1078 1472 1129 1492 res
1143 1462 1191 1491 ita
1206 1462 1312 1491 suadet
1324 1471 1336 1497 ‚·
1358 1464 1448 1501 atque
1462 1464 1497 1491 ut
1510 1471 1542 1491 es
1554 1461 1674 1500 peritus

222 1503 347 1533 mittere
353 1502 493 1539 jaculum
508 1502 632 1532 brachio
655 1503 796 1542 impulso,
811 1507 841 1534 et
857 1507 998 1543 torquere
1014 1504 1091 1533 colla
1106 1503 1174 1542 equi
1187 1502 1322 1541 pernicis
1335 1513 1345 1538 ;
1366 1504 1410 1533 sic
1423 1506 1585 1542 postquam
1599 1506 1674 1534 tem-

218 1555 295 1585 pora
298 1544 389 1582 Justa
403 1545 478 1574 data
491 1547 563 1574 sunt
578 1544 689 1574 studiis
701 1545 854 1584 paternis,
867 1549 897 1576 et
912 1555 980 1576 cum
995 1554 1070 1585 opus
1082 1554 1224 1584 asperum
1237 1544 1303 1574 suis
1316 1545 1449 1575 humeris
1463 1545 1676 1576 intermissum

221 1590 280 1626 est,
294 1596 331 1617 ne
346 1589 400 1617 tua
415 1586 480 1617 otiu
504 1587 702 1626 languescant
723 1598 778 1627 per
803 1588 909 1628 pigros
927 1597 1056 1627 somnos,
1070 1588 1150 1627 petis
1164 1587 1269 1617 coelum
1284 1587 1474 1626 splendidum
1488 1586 1539 1616 via
1556 1587 1675 1619 Pieria.

226 1630 275 1659 Ea
288 1639 338 1659 res
352 1629 447 1659 etiam
455 1629 540 1666 facit
554 1629 631 1660 mihi
654 1630 772 1670 aliquid
778 1630 909 1668 soeclerz's
924 1634 1042 1661 tecum:
1063 1639 1166 1660 sumus
1181 1629 1268 1659 ambo
1290 1629 1420 1660 cultores
1435 1629 1568 1666 ejusdem
1582 1630 1675 1660 sacri.

223 1672 297 1711 Ego
313 1671 413 1701 Po'e'ta
424 1673 553 1711 porrigo
565 1671 690 1702 brachia
702 1673 862 1712 precantia
876 1674 916 1703 ad
941 1672 1071 1703 Paetum
1083 1682 1094 1708 ‚·
1115 1675 1149 1702 ut
1173 1675 1228 1702 tua
1242 1674 1329 1702 terra
1347 1672 1390 1702 sit
1406 1675 1475 1702 tnta
1490 1680 1565 1702 meae
1572 1670 1674 1709 fuga:-

206 1740 208 1743 .
222 1714 295 1753 Ego
310 1723 371 1744 non
385 1714 498 1744 accessi
511 1714 662 1745 homicida
673 1715 706 1745 in
718 1725 786 1746 oras
802 1716 960 1756 Ponticas,
975 1719 1028 1746 aut
1036 1714 1110 1752 sera
1125 1714 1230 1745 toxica
1244 1718 1318 1745 sunt
1333 1714 1424 1744 mista
1440 1724 1532 1744 manu
1547 1717 1674 1744 nostra:

834 1798 1068 1809 eeeeeeeeeeee

224 1853 265 1881 54
290 1850 355 1881 Ms.
383 1850 514 1882 Bersm.
540 1861 594 1881 suo
619 1861 680 1891 pro
706 1854 854 1883 tum—55
887 1850 983 1882 Leid.
1005 1861 1055 1881 res
1081 1852 1268 1891 expostulat,
1293 1852 1455 1881 arm—57
1479 1848 1546 1880 Alii
1576 1850 1676 1889 thue

224 1896 270 1924 est
295 1902 360 1923 exc.
377 1898 412 1923 et
428 1893 495 1925 Ms.
512 1894 643 1924 Bersm.
659 1894 759 1934 Atque
774 1897 807 1924 ut
823 1895 855 1924 z'n
877 1896 1029 1925 exa—59
1052 1894 1130 1924 Duo
1146 1898 1230 1924 vett.
1247 1896 1281 1924 ut
1308 1903 1370 1933 pro
1385 1892 1534 1923 ulna—60
1559 1892 1674 1923 Heius.

225 1945 312 1966 corr.
340 1936 441 1975 thue
468 1945 509 1966 ex
535 1940 619 1966 vett.
636 1942 802 1977 quamor3
827 1941 862 1967 et
876 1936 941 1966 suis
958 1946 999 1966 ex
1017 1936 1074 1968 Sa.
1101 1935 1186 1975 Arg.
1203 1940 1238 1966 et
1251 1936 1366 1966 Comb.
1393 1934 1569 1973 legebatur
1587 1935 1675 1973 vulg.

225 1978 328 2017 Atque
350 1978 432 2008 tuis:
455 1978 543 2018 conj.
559 1979 663 2009 etiam
685 1981 784 2019 Atque
800 1980 854 2010 vel
886 1980 988 2019 thue
1012 1979 1076 2009 suis
1104 1979 1250 2009 numeris.
1296 1977 1427 2008 Auctor
1443 1977 1554 2008 Elect.
1572 1977 1676 2007 Eton-

224 2020 316 2060 conj.
335 2021 422 2060 Aque
438 2021 503 2051 suis
516 2021 652 2052 humeris
667 2032 676 2052 .·
698 2022 813 2052 Burm.
829 2031 910 2052 vero
927 2020 1069 2062 praefert
1086 2021 1205 2051 Heius.
1221 2019 1503 2051 emendationem.
1549 2019 1588 2049 In
1606 2019 1677 2058 qui-

226 2062 367 2092 busdam
385 2067 470 2094 vett.
487 2073 619 2104 quoque
635 2064 732 2104 quiev.
748 2067 916 2095 onus.—-6l
943 2064 1072 2094 Tlman.
1088 2066 1225 2103 tempora
1242 2072 1302 2102 pro
1319 2063 1477 2093 otia—62
1502 2062 1580 2092 Duo
1597 2061 1674 2091 libri

226 2104 335 2140 Ejusd.
349 2105 447 2135 studii
461 2106 621 2136 culc.—66
649 2106 739 2136 Editi
757 2111 791 2136 et
808 2106 926 2146 scripti
943 2106 1077 2147 quidam
1098 2107 1139 2136 sit
1155 2106 1285 2136 auxiliis
1307 2108 1354 2136 ut.
1390 2105 1473 2134 Mox
1490 2113 1575 2134 unius
1591 2103 1675 2134 Cod-

226 2147 296 2175 tuta
313 2146 548 2186 profida.—-·67
573 2148 710 2178 Pontica
726 2158 787 2188 pro
811 2150 899 2188 vulg.
916 2149 1013 2179 Ponti
1028 2148 1149 2179 Heins.
1171 2148 1267 2179 dedit
1288 2157 1331 2177 ex
1346 2147 1420 2177 Pol.
1436 2156 1502 2177 uno
1526 2147 1624 2176 Voss.
1641 2149 1674 2176 et

882 2251 1018 2283 NOTAE

269 2324 309 2353 53
334 2321 419 2362 Hoc]
449 2321 607 2361 Thracio,
623 2322 766 2361 scilicet,
781 2322 839 2353 ubi
858 2323 920 2354 Or·
979 2329 1069 2355 runt.

226 2372 332 2412 pheus
355 2372 447 2410 olim,
464 2371 565 2412 poeta
584 2376 619 2402 et
642 2372 857 2412 philosophus
874 2372 922 2402 in-
1018 2376 1060 2404 62
1084 2373 1206 2413 Pieria]
1238 2373 1267 2404 A
1284 2372 1391 2403 Musis
1404 2372 1574 2410 instituta3
1599 2382 1673 2412 quae

225 2421 341 2461 signis,
358 2420 463 2460 Cotys
480 2420 601 2451 deinde
619 2430 677 2451 rex
697 2421 863 2452 vixerunt.
976 2423 1100 2454 Pieriae
1118 2428 1151 2454 et
1168 2423 1321 2455 Pierides
1338 2424 1390 2453 vel
1408 2433 1426 2453 a
1443 2423 1544 2453 Piero
1560 2427 1673 2452 monte

270 2473 311 2501 54
344 2469 502 2509 Bistonis]
549 2470 702 2511 Thracia,
732 2482 750 2502 a
782 2472 922 2503 Bistone
976 2474 1029 2504 vel
1054 2483 1071 2503 a
1088 2473 1179 2504 Pieri
1207 2473 1294 2503 natis
1310 2472 1491 2513 virginibus
1515 2472 1549 2502 in
1572 2471 1674 2502 Picas

227 2525 347 2561 stagno
364 2521 411 2552 sic
425 2521 528 2552 dicta.
976 2523 1115 2553 mutatis
1129 2524 1325 2563 appellatae.

269 2575 309 2601 55
336 2572 412 2602 Cum
428 2571 490 2611 res]
524 2572 609 2602 Laus
627 2581 766 2602 summa.
1018 2575 1058 2603 63
1084 2573 1161 2603 Hctc
1178 2572 1241 2612 res]
1267 2572 1365 2605 Quod
1382 2572 1498 2603 Musas
1513 2572 1609 2604 colis.

269 2623 311 2650 00
329 2620 490 2661 Humeris]
507 2621 579 2652 Nisi
592 2621 644 2653 hic
657 2622 741 2653 latet
754 2622 923 2660 mendum,
1019 2626 1058 2654 04
1083 2623 1189 2662 Sacri]
1220 2622 1386 2663 Apollinis
1404 2631 1548 2663 namque
1564 2630 1673 2654 sacer-

225 2669 234 2685 ‘
249 2669 299 2700 sui
336 2671 474 2702 humeri’
500 2672 659 2703 dicuntur
681 2673 737 2714 qui
762 2683 844 2714 opus
866 2678 921 2704 aut
978 2673 1074 2705 dotes
1091 2674 1212 2714 poetar,
1229 2673 1378 2714 itemque
1393 2673 1576 2704 Musarum.

229 2729 311 2750 onus
334 2730 428 2751 suum
450 2721 667 2754 absolverunt
693 2727 751 2753 aut
780 2724 923 2763 pertule-
