1863 3193
230 143 342 185 ‘2266
715 154 758 185 Ρ.
789 152 948 182 ovum
982 151 1196 182 NAsoms

230 246 304 287 Ah
323 246 456 295 ferus,
478 249 521 287 et
540 246 669 287 nobis
690 246 869 287 nimium
891 246 1121 288 crudeliter
1141 246 1295 297 hostis,

289 314 489 354 Delicias
509 314 612 366 legit
634 314 708 367 qui
728 314 807 354 tibi
828 326 1013 366 cumque
1034 314 1182 355 meas!

221 380 459 434 [Carmina
477 393 529 420 ne
549 381 705 421 nostris
727 380 790 421 sic
809 386 850 421 te
873 381 1121 421 venerantia
1139 381 1263 421 libris

287 447 465 488 Judicio
487 448 657 499 possint
678 446 931 487 candidiore
951 445 1071 497 legi]
1627 445 1683 487 80

233 515 343 556 Esse
363 514 436 554 sed
460 515 570 554 irato
592 514 687 567 quis
710 517 752 554 te
771 514 876 554 mihi
898 518 1052 567 posset
1071 513 1271 570 amicus?

287 581 381 622 Vix
402 585 502 621 tunc
524 581 622 632 ipse
642 580 745 620 mihi
765 593 851 620 non
871 581 1072 621 inimicus
1094 593 1225 620 eram.

234 647 345 688 Cum
367 648 505 700 coepit
526 651 740 700 quassata
760 647 916 693 domus
938 647 1192 699 subsidere3
1223 649 1369 699 partes

289 714 343 755 In
363 714 630 767 proclinatas
653 726 779 754 omne
800 714 1011 754 recumbit
1032 726 1168 754 onus:

234 781 493 834 Cunctaque
517 780 707 821 Fortuna
728 780 882 821 rimam
902 781 1088 822 faciente
1111 780 1351 820 dehiscunt.
1629 780 1687 822 85

290 848 398 901 Ipsa
418 860 496 887 suo
517 847 739 898 quondam
760 848 951 899 pondere
968 851 1084 887 tecta
1103 849 1245 886 ruunt.

232 966 374 1004 crudelis,
397 968 426 996 et
446 965 574 995 nimium
590 964 752 995 inhumane
766 964 855 995 nobis
870 965 979 1006 hostis,
1004 965 1140 1005 quisquis
1155 964 1231 1004 legit
1245 964 1304 995 tibi
1318 967 1441 995 nostros
1455 963 1612 996 Amores!
1634 965 1686 996 Ne

233 1010 369 1039 carmina
383 1009 426 1038 sic
442 1011 471 1038 te
497 1007 669 1037 reverentia
695 1008 810 1038 nostris
835 1007 923 1038 libris
946 1009 1062 1048 possint
1086 1008 1147 1047 legi
1163 1007 1285 1045 judicio
1298 1007 1442 1047 oequiore.
1491 1007 1603 1038 Verum
1618 1008 1687 1047 quis

230 1054 333 1091 posset
347 1051 424 1081 mihi
440 1059 502 1079 esse
522 1049 648 1087 amicus,
663 1053 694 1079 te
710 1048 855 1086 infenso?
904 1051 970 1081 Vix
985 1061 1040 1090 ego
1053 1060 1113 1080 non
1129 1060 1212 1081 eram
1229 1053 1302 1080 tunc
1317 1049 1395 1079 mihi
1408 1049 1560 1080 inimicus.
1607 1050 1688 1080 Cum

233 1095 338 1123 domus
352 1091 481 1132 impulsa
496 1092 585 1130 coepit
600 1091 758 1129 inclinari,
783 1095 880 1121 totum
894 1095 1010 1132 pondus
1032 1093 1115 1122 cadit
1139 1093 1172 1122 in
1194 1095 1299 1132 partes
1312 1091 1518 1122 subsidentes:
1541 1094 1571 1122 et
1586 1093 1688 1123 omnia

234 1135 444 1166 dissolvuntur
461 1134 594 1170 fortuna
609 1133 764 1173 aperiente
779 1134 900 1164 rimam.
945 1135 1018 1174 Ipsa
1032 1138 1114 1164 tecta
1129 1135 1201 1164 olim
1216 1136 1329 1164 cadunt
1342 1144 1398 1165 sua
1413 1135 1502 1165 mole.
1545 1135 1689 1175 Adeoque

841 1215 1073 1226 eeeeeeeeeeee

236 1272 318 1302 thur.
334 1271 425 1301 odore
443 1271 575 1301 D.—77
601 1271 689 1301 Mm.
705 1271 856 1301 crudelior
871 1279 984 1300 omnes
1010 1269 1082 1301 sere
1097 1270 1229 1310 scripti,
1253 1274 1288 1301 et
1311 1270 1395 1302 editi
1412 1270 1562 1301 nonnulli
1585 1271 1661 1302 olim
1677 1281 1686 1310 ;

239 1313 329 1354 quod
346 1313 502 1344 defendit
519 1314 637 1343 Barth.
657 1313 698 1343 ad
713 1314 801 1344 Stat.
815 1313 921 1343 Theb.
938 1322 986 1344 w.
1003 1315 1055 1343 74.
1069 1319 1107 1344 ut
1124 1313 1167 1343 sit
1184 1314 1309 1343 dictum
1325 1323 1387 1353 pro
1402 1314 1530 1344 nimium
1544 1314 1685 1344 crudelis.

237 1355 296 1387 sed
314 1356 347 1386 in
365 1355 577 1386 Adversariis
595 1364 651 1386 XL.
668 1360 698 1386 5.
728 1356 759 1386 in
775 1355 903 1385 nimium
920 1356 1092 1395 proprium
1122 1356 1183 1386 viri
1200 1365 1320 1386 nomen
1345 1356 1450 1386 latere
1467 1355 1598 1386 credit:
1624 1365 1686 1396 ego

235 1398 316 1429 nihil
333 1402 439 1429 muto.
470 1398 523 1428 Ita
541 1408 617 1428 mox
634 1407 668 1428 v.
686 1401 756 1429 117.
785 1398 943 1428 ‘nimium
960 1398 1160 1438 juveniliter
1175 1398 1193 1436 ;’
1219 1404 1254 1429 et
1271 1398 1360 1429 alibi.
1383 1399 1583 1429 Barim-79
1606 1399 1687 1429 Plu-

237 1441 311 1470 rimi
328 1445 492 1479 veterum,
507 1451 563 1481 quo
579 1444 608 1470 te
623 1441 813 1478 venerantia,
831 1441 883 1470 vel
899 1450 978 1480 quse,
995 1442 1046 1470 vel
1063 1451 1187 1481 quoque.
1232 1441 1300 1472 Sed
1316 1441 1482 1480 meliores,
1493 1451 1569 1480 quoe.
1593 1441 1688 1472 Nou-

236 1483 318 1513 nulli
341 1484 441 1513 etlam
463 1493 522 1522 pro
548 1493 597 1521 ne,
612 1493 690 1513 ηιιιιο
707 1488 907 1522 agnoscunt,
924 1488 959 1513 et
975 1484 1130 1523 sequenti
1148 1493 1257 1522 versu,
1275 1483 1394 1514 Indicio
1411 1493 1472 1523 pro
1490 1483 1629 1520 judicio.-
1653 1488 1689 1515 et

233 1528 358 1563 possunt
377 1535 437 1564 pro
454 1526 582 1564 possint.
626 1525 693 1556 Sed
711 1535 776 1566 quo
793 1530 827 1556 te
847 1531 971 1563 vertaS‚
985 1527 1094 1556 onmia
1110 1526 1316 1556 subobscura
1332 1532 1420 1556 sunt.
1445 1526 1558 1558 Quare
1572 1530 1607 1556 et
1622 1527 1686 1557 hoc

238 1567 402 1598 distichon
420 1567 507 1597 inter
529 1568 642 1606 spuria
671 1572 875 1598 numeretur.
901 1568 1010 1598 Heius.
1058 1569 1201 1598 Pronior
1220 1568 1381 1598 Heinsius
1398 1567 1508 1599 fuitin
1535 1568 1690 1599 delendis

238 1609 400 1647 versibus,
423 1610 477 1649 qui
496 1609 737 1640 offendebant:
763 1619 824 1649 ego
852 1610 1074 1650 refingerem:
1102 1611 1251 1641 Carmina
1275 1612 1312 1641 de
1334 1611 1447 1641 nostris
1465 1621 1580 1650 quoque
1603 1614 1634 1641 te
1659 1621 1687 1641 v.

237 1651 260 1680 l.
285 1650 403 1680 Indicio
415 1655 536 1690 possent
549 1662 574 1681 c.
591 1653 610 1682 l.
637 1652 762 1691 Quoque
791 1656 843 1683 est
860 1652 893 1682 in
916 1653 1023 1692 prium
1052 1653 1201 1684 editione
1218 1659 1253 1684 et
1271 1653 1377 1683 tribus
1395 1653 1542 1693 scriptis,
1564 1657 1600 1683 et
1616 1653 1690 1692 plu-

239 1691 313 1722 rimi
338 1704 395 1732 quo
421 1697 450 1722 te
473 1694 606 1723 habent.
652 1694 772 1724 Indicio
796 1703 911 1724 omnes
933 1694 1002 1724 fere
1030 1695 1166 1726 liabent.
1212 1696 1333 1726 Sensus
1357 1700 1469 1726 autem
1496 1700 1560 1732 est,
1581 1695 1687 1726 Ferus

238 1734 311 1773 ine,
336 1735 391 1775 qui
411 1735 472 1765 tibi
497 1736 581 1774 leg-it
608 1736 710 1766 libros
727 1737 808 1766 artis
826 1737 1012 1776 amatoria),
1030 1742 1064 1768 et
1091 1739 1263 1777 excerpsit
1291 1747 1330 1768 ea
1358 1748 1431 1779 quae
1459 1742 1493 1767 te
1517 1735 1690 1768 offendere

239 1782 403 1815 possent:
440 1778 630 1817 potuissent
656 1778 851 1809 candidiore
877 1779 1002 1810 iudicio
1028 1790 1068 1810 ea
1101 1781 1251 1811 carmina
1278 1780 1343 1819 legi
1369 1780 1416 1820 (id
1444 1784 1508 1818 est,
1533 1779 1626 1820 eligi,
1650 1784 1689 1810 ut

240 1819 521 1860 praelegerentur)
545 1820 586 1850 de
611 1821 705 1850 libris
732 1821 867 1856 nostris,
895 1832 968 1861 quae
995 1827 1026 1852 te
1055 1829 1280 1853 venerantur:
1305 1832 1342 1852 ne
1367 1821 1480 1852 nostris
1504 1825 1534 1851 et
1560 1824 1591 1851 te
1605 1830 1690 1853 vene-

240 1861 343 1890 rantia
360 1862 494 1901 quidam
519 1862 625 1892 editi:
662 1869 777 1902 posset
800 1869 846 1901 vt,
867 1865 1011 1894 (furmina
1035 1875 1081 1894 πω
1107 1865 1232 1903 nostris,
1253 1867 1306 1904 85⁶.
1329 1865 1533 1894 Burin.--82
1556 1863 1689 1895 Bersm.

240 1902 323 1933 (jod.
349 1913 429 1934 nunc
459 1913 519 1943 pro
549 1907 716 1935 tunm-“84
742 1906 836 1936 Leid.
864 1906 901 1936 In
924 1907 1143 1945 praeclinatas:
1168 1907 1235 1938 Ms.
1260 1907 1389 1936 Bersm.
1416 1905 1584 1935 declinatas
1609 1915 1687 1937 omn.

239 1945 386 1983 pependit
423 1955 471 1976 on.
517 1947 577 1976 Be.
608 1947 709 1977 etiam
736 1949 1003 1979 declinatas—86
1037 1949 1077 1978 Iu
1109 1949 1199 1987 vulg.
1229 1948 1308 1977 olim
1336 1946 1503 1977 edebatur
1536 1947 1608 1987 Ipsa
1636 1957 1689 1978 suo

242 1987 378 2024 qua->dam
392 1989 522 2026 pondere
538 1991 638 2019 tracta
653 1993 769 2025 ruunt;
799 1990 830 2020 in
849 1999 914 2020 uno
930 1991 972 2020 V.
989 1992 1160 2029 quondam;
1185 1990 1272 2019 unde
1289 1988 1448 2020 Ciofauus
1464 1990 1601 2027 legebat
1617 1991 1644 2021 I.
1661 2000 1687 2020 s.

242 2028 390 2066 quondum
414 2038 446 2068 p.
470 2033 569 2060 tracta
595 2041 622 2061 r.
651 2031 785 2062 Deinde
814 2032 934 2061 Heius.
953 2041 1039 2063 corr.
1066 2032 1215 2073 legitque
1241 2035 1322 2062 tecta
1344 2041 1404 2072 pro
1431 2035 1533 2062 tracta
1557 2041 1600 2063 ex
1629 2042 1689 2063 sex

900 2121 1039 2151 NOTAE

241 2190 400 2221 adversus
427 2191 612 2229 terrigenas
636 2192 707 2222 illos
737 2192 792 2232 qui
817 2193 936 2223 coelum
991 2194 1165 2234 probrum,
1184 2195 1354 2235 Augustus
1382 2195 1500 2226 Poetae
1517 2196 1688 2227 intellexit

240 2239 345 2279 ipsum
363 2238 577 2279 affectarunt,
594 2240 668 2270 vide
691 2241 780 2281 apud
800 2241 937 2282 Apono-
989 2244 1091 2275 furta.

240 2288 368 2320 dorum.
1032 2295 1140 2335 Legit]
1164 2294 1277 2335 Atque
1295 2294 1379 2326 adeo
1393 2294 1507 2335 inique
1525 2295 1690 2336 interpre-

282 2343 323 2371 73
348 2341 430 2381 Alii]
466 2341 562 2373 Maro
594 2342 795 2382 praesertim,
827 2343 936 2374 Hora·
991 2349 1081 2375 tatus
1098 2349 1164 2383 est,
1186 2354 1260 2385 quae
1287 2345 1359 2384 ipse
1384 2345 1472 2375 solus
1487 2344 1513 2375 si
1535 2345 1688 2386 legisses,

243 2390 321 2430 tius,
336 2393 400 2421 διο.
990 2404 1056 2425 non
1075 2399 1254 2434 tantopere
1271 2394 1473 2424 damnasses.

281 2443 324 2470 76
347 2441 495 2481 Minimo]
520 2442 607 2474 Quia
636 2452 728 2472 mens
760 2443 844 2482 ipsa,
871 2453 935 2474 non
1032 2448 1070 2475 81
1098 2445 1240 2485 Amicus]
1266 2445 1330 2477 Qui
1355 2445 1500 2485 sequiori
1526 2454 1623 2476 sensu
1641 2450 1689 2477 at-

243 2489 366 2520 donnm
406 2496 594 2531 spectatur,
625 2492 714 2532 quod
758 2494 936 2524 maximnm
991 2504 1056 2534 que
1081 2495 1112 2524 in
1138 2495 1280 2524 alienam
1306 2494 1506 2525 sententiam
1526 2501 1686 2536 acceptos

240 2548 374 2578 semper
392 2540 509 2578 fuerit,
526 2542 552 2571 si
571 2552 608 2572 ca
627 2542 724 2574 bona.
992 2553 1118 2583 versus,
1134 2544 1240 2574 lenius
1258 2549 1417 2583 exponat.

285 2592 331 2618 78
357 2590 509 2630 Delicias]
535 2591 654 2621 Libros
671 2591 879 2624 Amatorios:
897 2602 939 2623 cx
1034 2597 1073 2625 83
1101 2595 1179 2624 Cum
1207 2594 1312 2634 σοφὴ]
1360 2594 1440 2625 Sese
1470 2595 1612 2636 Augusti
1637 2596 1687 2628 ira

243 2637 376 2679 quibus,
403 2643 584 2679 utcumque
613 2641 729 2671 sedulo
750 2641 940 2673 dissimula·
992 2643 1174 2683 perditum,
1197 2653 1361 2685 quemque
1385 2644 1495 2675 onmia
1517 2651 1685 2686 premant,

243 2687 346 2728 verit,
357 2696 398 2717 nc
416 2689 525 2729 neptis
539 2699 607 2721 suoe
625 2691 730 2731 magis
745 2696 939 2732 patesceret
991 2695 1055 2726 hac
1073 2695 1326 2736 comparatione
1343 2696 1453 2728 innuit
1467 2696 1588 2729 Poeta.
