1877 3193
547 169 699 200 EPIST.
736 168 801 198 Ex
837 167 996 199 PONTo
1033 167 1130 199 Lm.
1164 166 1216 197 11.
1247 155 1290 197 8.
1532 157 1646 200 2605

193 265 272 306 Est
289 264 454 318 aliquid
477 270 677 318 spectare
701 265 844 315 Deos,
866 268 909 306 et
929 264 1086 306 adesse
1109 266 1292 318 putare3

250 331 308 372 Et
329 333 455 385 quasi
473 347 573 373 cum
593 347 697 374 vero
718 334 891 374 numine
909 346 1046 386 posse
1065 332 1202 385 loqui.
1596 331 1650 370 ll)

192 399 382 440 Praemia
403 404 581 453 quanta,
605 401 691 441 Dei
711 401 719 440 !
750 413 829 440 nec
846 413 915 439 me
935 404 1055 439 tenet
1073 399 1231 439 ultima
1249 396 1375 439 tellus
1394 409 1403 435 :

251 467 398 521 thue
420 469 555 520 prius,
578 467 722 508 media
742 479 896 519 sospes
917 467 961 506 in
987 465 1108 506 Urbe
1128 478 1287 506 moror.

193 534 425 576 Caesareos
447 535 578 574 video
595 534 755 581 vultus,
777 533 897 572 velut
919 535 1015 572 ante
1034 530 1239 571 videbam
1257 544 1267 571 ε

248 601 343 642 Vix
362 601 492 654 hujus
514 599 606 640 voti
625 611 728 651 spes
748 598 831 638 fuit
849 598 938 638 ulla
958 597 1082 638 mihi.

192 667 339 721 thue
359 667 620 715 salutabam,
641 678 796 706 numen
818 665 999 705 coeleste
1019 664 1177 705 saluto.
1596 666 1649 705 15

248 733 380 783 Quod
401 732 552 773 reduci
574 733 758 781 tribuas,
780 732 840 771 nil
871 729 1025 785 (puto)
1054 730 1201 784 majus
1223 731 1375 772 habes.

191 799 312 850 Quid
333 799 497 840 nostris
519 800 673 849 oculis,
704 799 788 839 nisi
810 798 906 839 sola
928 797 1105 838 Palatia
1124 797 1311 839 desunt?

248 867 337 917 Qui
356 868 498 916 locus,
523 867 668 908 ablato
690 866 883 915 Caesare,
906 866 1007 906 vilis
1028 866 1122 906 erit.

191 933 324 975 Hunc
343 947 424 986 ego
449 947 548 974 cum
567 937 780 987 spectem,
799 932 951 974 videor
969 931 1077 973 mihi
1098 944 1275 973 cernere
1298 931 1502 976 Romam.

248 1000 366 1041 Nam
386 1001 542 1053 patriae
564 1000 720 1040 faciem
743 1000 926 1040 sustinet
946 999 1018 1040 ille
1038 1011 1147 1039 suae.
1592 999 1648 1041 20

193 1066 373 1108 Fauor?
407 1080 461 1108 an
483 1067 581 1107 irati
602 1068 708 1107 mihi
730 1072 828 1108 sunt
848 1067 890 1107 in
910 1067 1098 1119 imagine
1118 1067 1261 1107 vultus
1278 1080 1292 1118 3

246 1134 478 1187 'servaque
500 1135 650 1176 neseio
674 1134 779 1187 quid
800 1134 942 1174 forma
962 1133 1171 1174 minantis
1192 1133 1324 1173 habet
1339 1135 1357 1172 ‘l

191 1200 347 1251 Parce,
369 1201 435 1241 vir
455 1201 670 1241 immenso
693 1200 834 1253 major
850 1200 1083 1240 virtutibus
1101 1199 1220 1248 orbe,

248 1267 466 1320 Justaque
489 1267 694 1307 vindictae
719 1267 943 1320 supprime
965 1266 1061 1307 lora
1080 1269 1183 1307 tuae.

189 1401 359 1433 coelestibus
374 1400 476 1432 missis
499 1401 554 1432 sub
580 1405 715 1433 nostrum
741 1408 942 1444 conspectam.
988 1405 1049 1435 Est
1077 1403 1195 1443 aliquid
1219 1403 1335 1433 intueri
1357 1402 1460 1434 Deos:
1483 1406 1513 1434 et
1528 1404 1650 1434 credere

191 1446 307 1482 adesse,
321 1447 351 1474 et
366 1453 452 1483 posse
467 1444 548 1484 loqui
565 1448 709 1484 tanquam
731 1457 800 1476 cum
825 1457 896 1477 vero
920 1447 1051 1477 numine.
1101 1446 1257 1480 Quantum
1273 1456 1392 1485 munus,
1409 1446 1498 1477 Dii!
1544 1446 1650 1485 Neque

191 1487 396 1518 remotissima
411 1490 497 1516 terra
512 1496 559 1516 me
575 1487 686 1517 habet:
709 1491 739 1517 et
754 1489 914 1518 incolumis
929 1498 1034 1518 versor
1048 1488 1082 1518 in
1097 1488 1197 1517 media
1217 1487 1310 1524 Urbe,
1325 1491 1359 1517 ut
1375 1488 1476 1518 antea.
1523 1488 1650 1517 Intueor

183 1529 301 1566 faciem
328 1529 474 1565 Coesaris,
501 1529 579 1558 sicut
593 1528 681 1566 prius
697 1529 847 1560 intuebar.
898 1531 960 1561 Vix
976 1531 1039 1560 ulla
1062 1530 1137 1559 mihi
1153 1539 1220 1568 spes
1236 1529 1306 1566 fuit
1323 1529 1413 1567 hujus
1428 1529 1502 1559 voti.
1549 1532 1649 1569 Atque

191 1573 292 1602 saluto
308 1580 418 1601 numen
429 1571 559 1606 coeleste,
575 1570 655 1599 sicut
671 1571 852 1601 salutabam.
899 1573 1010 1610 Credo,
1025 1572 1103 1601 nihil
1118 1571 1209 1601 habes
1231 1572 1341 1610 majus5
1356 1572 1434 1610 quod
1447 1570 1585 1611 praebeas
1600 1581 1650 1601 re-

193 1614 273 1643 duci.
321 1612 405 1647 Quid
422 1613 484 1642 nisi
498 1612 561 1641 solu
572 1612 689 1650 palatia
705 1614 813 1643 desunt
827 1615 940 1644 nostris
955 1614 1048 1644 oculis
1062 1612 1076 1644 ἶ)
1099 1614 1151 1653 qui
1166 1614 1247 1643 locus
1259 1614 1318 1643 erit
1327 1616 1509 1650 contemtus,
1528 1614 1649 1643 Caesare

192 1655 321 1685 sublato.
371 1655 449 1684 Cum
464 1664 520 1692 ego
535 1654 612 1684 hunc
629 1655 759 1692 videam,
775 1656 850 1685 mihi
868 1657 970 1686 videor
985 1659 1122 1695 spectare
1139 1656 1269 1686 Romam
1282 1666 1291 1685 .·
1314 1665 1385 1685 nam
1399 1656 1451 1686 ille
1466 1658 1570 1685 tuetur
1585 1655 1649 1688 for-

192 1708 274 1731 mam
289 1696 401 1737 putrioe
416 1706 488 1727 suae.
534 1697 694 1735 Dec-ipim,
717 1707 754 1726 an
768 1696 870 1733 facies
890 1702 934 1729 est
959 1698 1036 1728 milti
1060 1697 1178 1734 insensu
1196 1698 1227 1728 in
1242 1697 1353 1738 effigie,
1379 1701 1406 1727 et
1414 1697 1526 1738 figura
1542 1697 1648 1736 iniqua

192 1739 281 1770 habet
299 1740 396 1769 nescio
418 1739 491 1778 quid
516 1737 690 1769 minantis?
734 1739 875 1779 Ignosce,
892 1741 941 1771 vir
954 1740 1231 1779 major-virtutibus
1244 1742 1354 1771 mundo
1371 1740 1527 1778 inmenso,
1549 1743 1578 1769 et
1600 1743 1647 1769 at-

803 1840 1037 1852 eeeeeeeeeeee

192 1908 266 1938 rude
279 1915 387 1937 numen
403 1906 492 1937 habet
506 1904 602 1937 ?—11
620 1907 813 1945 Legebatur
827 1909 904 1939 olim
918 1910 1077 1943 Quantum
1089 1910 1127 1939 ud
1141 1918 1186 1938 me
1198 1908 1278 1938 redii
1290 1919 1300 1943 ;
1314 1917 1368 1937 nec
1378 1916 1435 1945 me,
1447 1908 1498 1946 δῖε.
1514 1907 1646 1938 Decem

192 1954 327 1980 veteres
347 1950 430 1983 Quos
440 1953 602 1988 postquam
617 1950 696 1979 cidi.-
715 1951 874 1990 quinque,
890 1951 965 1981 Esse
981 1951 1057 1981 liber
1072 1952 1194 1981 videor:
1218 1950 1296 1986 duo,
1312 1950 1441 1983 Quando
1451 1951 1491 1979 ad
1502 1958 1547 1979 me
1555 1950 1647 1980 redii.

194 1990 356 2022 Pontiani
367 1991 486 2029 codex,
502 1991 634 2021 Proemiu
652 1996 777 2030 quauta,
791 1991 879 2022 Dei!
901 1994 1087 2031 eleganter.
1132 1991 1364 2030 Sarravianus,
1379 1991 1503 2025 Quanta
1514 1991 1647 2027 meridi;

194 2033 364 2063 mendose.
381 2033 437 2063 alii
451 2033 560 2064 aliter.
577 2034 685 2064 Heius.
711 2035 812 2065 Forte
827 2035 1020 2073 legendnm,
1035 2036 1134 2069 Quam
1146 2034 1311 2074 propejam
1326 2033 1418 2072 redii,
1434 2043 1486 2064 nec
1502 2043 1548 2064 me
1564 2036 1646 2064 tenet

194 2075 305 2105 ultima
321 2073 435 2105 tellus!
457 2076 531 2105 Jum
546 2075 621 2105 liber
635 2076 737 2106 videor
751 2087 832 2106 unus
847 2088 854 2107 2
879 2087 948 2107 ηαιιι
964 2077 1040 2107 tiber
1064 2077 1140 2106 redii
1162 2077 1266 2106 alins:
1291 2079 1404 2116 quanta
1419 2076 1495 2106 mihi
1509 2075 1647 2105 dederim

194 2117 262 2147 ΜΒ.
283 2117 411 2147 Bersm.
436 2117 630 2147 Reum-13
655 2118 736 2149 Jun.
753 2122 824 2149 ante
850 2119 1077 2149 solebam-17
1104 2119 1172 2149 Pro
1199 2120 1305 2149 desunt
1331 2119 1396 2148 ‹luo
1424 2118 1500 2148 libri
1523 2117 1647 2153 desint5

195 2169 279 2189 imus
298 2159 492 2189 Medonian.
508 2160 604 2190 desit:
628 2160 750 2191 Heins.
775 2161 895 2192 suadet
910 2161 1083 2202 defit—18
1108 2160 1190 2201 Arg.
1216 2165 1251 2191 ct
1276 2160 1342 2191 duo
1364 2160 1419 2190 alii
1442 2160 1496 2190 vil.
1523 2162 1646 2190 erut.—

193 2203 231 2231 21
258 2200 341 2242 Arg.
364 2201 401 2231 ub
426 2211 487 2242 pro
504 2203 631 2232 in.—22
655 2203 749 2234 Unus
769 2204 860 2235 Med.
880 2203 976 2242 form.
1004 2204 1131 2234 minacis
1154 2202 1310 2234 lma—24
1334 2202 1411 2234 Pol.
1437 2207 1473 2233 et
1498 2201 1646 2243 quinque

849 2320 988 2352 NOTAE

194 2402 300 2433 tribus
323 2412 406 2443 quos
428 2406 588 2443 tanquam
617 2403 711 2435 Deos
732 2404 837 2444 Naso,
851 2405 892 2435 si-
990 2408 1029 2436 17
1056 2405 1195 2445 Palatia]
1223 2405 1288 2436 Ubi
1315 2403 1488 2442 Augustus
1515 2400 1644 2432 habita-

195 2457 254 2483 cut
281 2457 316 2483 et
346 2453 415 2491 aiii,
444 2454 681 2493 venerabatur,
711 2459 770 2485 aut
796 2460 891 2486 certe
947 2454 1009 2493 vit,
1027 2455 1058 2485 in
1077 2455 1233 2484 Palatino
1251 2457 1376 2483 monte.

198 2503 348 2532 venerari
364 2503 566 2534 testabatur.
988 2507 1028 2534 23
1058 2504 1125 2543 Vir]
1163 2503 1352 2542 Augustum
1382 2500 1416 2530 in
1443 2500 1643 2532 numismate

243 2555 278 2581 ll
309 2552 372 2582 Nec
399 2563 446 2583 me
467 2555 564 2594 tenet]
588 2555 631 2585 Se
654 2554 726 2593 jam
753 2555 836 2586 dicit
858 2554 893 2585 in
947 2553 1137 2594 alloquitur.

198 2600 337 2640 Scythia
352 2610 418 2631 non
442 2611 526 2640 esse,
544 2612 618 2634 cum
637 2605 731 2635 Deos
749 2614 892 2644 praesen·
989 2606 1029 2633 24
1047 2599 1226 2641 Supprime]
1248 2599 1322 2630 Hac
1335 2597 1377 2629 ab
1394 2596 1518 2638 aurigis
1535 2598 1643 2638 petita

200 2655 250 2681 tes
267 2650 388 2681 habeat
399 2651 454 2690 qui
472 2650 589 2682 Romae
605 2652 780 2692 imperium
794 2654 893 2685 habe·
947 2651 1144 2691 metaphora
1160 2651 1241 2681 iram
1258 2658 1352 2680 suam
1368 2647 1530 2681 coercere
1546 2649 1643 2690 cupit

199 2701 292 2733 bant.
320 2700 548 2732 Subtiiissima
564 2706 617 2733 est
634 2702 793 2736 adulatio.
948 2702 1150 2741 Augustum.
