1863 3193
223 177 338 221 2312
707 189 749 220 P.
781 188 942 219 ovmu
975 187 1189 219 NAsoms

226 283 387 333 Dicite,
408 282 611 332 lectores,
634 284 671 324 si
691 298 776 325 non
796 297 939 337 grave,
962 297 1047 338 qua
1069 284 1125 325 sit
1144 283 1330 324 eundum
1351 296 1363 335 3

283 350 493 404 Quasque
513 355 656 404 petam
677 351 803 391 sedes
823 351 986 404 hospes
1007 351 1052 390 in
1074 349 1192 391 Urbe
1211 351 1333 391 liber.
1618 350 1675 392 20

226 416 342 458 Haec
363 419 435 457 ubi
458 432 550 458 suni
574 419 721 471 lingua
740 419 890 459 furtim
913 419 1121 460 titubante
1140 419 1336 469 locutus3

282 482 373 534 Qui
392 486 494 524 mihi
515 489 783 534 monstraret,
806 486 880 526 vix
902 485 987 526 suit
1007 497 1137 535 unus,
1157 485 1250 526 iter.

225 550 285 591 Di
304 551 382 592 tibi
405 551 520 601 dent,
543 556 694 592 nostro
715 551 830 604 quod
850 565 933 592 non
953 554 1139 593 tribuere
1160 554 1346 606 parenti,

283 618 481 658 Molliter
500 621 543 659 in
563 619 705 672 patria
726 620 871 660 vivere
891 634 1023 673 posse
1044 625 1133 660 tua.

225 684 327 726 Duc
349 699 450 738 age:
481 700 667 740 namque
688 701 871 739 sequor:
904 689 1103 740 quamvis
1122 693 1317 742 terraque
1337 687 1532 743 marique
1619 687 1677 729 25

281 751 537 806 Longinquo
556 756 736 794 referam
756 754 901 794 lassus
923 755 978 794 ab
1000 755 1101 794 orbe
1121 755 1292 807 pedem.

223 817 379 860 Paruit
398 833 408 870 3
439 826 480 861 et
501 821 677 870 ducens,
701 820 815 861 Haec
838 824 936 860 sunt
958 819 1072 860 Fora
1093 820 1304 871 Caesaris,
1322 822 1493 874 inquit:

281 885 397 927 Haec
418 890 483 926 est
503 900 530 927 a
548 887 696 927 Sacris
716 901 815 940 quae
835 889 909 927 via
928 900 1085 927 nomen
1104 888 1248 929 habet.

224 951 314 992 Hic
334 952 461 993 focus
479 957 546 994 est
566 953 719 995 Vestae
737 967 749 1005 3
780 954 854 1007 qui
877 953 1064 994 Pallada
1084 958 1228 995 servat
1248 958 1290 996 et
1308 955 1450 1008 ignem
1467 970 1476 997 :

283 1019 373 1060 Hie
392 1020 473 1062 fuit
493 1021 659 1073 antiqui
678 1021 799 1074 regia
817 1033 956 1074 parva
977 1020 1152 1062 Numae.
1621 1023 1678 1065 30

225 1085 333 1127 Inde
352 1092 509 1140 petens
531 1088 744 1137 dextram,
768 1087 905 1128 Porta
926 1091 1006 1137 est,
1029 1088 1106 1137 ait,
1128 1089 1212 1129 ista
1232 1088 1405 1130 Palati:

281 1153 373 1193 Hic
395 1153 565 1195 Stator:
596 1154 682 1194 hoc
703 1155 888 1207 primum
913 1155 1089 1194 condita
1110 1155 1257 1196 Roma
1277 1157 1377 1197 loco
1398 1160 1478 1198 est.

223 1299 281 1319 non
297 1290 468 1326 molestum,
491 1299 550 1328 qua
565 1289 605 1319 sit
622 1290 751 1320 eundum
763 1299 774 1325 ,·
795 1292 825 1319 et
840 1299 914 1329 quas
935 1290 1036 1319 domos
1059 1289 1181 1320 subeam
1204 1291 1321 1321 libellas
1334 1291 1517 1331 peregrinus
1531 1292 1565 1322 in
1584 1293 1678 1324 Urbe.

224 1332 393 1371 Postquam
409 1332 472 1361 hoec
487 1332 655 1362 clanculum
670 1332 739 1361 dixi
755 1332 861 1370 lingua
878 1332 1051 1371 vacillante,
1076 1332 1130 1362 rix
1149 1332 1219 1370 suit
1242 1343 1317 1363 unus
1339 1334 1390 1373 qui
1416 1334 1491 1363 mihi
1507 1336 1679 1365 ostenderet

223 1374 316 1404 viam.
344 1374 422 1404 *Dii
438 1373 495 1403 tibi
509 1375 679 1413 proebeant,
695 1375 772 1413 quod
785 1384 845 1404 non
861 1374 1052 1404 indulserant
1065 1379 1167 1405 nostro
1179 1376 1277 1415 patri,
1291 1385 1378 1415 posse
1395 1378 1555 1406 traducere
1568 1377 1680 1408 leniter

223 1426 321 1447 oerum
336 1416 370 1446 in
388 1420 443 1446 tua
457 1416 572 1455 patria.
617 1417 699 1455 Duc,
715 1426 826 1456 (samso,
841 1426 969 1456 namque
984 1427 1108 1456 sequor:
1130 1417 1254 1448 tametsi
1267 1418 1402 1456 defessus
1418 1419 1536 1449 reniam
1549 1422 1632 1449 terra
1647 1423 1679 1450 et

221 1460 301 1488 mari
315 1469 333 1488 a
353 1458 446 1498 plaga
462 1459 675 1489 remotissima.
724 1458 890 1490 Obsecutus
916 1463 982 1495 est;
1014 1463 1043 1489 et
1067 1461 1179 1490 (lucens
1205 1471 1263 1498 me,
1293 1461 1385 1499 Hoec,
1410 1461 1469 1499 ait,
1495 1465 1567 1491 sunt
1593 1462 1679 1492 Fora

226 1501 382 1531 Caesaris:
405 1501 469 1530 hcec
485 1504 529 1531 est
544 1501 595 1531 ria
617 1512 683 1541 quoe
707 1504 799 1532 nacta
825 1504 869 1532 est
896 1511 1003 1531 nomen
1019 1511 1038 1531 a
1060 1503 1166 1533 sacris.
1212 1503 1294 1533 Haec
1308 1504 1393 1533 sedes
1407 1507 1453 1533 est
1476 1503 1586 1543 Vestoe,
1609 1513 1677 1543 quae

221 1543 355 1573 custodit
377 1543 552 1573 Minervam
565 1547 595 1574 et
610 1544 711 1583 ignem
722 1555 732 1575 .-
755 1543 881 1581 liic-fuit
893 1553 992 1582 parra
1014 1544 1086 1574 aula
1102 1545 1213 1574 veteris
1229 1546 1352 1575 Numoe.
1398 1546 1473 1576 Inde
1486 1549 1592 1585 petens
1606 1547 1681 1576 dex-

222 1588 313 1624 tram,
344 1585 420 1627 Ista,
442 1586 552 1626 iuquit,
576 1590 620 1616 est
632 1589 725 1626 porta
742 1587 883 1617 Palatii:
907 1586 956 1616 hic
980 1586 1110 1617 Stator:
1137 1587 1235 1617 Roma
1251 1591 1294 1618 est
1307 1588 1442 1628 primum
1454 1589 1557 1628 posita
1569 1588 1603 1619 in
1623 1588 1679 1622 hoc

829 1670 1064 1681 eeeeeeeeeeee

223 1729 344 1760 Heins.
362 1730 482 1761 suadet
497 1730 662 1769 scribebar,
688 1735 723 1761 et
750 1730 798 1761 sic
826 1729 1117 1761 Zulichcmianus:
1154 1731 1269 1761 Burm.
1300 1735 1412 1762 autem
1429 1731 1582 1762 scribebat
1599 1731 1680 1763 reti-

222 1771 371 1802 nendum
399 1778 529 1812 censet,
544 1774 622 1813 quia
646 1774 819 1813 praecessit
845 1774 854 1789 ‘
868 1771 1082 1804 Laesit.’—19
1106 1773 1164 1804 Pr.
1191 1773 1266 1805 Pal.
1290 1779 1326 1805 et
1347 1784 1406 1805 sex
1423 1774 1480 1804 alii
1496 1778 1531 1805 et
1547 1774 1677 1805 Bersm.

222 1824 279 1853 quo
296 1824 355 1855 pro
371 1819 525 1854 qum—22
541 1817 620 1846 Duo
638 1815 755 1855 scripti
772 1818 899 1846 monstr.
915 1814 1136 1853 virfuit.—-23
1156 1816 1248 1846 Leid.
1264 1818 1339 1846 (lant
1356 1826 1417 1856 pro
1433 1817 1517 1847 dent.
1540 1816 1676 1847 Deinde

222 1856 300 1887 olim
318 1857 530 1888 scribebatur
545 1858 674 1889 tribuer.
689 1858 807 1897 po'e'toe:
832 1858 950 1889 Heius.
967 1857 1101 1897 profert
1125 1858 1249 1897 parenti
1273 1868 1314 1888 ex
1333 1859 1439 1889 tribus
1454 1859 1601 1899 scriptis,
1618 1859 1676 1899 qui

221 1898 255 1928 id
273 1908 334 1938 pro
350 1909 419 1930 var.
437 1901 515 1931 lect.
533 1901 791 1931 exhibent.——25
817 1901 886 1930 Pro
903 1910 1030 1940 namque
1054 1901 1111 1930 alii
1127 1900 1254 1940 jamque
1281 1902 1333 1931 vel
1350 1911 1475 1940 nempe:
1499 1901 1559 1930 Be.
1576 1904 1674 1940 teque.

220 1941 386 1972 Nonnulli
414 1943 517 1973 etiam
544 1953 622 1974 cum
649 1943 740 1982 vulg.
765 1952 890 1982 sequar:
928 1943 1045 1973 Heius.
1072 1942 1162 1982 conj.
1180 1942 1308 1982 jamque
1334 1945 1538 1982 sequen—29
1579 1943 1676 1973 Focus

222 1983 339 2015 Burm.
355 1985 487 2025 recepit
504 1995 546 2016 ex
574 1986 620 2018 H.
645 1995 708 2025 pro
724 1986 816 2025 vulg.
833 1986 1011 2016 locas.-—30
1035 1984 1104 2015 Alii
1133 1984 1213 2015 Haec
1241 1994 1301 2024 pro
1327 1985 1404 2016 Hic.
1453 1985 1536 2015 Mox
1553 1984 1594 2016 P.
1610 1995 1676 2024 reg.

221 2035 315 2064 parca
332 2027 375 2058 N.
392 2031 426 2058 et
443 2028 605 2069 Excerpt.
627 2029 725 2059 Voss.
740 2028 913 2059 celsa.——-3l
939 2028 986 2058 Η.
1003 2028 1105 2058 dextr.
1129 2027 1233 2057 Statio
1249 2030 1391 2058 est.—32
1414 2027 1547 2068 Scribe,
1558 2026 1677 2058 Stator.

882 2121 1019 2153 NOTAE

223 2198 305 2220 mus,
975 2188 1030 2219 ubi
1070 2190 1156 2228 iguis
1195 2195 1384 2230 perpetuus
1424 2200 1443 2220 a
1481 2191 1676 2223 Vestalibus

264 2242 303 2270 21
330 2238 510 2279 Titulumte]
534 2240 612 2271 Prae
629 2244 734 2271 metu.
975 2248 1102 2269 summa
1116 2239 1274 2269 cautione
1292 2239 1502 2270 servabatur.

265 2291 305 2319 23
345 2289 389 2320 Di
422 2289 494 2329 libi]
529 2290 643 2320 Verba
671 2294 749 2321 sunt
773 2290 849 2321 libri
877 2290 918 2320 ad
1018 2289 1165 2328 Pallada]
1190 2289 1378 2320 Palladium
1397 2290 1492 2330 dicit,
1514 2291 1554 2321 ab
1570 2291 1676 2323 AEnea

223 2338 315 2369 illum
331 2339 387 2379 qui
404 2339 469 2369 iter
485 2340 708 2371 monstrabat.
974 2340 1006 2369 in
1024 2339 1156 2370 Italiam
1183 2340 1334 2380 allatum,
1351 2350 1416 2381 quo
1445 2341 1581 2381 Imperii
1603 2342 1677 2374 fata

267 2388 415 2428 Parenti]
439 2388 575 2428 Ovium,
591 2390 647 2429 qui
667 2389 771 2420 libelli
789 2393 897 2429 pater.
975 2390 1140 2420 contineri
1163 2390 1333 2420 volebant.

266 2440 306 2469 27
329 2438 423 2478 Fora]
447 2439 549 2469 Plura
564 2438 701 2470 fuerunt
716 2439 851 2476 Romae3
867 2439 919 2470 hic
1018 2441 1058 2468 30
1094 2438 1222 2477 Nnmoe]
1261 2438 1328 2470 Qui
1357 2439 1584 2471 Romanorum
1614 2450 1674 2472 rex

225 2488 267 2519 de
282 2487 355 2518 foro
372 2487 519 2528 Augusti
536 2488 749 2529 intelligitur.
975 2487 1040 2518 suit
1055 2488 1233 2527 secundus,
1253 2489 1389 2528 justitia
1406 2494 1439 2520 et
1457 2490 1585 2529 pietate
1608 2502 1675 2523 uia·

267 2540 308 2567 28
331 2536 450 2578 Sacris]
472 2538 561 2569 Quia
576 2538 608 2568 in
625 2548 665 2569 ea
682 2539 735 2569 via
751 2538 858 2569 foedus
873 2539 920 2569 iu-
975 2538 1024 2578 gis
1039 2548 1139 2579 quam
1158 2538 1325 2578 dignitate
1347 2550 1404 2569 sua
1422 2541 1587 2579 cognitus.

226 2591 278 2617 ter
295 2587 473 2617 Romulum
502 2591 536 2616 et
559 2588 691 2618 Tatium
713 2588 830 2626 ictum,
848 2598 921 2628 per·
1020 2591 1057 2619 31
1078 2588 1201 2627 Palati]
1219 2589 1303 2621 Quae
1316 2594 1350 2619 et
1365 2591 1522 2620 Saturnia
1536 2595 1572 2622 et
1586 2591 1674 2623 Pau-

226 2645 289 2676 que
308 2645 380 2665 eam
396 2646 490 2666 sacra
508 2637 539 2666 in
556 2647 667 2668 arcem
685 2637 853 2670 feruntur.
976 2640 1074 2670 (lunia
1092 2640 1183 2680 prius
1200 2640 1303 2672 dicta.

267 2688 309 2716 29
335 2686 430 2715 [beas
451 2686 564 2726 Vestoe]
586 2689 760 2728 'l‘emplum
786 2689 858 2729 ejus
873 2689 921 2719 di·
1018 2693 1058 2720 :32
1082 2690 1206 2729 Stator]
1229 2691 1323 2722 Jovis
1339 2692 1481 2723 Statoris
1501 2692 1607 2724 aedem
1624 2693 1672 2724 iu-

227 2736 273 2768 cit
296 2735 487 2775 rotinudum,
511 2748 528 2768 u
561 2738 673 2769 Numa
698 2744 921 2779 exstructum,
978 2740 1111 2780 telligit,
1128 2750 1226 2780 quuiu
1255 2741 1302 2772 illi
1331 2742 1493 2774 Romulus
1522 2742 1597 2775 ideo
1614 2753 1672 2784 po-
