1877 3193
216 173 331 214 2454

218 279 324 334 Ipsa
345 278 433 320 sibi
452 278 635 328 discors,
657 282 867 331 tanquam
887 277 1114 318 mandetur
1135 277 1191 318 ab
1210 277 1313 327 illis,

711 184 747 214 P.
779 183 937 214 ovmll
972 182 1186 214 NASONIS

1614 277 1670 318 35

274 346 496 388 Scinditur
514 348 557 387 in
579 350 726 399 partes
747 350 841 386 atra
859 346 1014 387 favilla
1033 345 1155 387 duas.

219 415 324 456 Hoc
353 412 573 468 (memini)
603 413 823 466 quondam
841 413 935 454 fieri
955 426 1042 454 non
1064 425 1198 467 posse
1217 412 1451 466 loquebar:

276 483 331 524 Et
351 495 419 522 me
443 481 668 522 Battiades
684 481 835 534 judice
854 481 990 522 falsus
1005 487 1115 522 erat.

218 548 381 591 Omnia
400 563 514 590 nunc
536 550 689 590 credo:
722 563 821 590 cum
842 553 889 590 tu
909 563 994 590 non
1015 550 1172 590 stultus
1197 548 1252 589 ab
1273 547 1411 589 Arcto

273 617 414 669 Terga
434 630 574 670 vapor
594 617 778 666 dederis,
799 615 1128 669 Ausoniamque
1148 619 1286 670 petas.

1617 616 1672 655 40

220 683 339 725 Haec
359 684 493 735 igitur
513 683 591 723 lux
610 687 700 723 est:
732 696 833 735 quae
855 684 893 723 si
913 697 1000 724 non
1019 688 1115 725 orta
1134 683 1306 733 fuisset,

277 751 414 792 Nulla
435 751 518 791 fuit
536 750 696 789 misero
716 749 830 789 festa
850 749 1037 789 videnda
1056 750 1175 791 mihi.

221 817 372 859 Edidit
389 818 485 857 haec
507 827 651 856 mores
670 814 758 854 illis
780 813 994 854 Heroisin
1013 827 1182 867 aequos,

277 883 391 933 Quis
413 887 508 923 erat
525 882 685 922 Eetion
707 881 968 936 Icariusque
988 886 1129 935 pater.

219 1045 237 1063 a
254 1044 284 1065 se
298 1034 480 1065 dissentiens
495 1035 532 1065 de
547 1035 713 1072 industria,
728 1036 820 1075 quasi
830 1036 1000 1076 imperetur
1015 1035 1053 1066 ab
1064 1035 1138 1074 illis,
1154 1034 1306 1065 dividitur
1321 1034 1355 1065 in
1369 1035 1446 1066 duas
1457 1038 1572 1074 partes.
1617 1035 1677 1066 Di-

221 1078 324 1108 cebam
339 1078 424 1116 olim,
435 1079 588 1115 recordor,
603 1078 658 1107 hoc
672 1087 732 1108 non
745 1087 832 1118 posse
837 1078 916 1119 fleri
925 1089 936 1115 ,·
958 1082 987 1109 et
1005 1077 1172 1109 Battiades
1183 1081 1250 1108 erat
1257 1077 1360 1115 falsus
1374 1087 1420 1108 me
1426 1078 1545 1116 judice.
1585 1078 1676 1108 Nunc

222 1121 311 1150 credo
323 1120 424 1150 omnia
438 1129 447 1154 ;
469 1130 537 1150 cam
550 1124 597 1156 tu,
614 1120 703 1156 sume
713 1122 859 1160 prudens,
878 1121 1007 1160 fugeris
1033 1132 1051 1152 a
1072 1120 1307 1161 Seplemtrione,
1323 1123 1353 1150 et
1368 1121 1476 1151 tendas
1491 1122 1525 1151 in
1540 1120 1676 1151 Italiam.

225 1162 261 1191 ,Η
264 1164 291 1192 ic
303 1172 375 1200 ergo
391 1165 435 1192 est
453 1163 529 1199 dies,
545 1163 597 1201 qui
612 1164 639 1191 si
655 1172 714 1192 non
725 1163 892 1200 illuxisset,
906 1165 1008 1195 nullus
1017 1162 1196 1202 festusfuit
1213 1163 1363 1194 videndus
1374 1163 1450 1194 mihi
1463 1163 1594 1202 infelici.
1617 1163 1677 1194 Ille

220 1205 309 1234 dedit
323 1214 422 1235 mores
436 1204 551 1234 similes
575 1204 638 1234 illis
663 1204 809 1245 heroim's,
836 1206 945 1246 quibus
962 1207 1077 1238 Eetion
1090 1210 1120 1237 et
1138 1206 1260 1236 Icarius
1275 1209 1341 1237 erat
1355 1215 1478 1246 parens.
1525 1206 1598 1237 Hac
1611 1206 1677 1236 luce

834 1303 1070 1315 eeeeeeeeeeee

224 1368 317 1399 Med.
329 1368 485 1406 Consiliis,
496 1367 615 1399 Heius.
627 1372 725 1408 putat
741 1378 801 1409 pro
820 1369 1044 1401 Consilii—:35
1064 1369 1158 1400 Unus
1173 1369 1216 1400 V.
1231 1368 1376 1400 Discolor
1387 1368 1454 1408 ipsa
1465 1368 1536 1406 sibi,
1549 1372 1677 1409 Μηφ-

224 1414 265 1441 38
282 1411 472 1442 Bacchiades
484 1412 545 1442 Be.
562 1411 747 1442 Rachiades.
759 1412 850 1442 Mor.
864 1417 900 1442 et
914 1421 965 1452 pr.
976 1412 1119 1443 ed.——39
1132 1411 1237 1442 Nihili
1256 1416 1307 1442 est
1323 1412 1395 1442 haec
1411 1411 1523 1442 lectio.
1543 1412 1677 1442 Vossia-

224 1464 297 1491 uus,
313 1463 371 1484 non
385 1455 494 1484 cultus.
538 1454 671 1492 Scribe,
686 1456 860 1491 consultus;
884 1454 1025 1485 verbum
1051 1455 1083 1484 iu
1111 1454 1282 1485 sacrificiis
1298 1454 1482 1484 usitatum:
1507 1453 1678 1492 καπνομάν.

223 1507 309 1526 τειαν
327 1495 475 1535 respicit.
522 1496 611 1526 Hinc
639 1498 647 1513 ‘
668 1496 854 1527 Consulere
871 1497 987 1536 Dcos‚'
1013 1498 1023 1513 ⁴
1039 1496 1141 1536 exta‚'
1168 1497 1177 1513 ‘
1192 1496 1296 1527 vates‘
1314 1497 1437 1536 passim
1453 1497 1488 1526 in
1502 1497 1677 1536 scriptori-

225 1538 285 1568 bus
302 1538 463 1578 antiquis.
509 1537 733 1578 Amphiaraus
751 1539 840 1578 apud
855 1539 998 1569 Statium
1014 1539 1211 1569 Thebaidos
1227 1547 1286 1569 111.
1312 1540 1320 1555 ‘
1340 1538 1483 1569 consulti
1500 1542 1607 1569 testor
1624 1549 1680 1579 pe-

223 1580 370 1611 netralia
384 1579 501 1611 mundi
519 1581 563 1611 Et
581 1581 753 1612 volucrum
771 1579 918 1612 affatus.’
941 1581 1054 1611 Heius.
1079 1581 1152 1621 Ego
1171 1585 1319 1612 veterem
1336 1581 1520 1611 lectionem
1536 1581 1676 1613 reduxi:

226 1623 354 1653 iudicat
371 1623 460 1654 enim
477 1623 586 1663 ipsum
602 1623 728 1654 fumum
746 1624 832 1654 scire
854 1629 890 1655 et
909 1625 1035 1654 sentire
1052 1623 1290 1655 infelicitatem
1306 1624 1455 1654 locorum
1473 1622 1534 1653 sub
1549 1622 1680 1661 Arct0;

226 1675 330 1705 quare
346 1666 402 1695 ille
421 1675 484 1695 non
503 1666 626 1696 stultus
642 1666 721 1696 inde
741 1665 840 1707 fugit,
863 1672 898 1697 et
915 1667 1050 1697 Italiam
1068 1676 1182 1696 versus
1199 1666 1328 1697 tendit:
1354 1670 1389 1696 et
1416 1666 1465 1696 ita
1489 1665 1540 1697 Cl.
1564 1666 1680 1697 Bentl.

228 1708 268 1737 ad
299 1708 423 1738 Horat.
452 1708 557 1738 Serm.
571 1717 613 1738 11.
631 1711 661 1739 3.
681 1711 752 1739 158.
778 1714 905 1740 censet.
932 1709 1044 1740 Burin.
1090 1709 1227 1739 Merula
1256 1718 1297 1739 ex
1325 1707 1524 1749 quibusdam
1550 1707 1681 1748 profert

225 1750 344 1786 Arcam
369 1751 458 1790 vulg.
474 1751 557 1781 alto.-
583 1750 712 1782 Richel.
740 1751 920 1783 Istra—40
944 1752 1035 1782 Mor.
1060 1752 1143 1782 calor
1166 1761 1226 1792 pro
1242 1753 1432 1791 vapor.—43
1458 1750 1578 1782 Heius.
1604 1760 1682 1782 cum

228 1792 401 1832 Scaligero
417 1792 535 1823 scribit
551 1792 703 1824 Heroisin
715 1803 725 1823 .·
750 1794 806 1824 alii
823 1804 898 1825 eum
913 1795 1005 1835 vulg.
1024 1794 1199 1825 Heroibus:
1223 1794 1358 1834 quidam
1379 1797 1464 1824 vett.
1481 1793 1682 1833 Heroidibus,

228 1836 278 1864 vel
297 1835 486 1874 Hermione,
512 1836 565 1865 vel
582 1836 756 1867 erroribus.-
778 1837 911 1868 Bonon.
930 1837 1197 1868 Hebroidis.—44
1222 1836 1338 1867 E'e'tz'on
1364 1846 1407 1867 ex
1431 1845 1496 1867 uno
1525 1836 1598 1866 Pol.
1625 1836 1681 1866 alii

228 1882 313 1908 vett.
335 1878 518 1918 Eutychion,
535 1878 687 1918 Euchion,
704 1880 756 1919 fise.
780 1879 843 1912 Ro.
860 1879 1000 1920 Erition,
1015 1884 1050 1911 et
1063 1889 1114 1920 pr.
1132 1879 1207 1911 Pol.
1228 1879 1398 1911 Eucation:
1422 1879 1499 1910 olim
1515 1878 1680 1909 edebatur

888 1994 1028 2028 NOTAE

230 2078 404 2108 exundant
429 2078 538 2109 diviso
557 2078 687 2109 vertice
702 2077 858 2119 flammae,
873 2079 931 2110 Al-

231 2134 410 2168 ter-nosque
424 2128 553 2167 apices,
565 2129 710 2168 abrupta
719 2129 807 2165 luce,
817 2139 930 2161 corus-

231 2177 333 2208 cant?
384 2177 474 2207 Hinc
492 2178 636 2216 petitum
654 2178 740 2217 ignis
766 2184 825 2210 aut
846 2179 930 2210 fumi

231 2227 416 2257 consilinm.

275 2278 314 2306 35
342 2276 423 2315 Illis]
453 2276 595 2307 Eteocle
618 2280 655 2308 et
682 2277 847 2317 Polynice
864 2277 930 2309 sra-

234 2326 354 2358 tribus,

275 2381 315 2409 38
348 2377 530 2418 Battiades]
573 2377 796 2408 Callimachus
821 2378 930 2410 Poeta

234 2428 329 2459 Batti
343 2426 444 2468 filius,
460 2427 517 2468 qui
533 2431 569 2458 et
592 2428 677 2459 hanc
694 2428 812 2459 retulit
835 2427 929 2460 fabu-

234 2481 309 2509 lam.

278 2532 318 2560 :39
343 2528 454 2568 Arcto]
482 2529 591 2568 Plaga
605 2529 931 2571 Septemtrionali,iu

235 2590 301 2620 qua
318 2584 393 2610 erat
412 2580 516 2610 Naso.

279 2632 318 2659 40
345 2629 461 2669 Terga]
494 2628 636 2669 Fugeris
651 2628 788 2661 Italiam
805 2639 932 2672 versu-³1,

237 2679 293 2708 ubi
312 2679 429 2710 l'o'c'tae
444 2680 582 2719 conjux.

277 2731 319 2758 ⁴11
344 2728 437 2769 Ila-c]
468 2730 602 2761 Natalis
615 2730 688 2762 dies
704 2732 827 2763 uxoris.

1027 2083 1069 2111 42
1096 2080 1205 2121 Nulla]
1237 2080 1394 2122 Namque
1417 2080 1507 2112 diem
1534 2082 1683 2114 natalem

983 2139 1078 2160 suum
1090 2130 1227 2161 minime
1239 2131 1479 2162 celebrandum
1488 2135 1588 2162 antea
1598 2132 1685 2162 dixit

984 2180 1102 2210 Poeta.
1149 2181 1216 2211 Sed
1233 2182 1319 2211 euim
1337 2180 1492 2211 blandius
1507 2181 1633 2222 aliquid
1650 2182 1682 2211 in

985 2238 1125 2259 uxorem
1138 2230 1243 2259 verba
1262 2231 1334 2269 ejus
1349 2235 1490 2268 sonant3
1513 2231 1605 2271 quasi
1621 2240 1684 2270 per

985 2287 1059 2308 eam
1075 2278 1187 2317 unice,
1201 2278 1229 2309 si
1245 2278 1324 2318 quid
1340 2278 1405 2309 fuit
1424 2280 1508 2318 laeti,
1523 2289 1683 2312 consecu-

987 2331 1041 2358 tus
1055 2328 1107 2358 sit.

1027 2380 1066 2408 43
1093 2377 1257 2417 Heroisz'n]
1288 2378 1436 2409 Dativus
1451 2379 1604 2420 Graemns,
1620 2390 1681 2420 pro

983 2427 1178 2457 heroide'bus:
1203 2437 1303 2468 quam
1319 2437 1435 2458 vocem
1453 2428 1480 2458 si
1505 2438 1547 2459 ex
1571 2430 1684 2461 inultis

986 2477 1161 2508 veteribus
1189 2477 1349 2516 retineas,
1378 2483 1521 2519 quatuor
1545 2481 1684 2520 syllabis

985 2536 1046 2567 per
1061 2528 1328 2558 contractionem
1345 2526 1518 2560 efferenda
1534 2530 1613 2562 erit.

1026 2579 1068 2607 44
1088 2575 1215 2615 Eetion]
1231 2578 1298 2609 Qui
1311 2582 1410 2618 pater
1420 2578 1683 2622 Andromaches,

988 2626 1150 2659 Hectoris
1167 2628 1289 2659 uxoris.

1029 2678 1164 2718 Icarius]
1179 2677 1280 2709 Hunc
1295 2678 1416 2711 habuit
1430 2683 1562 2722 patrem
1573 2681 1682 2713 Pene-

985 2730 1075 2771 lope,
1088 2730 1218 2770 Ulyssis
1233 2730 1370 2771 conjux.
