1877 3193
622 178 862 209 'rmSTlUM
898 178 991 210 mn.
1025 179 1089 210 iv.
1120 170 1160 208 4.
1505 171 1619 215 2399

166 271 271 322 Quo
295 284 468 313 vereare
486 272 642 320 minus,
670 286 724 313 ne
744 274 828 314 sim
849 275 928 315 tibi
947 274 1110 316 crimen
1131 274 1303 316 amicus
1321 286 1334 326 ;
1565 277 1622 318 25

223 339 458 389 Invidiam,
481 340 519 379 si
541 352 626 392 qua
648 346 730 389 est,
754 346 906 383 auctor
924 343 1083 384 habere
1103 346 1266 396 potest.

166 406 285 447 Nam
308 409 408 447 tuus
429 409 493 447 est
511 406 663 459 primis
685 408 829 450 cultus
849 409 956 449 mihi
973 422 1148 463 semper
1169 410 1226 451 ab
1249 408 1374 450 annis

219 473 346 528 (Hoc
364 474 453 514 noli
474 478 590 514 certe
613 473 909 527 dissimulare)
929 480 1054 528 pater
1072 489 1081 517 z

165 540 476 593 Ingeniumque
494 553 636 581 meum
656 539 809 594 (potes
829 542 912 582 hoc
932 540 1199 595 meminisse)
1219 543 1440 596 probabat
1457 555 1466 584 :

222 608 329 648 Plus
351 608 496 658 etiam,
518 621 650 662 quam
670 622 738 649 me
755 608 906 663 judice
927 608 1086 663 dignus
1105 622 1239 652 eram.
1565 610 1621 652 30

165 675 322 728 Deque
342 675 448 715 meis
471 676 546 716 illo
568 675 777 716 referebat
795 676 999 718 versibus
1023 689 1111 727 ore,

222 742 273 782 In
293 755 383 796 quo
405 755 509 796 pars
529 743 628 784 altae
648 742 894 784 nobilitatis
912 747 1021 785 erat.

164 809 267 851 Non
287 811 416 864 igitur
437 811 519 852 tibi
539 824 669 860 nune,
691 811 809 864 quod
830 824 899 851 me
922 810 1077 851 (lomus
1098 810 1184 851 ista
1203 812 1383 865 recepit,

221 878 310 920 Sed
331 879 453 932 prius
475 880 648 920 auctori
665 882 767 919 sunt
788 879 894 919 data
913 879 1050 920 verba
1071 882 1163 920 tuo.

166 943 262 986 Nec
284 945 390 987 data
409 949 524 995 sunt,
544 945 650 986 mihi
672 945 815 997 crede,
837 949 1006 987 tamen:
1027 945 1105 987 sed
1125 945 1169 985 in
1189 945 1395 987 omnibus
1418 946 1542 997 actis,
1564 946 1620 987 35

221 1011 390 1054 Ultima
412 1015 451 1054 si
472 1014 637 1063 demas,
657 1015 748 1054 vita
770 1012 930 1054 tuenda
946 1025 1046 1053 mea
1066 1015 1146 1053 est.

164 1079 297 1121 Hanc
321 1093 509 1134 quoque,
529 1093 615 1133 qua
636 1080 763 1133 perii,
785 1080 959 1133 culpam
978 1079 1122 1120 scelus
1141 1091 1239 1120 esse
1260 1078 1456 1134 negabis,

220 1147 269 1187 Si
289 1147 396 1187 tanti
417 1149 551 1187 series
573 1147 631 1186 sit
651 1146 732 1187 tibi
751 1149 856 1187 nota
873 1145 995 1186 mali.

164 1213 254 1254 Aut
272 1213 415 1264 timor,
438 1218 512 1254 aut
530 1227 645 1254 error
663 1212 806 1261 nobis,
828 1212 951 1264 prius
973 1211 1118 1252 obfuit
1139 1222 1275 1252 error.

219 1280 291 1321 Ah
311 1281 402 1321 sine
422 1293 491 1320 me
511 1279 590 1319 fati
612 1291 701 1318 non
723 1277 973 1317 meminisse
989 1277 1075 1318 mei
1093 1278 1103 1319 Ξ
1565 1281 1621 1322 40

157 1400 306 1431 allocutus
321 1408 406 1430 eram
420 1408 533 1439 sospes.
584 1398 628 1428 Ut
643 1397 742 1428 minus
757 1401 886 1437 metuas,
909 1407 946 1428 ne
962 1407 1026 1439 ego
1051 1398 1167 1430 amicus
1189 1398 1248 1430 sim
1270 1398 1331 1430 tibi
1345 1398 1468 1430 crimini
1480 1410 1492 1437 ;
1514 1403 1620 1431 auctor

157 1446 255 1483 potest
272 1443 382 1473 babere
397 1442 558 1480 iuvidiam,
575 1441 602 1471 si
620 1451 687 1480 quse
703 1444 760 1471 est.
808 1441 892 1471 Num
910 1444 979 1471 tuus
993 1444 1084 1480 pater
1099 1444 1145 1471 est
1159 1451 1278 1481 semper
1294 1441 1472 1472 observatus
1486 1452 1505 1473 ιι
1521 1452 1567 1473 me
1582 1443 1621 1473 ab

159 1486 248 1516 annis
270 1485 403 1516 teneris:
433 1485 495 1515 noli
521 1487 604 1514 certe
629 1484 683 1513 hoc
709 1492 843 1522 negare:
866 1486 957 1523 atque
979 1483 1124 1513 laudabat
1147 1493 1245 1514 meu-m
1261 1483 1419 1523 ingenium
1435 1486 1543 1524 (potes
1557 1485 1621 1515 ista

157 1529 316 1559 recordari
326 1529 359 1567 :)
379 1528 473 1558 etiam
487 1527 616 1566 amplius
631 1535 723 1564 quum
737 1535 821 1555 eram
835 1526 960 1563 dignus,
974 1535 1022 1555 me
1028 1526 1147 1564 judice.
1192 1526 1295 1565 Atque
1311 1526 1457 1556 narrabat
1480 1527 1518 1557 de
1544 1527 1623 1557 meis

158 1571 344 1601 carminibus
358 1571 409 1600 illo
425 1580 475 1600 ore
490 1569 522 1599 ἰη
536 1578 593 1608 quo
609 1571 674 1597 erat
689 1577 762 1605 pars
779 1568 904 1597 excelsae
920 1566 1103 1598 nobilitatis.
1150 1568 1223 1598 Non
1247 1577 1320 1607 ergo
1345 1578 1424 1598 nunc
1450 1568 1509 1598 tibi
1523 1567 1621 1608 impo-

158 1613 253 1643 situm
267 1616 326 1652 est,
341 1614 421 1652 quod
436 1613 542 1642 «lomus
558 1610 617 1640 ista
632 1619 678 1639 me
691 1609 829 1647 admisit,
845 1609 895 1638 sed
911 1612 1001 1639 antea
1015 1610 1154 1648 genitori
1175 1613 1237 1640 tuo.
1287 1611 1390 1650 Neque
1405 1613 1507 1641 tumen
1523 1612 1620 1652 impo-

159 1654 253 1685 situm
268 1659 326 1691 est,
340 1655 417 1684 mihi
432 1655 520 1684 crede
533 1663 543 1688 ;
564 1653 617 1682 secl
642 1652 670 1681 si
696 1652 785 1681 tollas
809 1654 976 1691 postrema,
999 1653 1064 1682 vita
1089 1662 1154 1683 mea
1169 1655 1215 1683 est
1228 1652 1418 1690 defendenda
1434 1653 1467 1683 in
1482 1653 1621 1684 omnibus

153 1696 261 1734 saccis.
306 1696 447 1734 Negabis
472 1696 566 1726 etium
587 1697 745 1734 peccalum
771 1703 828 1733 quo
855 1694 952 1724 occidi
968 1704 1031 1724 esse
1045 1694 1224 1735 flagitium,
1238 1694 1266 1724 si
1281 1695 1375 1725 sea-ies
1389 1696 1472 1726 tanti
1489 1695 1562 1726 mali
1577 1696 1620 1726 sit

161 1739 217 1769 tibi
231 1741 400 1779 perspecta.
446 1738 511 1769 Aut
528 1742 636 1777 metus,
661 1739 715 1767 uui
732 1746 829 1775 error,
853 1746 939 1767 error
962 1738 1064 1776 potius
1086 1737 1171 1768 nobis
1186 1737 1302 1768 nocuit.
1349 1737 1429 1769 Ah!
1448 1740 1556 1778 patere
1572 1747 1618 1769 me

770 1826 1005 1837 eeeeeeeeeeee

159 1890 209 1917 tro
235 1890 288 1917 est
312 1896 353 1916 ex
379 1886 464 1925 conj.
488 1885 609 1916 Heius.
640 1885 731 1924 vulg.
761 1889 888 1921 nostru;
912 1885 980 1915 duo
1007 1889 1091 1916 vett.
1114 1884 1311 1915 nomi—25
1337 1883 1500 1924 Plerique
1528 1887 1617 1916 vett.

160 1933 249 1961 teste
266 1928 385 1960 Heins.
402 1930 489 1960 crim.
504 1928 620 1959 amice:
647 1926 764 1957 Heins.
782 1927 869 1967 conj.
898 1928 1090 1957 amica—27
1115 1928 1272 1959 Quatuor
1299 1925 1374 1956 libri
1403 1926 1544 1965 Namque
1556 1927 1620 1956 tuis

157 1971 336 2010 Μίνω-28
358 1972 485 2011 scripti
514 1975 548 2001 et
566 1969 650 2000 editi
680 1969 814 2008 plurimi
830 1970 949 2000 Saltem
978 1969 1032 1998 lwc
1049 1970 1130 1999 noli.-
1151 1969 1232 2001 Jun.
1258 1968 1385 2007 Regius
1401 1971 1436 1998 et
1453 1968 1617 2000 Bernens.

159 2015 214 2044 hoc
230 2014 328 2049 nolit;
354 2020 389 2044 ut
407 2014 447 2044 ad
466 2019 596 2054 patrem
625 2010 806 2049 referatur,
824 2011 892 2051 qui,
909 2011 936 2041 si
965 2011 1110 2048 viveret,
1134 2011 1242 2041 nollet
1258 2010 1482 2041 dissimulare.
1505 2011 1618 2042 Burm.

159 2059 245 2088 --29
269 2057 339 2087 Hoc
364 2067 414 2096 pr.
442 2056 526 2086 Edd.
544 2061 578 2086 et
606 2053 683 2086 libri
712 2054 854 2093 scripti;
881 2054 970 2092 vulg.
1000 2053 1158 2083 licea—:31
1185 2053 1267 2083 Lov.
1296 2052 1389 2090 refer.
1404 2052 1555 2091 plurimus
1568 2063 1616 2084 or.

159 2098 277 2130 Heius.
290 2100 437 2129 malebat
452 2098 662 2128 lusibus—32
680 2096 823 2126 Plurimi
840 2096 960 2135 scripti
974 2100 1010 2125 et
1024 2095 1109 2125 editi
1123 2105 1244 2134 mugnae
1256 2105 1316 2135 pro
1325 2095 1498 2126 ultan—34
1515 2095 1619 2126 Fran-

159 2141 230 2172 cius
248 2142 394 2172 malebat
415 2142 473 2171 Sed
491 2141 590 2178 magis
605 2143 686 2169 «met.
709 2140 792 2169 Tum
819 2139 917 2169 Leid.
936 2138 975 2168 R.
1003 2143 1038 2168 et
1054 2137 1120 2167 ‹luo
1147 2138 1201 2167 alii
1223 2138 1284 2167 sint
1301 2139 1470 2167 (laem—37
1496 2137 1618 2169 Heius.

160 2184 254 2214 malit
270 2194 326 2214 ess.
344 2185 564 2223 negarim—39
589 2182 722 2221 Ubique
737 2180 823 2218 fere,
846 2182 855 2196 ⁴
870 2179 1026 2219 culpam,'
1048 2182 1056 2195 ‘
1072 2179 1244 2214 errorem‚’
1268 2182 1276 2196 ‘
1291 2178 1484 2209 stultitiam'
1517 2184 1618 2212 vocat

159 2226 288 2257 crimen
304 2237 399 2256 suum
416 2237 421 2255 :
448 2234 552 2266 quare
566 2224 654 2254 forte
670 2228 848 2260 coi-ruptus
861 2228 914 2253 est
930 2224 1034 2261 locus,
1048 2227 1167 2252 etcum
1182 2222 1360 2253 Puteaneo
1373 2221 1490 2252 codice
1505 2222 1619 2262 legen-

158 2268 251 2306 dum,
267 2269 438 2306 Antium,
455 2272 508 2298 uut
535 2276 640 2298 error.-
665 2271 702 2295 ut
726 2265 897 2305 intelligat
921 2269 1020 2295 artem
1047 2264 1251 2296 mnatariam:
1275 2274 1351 2295 nam
1370 2264 1456 2295 libro
1481 2273 1519 2295 11.
1539 2267 1616 2297 207.

158 2310 224 2342 duo
240 2313 383 2343 crimina
407 2310 594 2351 perdidisse
611 2319 646 2340 se
662 2309 710 2339 ait
733 2309 890 2338 ‘carmen
907 2313 939 2338 et
958 2317 1104 2338 errorem
1119 2306 1141 2338 τ’
1165 2308 1213 2338 ita
1228 2308 1281 2338 liic
1307 2307 1385 2337 liber
1401 2311 1453 2337 est
1469 2316 1617 2339 carmen.

159 2353 217 2384 Sin
233 2354 325 2386 timor
342 2353 555 2385 retinendum
571 2356 635 2392 est,
650 2356 687 2382 ut
703 2349 842 2381 defendi
860 2354 974 2391 potest
990 2360 1032 2381 ex
1045 2350 1103 2381 lib.
1120 2359 1159 2381 ii.
1177 2360 1218 2380 ex
1235 2350 1338 2381 Pout.
1351 2358 1392 2380 11.
1412 2352 1461 2381 17.
1475 2349 1616 2381 creden-

818 2454 956 2485 NOTAE

205 2531 244 2559 25
262 2529 327 2561 Sim
344 2531 400 2561 tibi
414 2532 545 2572 crimen]
567 2530 738 2561 'ribivitio
756 2535 859 2571 atque
957 2533 995 2561 34
1022 2528 1166 2567 Auctor-i]
1205 2527 1315 2557 l'atri:
1351 2531 1387 2555 ut
1416 2523 1546 2553 frustra
1570 2522 1616 2553 sit

164 2578 289 2617 probro
311 2586 474 2611 vertatur.
913 2579 968 2619 qui
997 2585 1029 2609 te
1057 2578 1156 2608 hodie
1187 2576 1330 2607 amicum
1348 2583 1457 2604 meum
1478 2572 1614 2604 caville-

205 2629 246 2658 26
269 2626 399 2668 Auctor]
433 2629 511 2667 Ipse
530 2641 605 2669 ego,
620 2630 761 2671 quijam
779 2631 858 2661 olim
915 2635 981 2660 tur.

164 2680 294 2716 patrem
311 2679 403 2706 tuum
421 2677 562 2708 maxime
578 2681 676 2710 colui.
955 2682 994 2707 35
1021 2678 1084 2707 Nec
1113 2676 1202 2716 duta]
1233 2675 1324 2706 Quia
1352 2674 1519 2716 deceptus
1546 2683 1612 2706 non

206 2729 245 2757 33
270 2725 353 2766 Ista]
374 2725 457 2767 Tua,
469 2726 614 2768 scilicet,
628 2730 786 2762 Messala.
912 2732 964 2759 est
981 2731 1079 2768 puter
1096 2731 1172 2758 tuus
1190 2725 1224 2756 in
1240 2734 1305 2757 me.
