1877 3193
568 150 722 181 EPIST.
757 151 823 181 EX
857 151 1015 182 P0N¹ro
1048 152 1144 182 ΜΒ.
1178 152 1210 182 1.
1241 141 1282 183 3.
1538 143 1653 186 2515

202 244 262 286 Et
274 243 370 299 jam
391 244 595 286 deficiens
617 246 681 286 sic
702 246 758 287 ad
780 249 853 286 tua
872 247 1008 286 verba
1026 247 1179 297 revixi,

265 311 324 353 Ut
342 313 455 353 solet
474 306 621 352 infuso
642 326 752 353 vena
772 313 909 354 redire
930 326 1066 354 mero.
1599 316 1655 357 10

203 377 306 420 Non
326 384 468 421 tamen
490 379 688 421 exhibuit
710 386 856 420 tantas
876 380 1085 420 facundia
1104 382 1237 432 vires,

261 446 323 487 Ut
342 459 439 486 mea
461 446 547 486 sint
568 446 697 488 dictis
718 450 895 499 pectora
917 458 1027 485 sana
1049 447 1153 486 tuis.

202 512 267 554 Ut
286 514 465 553 multum
487 518 648 552 nostrae
667 512 893 553 demas-de
914 513 1081 564 gurgite
1103 525 1249 565 curae3

260 580 364 622 Non
384 581 524 620 minus
546 580 776 629 exhausto,
799 579 914 634 quod
935 581 1171 633 superabit,
1192 582 1283 624 erit.

202 648 419 701 Tempore
441 647 622 688 ducetur
641 647 772 700 longo
795 648 982 688 fortasse
1004 647 1194 688 cicatrix
1212 661 1222 689 2
1606 652 1661 692 15

263 715 452 755 Horrent
473 715 678 756 admotas
697 715 876 756 vulnera
897 715 1033 755 cruda
1052 727 1223 756 manus.

203 781 308 822 Non
329 787 395 823 est
415 784 459 823 in
479 783 653 824 medico
675 796 863 835 semper,
885 783 1096 822 relevetur
1116 787 1164 823 ut
1185 795 1325 836 aeger:

262 849 486 890 Interdum
508 850 639 890 docta
656 850 757 901 plus
780 850 896 889 valet
916 855 1006 890 arte
1027 850 1204 892 malum.

204 913 373 965 Cernis,
393 920 440 957 ut
460 930 484 956 e
504 916 630 956 molli
651 917 830 968 sanguis
850 917 1055 970 pulmone
1073 917 1281 958 remissus

261 981 334 1022 Ad
356 983 535 1036 Stygias
557 989 674 1024 certo
694 984 832 1025 limite
854 985 989 1025 ducat
1010 998 1164 1038 aquas.
1609 986 1664 1026 20

206 1048 372 1090 Afferat
391 1051 487 1103 ipse
508 1051 615 1091 licet
635 1063 785 1091 sacras
807 1051 1072 1104 Epidaurius
1093 1052 1252 1092 herbas
1270 1065 1280 1103 ;

263 1116 447 1158 Sanabit
465 1118 584 1158 nulla
602 1119 783 1159 vulnera
804 1119 949 1159 cordis
972 1131 1073 1171 ope.

205 1182 378 1224 Tollere
398 1185 608 1225 nodosam
630 1186 767 1225 nescit
787 1184 1004 1224 medicina
1023 1184 1283 1237 podagram,

265 1251 361 1292 Nec
382 1252 626 1292 formidatis
649 1251 888 1291 auxiliatur
909 1251 1052 1303 aquis.

203 1365 280 1405 coepi
295 1375 358 1396 esse
360 1365 489 1406 firmior
511 1368 562 1395 tuo
577 1365 745 1395 admonitu.
790 1364 969 1405 Atquejam
982 1364 1145 1395 derelictus
1160 1364 1204 1395 sic
1221 1364 1385 1396 restitutus
1398 1374 1465 1395 sum
1479 1365 1519 1395 ad
1534 1367 1604 1395 tuas
1618 1375 1666 1396 vo-

204 1417 263 1446 ces,
280 1411 316 1438 ut
331 1417 408 1438 rena
430 1408 584 1438 consuevit
606 1409 703 1438 denuo
723 1408 837 1438 micare
866 1409 933 1437 rino
959 1407 1070 1447 affuso,
1118 1407 1305 1446 Eloquentia
1322 1411 1424 1437 tamen
1447 1417 1507 1437 ‘non
1531 1408 1666 1446 proebuit

205 1453 309 1481 tantas
324 1451 416 1489 vires,
431 1454 466 1481 ut
482 1461 580 1481 meum
601 1460 651 1480 cor
665 1450 852 1480 convaluerit
870 1451 931 1480 tuis
945 1450 1049 1479 (lictis.
1096 1449 1244 1483 Quamvis
1266 1451 1393 1479 multum
1416 1451 1506 1480 tollas
1519 1451 1556 1480 de
1577 1450 1666 1479 bara-

206 1492 275 1523 thro
289 1497 404 1523 nostra²
418 1493 633 1531 solicitudinis,
659 1493 738 1530 quod
764 1491 893 1521 restabit
918 1501 977 1521 non
1003 1491 1065 1521 erit
1079 1491 1181 1520 minus
1203 1502 1236 1520 eo
1262 1493 1341 1530 quod
1365 1492 1524 1522 demseris.
1569 1492 1666 1522 Forte

205 1535 337 1566 cicatrix
363 1537 522 1565 claudetur
547 1535 639 1572 longa
664 1543 770 1563 mora:
791 1534 893 1572 plagae
918 1536 1056 1562 recentes
1079 1531 1240 1571 refugiunt
1263 1543 1370 1563 manus
1395 1535 1545 1563 admotas.
1592 1534 1666 1564 Non

206 1580 251 1607 est
265 1587 382 1617 semper
403 1586 503 1617 poenes
518 1577 680 1615 medicum,
694 1578 730 1605 ut
745 1579 881 1613 oegrotus
895 1576 1093 1605 convalescat.
1141 1576 1367 1614 Nonnunquam
1384 1576 1504 1606 morbus
1524 1576 1593 1615 plus
1613 1585 1666 1616 po-

206 1622 266 1649 test
281 1623 350 1649 arte
365 1620 492 1649 medica.
532 1618 670 1658 Aspicis,
693 1620 726 1648 ul
754 1627 844 1647 cruor
870 1617 984 1655 ejectus
1009 1628 1048 1648 ex
1064 1620 1167 1648 tenero
1191 1618 1331 1657 pulmone
1346 1619 1438 1649 ducat
1453 1619 1492 1648 ad
1506 1628 1600 1657 aquas
1619 1619 1666 1648 in-

202 1661 290 1699 seras
305 1664 387 1691 certo
403 1662 487 1691 calle.
534 1661 683 1696 Quamvis
708 1662 771 1699 ipse
799 1660 991 1699 Epidaurius
1013 1660 1155 1690 adhibeat
1179 1670 1265 1690 sacru
1279 1661 1436 1699 gramina,
1451 1661 1532 1691 nullo
1548 1660 1666 1691 auxilio

207 1703 320 1734 levabit
336 1704 461 1735 vulnera
475 1703 587 1734 cordis.
632 1703 791 1734 Medicina
806 1702 910 1742 nequit
926 1702 1045 1742 fugare
1063 1704 1233 1742 podagram
1251 1705 1404 1744 nodosam,
1420 1713 1515 1743 neque
1527 1704 1667 1734 medetur

820 1784 1054 1796 eeeeeeeeeeee

210 1842 280 1873 Ma.
301 1851 412 1882 spemq.
428 1843 537 1873 (ledere
552 1843 689 1873 mal.-—S
706 1842 748 1872 P.
766 1841 794 1872 A
813 1840 927 1871 monito
943 1844 1104 1881 coep.—10
1120 1842 1285 1873 Twisden.
1301 1844 1354 1873 sol.
1371 1842 1470 1882 cffiso
1490 1851 1587 1877 vena;
1610 1840 1667 1871 alii

210 1884 312 1915 etiam
330 1884 437 1924 effuso.
484 1885 550 1916 Pro
564 1894 640 1915 vena
656 1883 947 1923 nonnulliflamma
959 1885 1010 1913 vel
1027 1883 1111 1914 vita:
1130 1885 1249 1915 Heius.
1266 1885 1353 1924 conj.
1375 1885 1478 1915 Vesta.
1494 1884 1584 1913 Mor.
1599 1892 1667 1913 sur-

209 1936 284 1966 gere
294 1937 370 1958 vena
385 1930 561 1957 mera—ll
582 1926 728 1958 Quidam
743 1926 826 1956 editi
845 1930 879 1955 et
897 1925 1017 1964 scripti
1031 1927 1096 1955 Nec
1112 1929 1225 1956 tamen.
1259 1927 1340 1956 Mox
1357 1927 1436 1958 Jun.
1452 1929 1530 1956 tant.
1545 1925 1667 1966 fiducia

211 1969 354 2000 vin—13
370 1969 425 2000 Sic
438 1969 557 1999 Heius.
573 1979 615 2000 ex
632 1968 713 2009 Arg.
728 1972 763 1998 et
779 1967 927 2008 quinque
942 1967 1033 1997 aliis:
1048 1968 1135 2008 vulg.
1152 1969 1241 1998 mult.
1258 1970 1361 1999 demus
1377 1972 1480 1999 nostro
1495 1970 1532 1998 de
1544 1971 1667 2007 pectore

210 2014 387 2042 curoe.-—l4
413 2011 493 2051 Arg.
510 2022 600 2052 quum
617 2020 677 2051 pro
693 2011 865 2051 quod—18
891 2010 957 2040 Ms.
974 2010 1106 2040 Bersm.
1126 2011 1190 2040 Int.
1208 2011 1326 2041 medica
1350 2012 1480 2051 pl.—19
1503 2011 1569 2040 Sex
1587 2009 1665 2040 libri

211 2054 306 2093 pulm.
318 2054 453 2084 revulsus
465 2065 474 2089 ς
493 2064 574 2085 unus
586 2054 746 2094 repulsus;
761 2052 844 2083 alius
855 2053 1070 2083 revulsa—20
1084 2053 1229 2085 Quidam
1242 2063 1301 2093 pro
1312 2053 1412 2084 limite
1425 2053 1511 2093 legit
1525 2052 1664 2084 tramite.

212 2098 295 2127 —21
320 2097 416 2127 Leid.
432 2097 528 2127 siccas
544 2106 604 2137 pro
619 2106 740 2127 sacras:
763 2100 799 2126 et
823 2099 894 2126 tum
910 2095 977 2125 duo
993 2095 1068 2125 libri
1106 2096 1284 2126 Podalirius
1307 2096 1477 2126 herb—22
1494 2096 1573 2126 Duo
1590 2094 1667 2125 libri

212 2139 324 2170 meritis
333 2149 394 2180 pro
403 2140 598 2171 cordia—23
608 2138 822 2170 Mercurialis
832 2147 899 2169 var.
910 2138 987 2168 lect.
999 2137 1057 2169 lib.
1066 2147 1091 2168 1.
1104 2141 1135 2169 2.
1147 2138 1231 2169 citat
1241 2138 1363 2169 Solvere
1379 2140 1565 2169 nodos—24
1577 2138 1666 2169 Mor.

868 2233 1009 2267 NOTAE

213 2305 307 2336 vivat
333 2315 426 2337 mens
464 2310 593 2345 nostra,
622 2306 700 2337 hinc
732 2305 834 2336 facile
863 2310 915 2336 cst
1011 2308 1050 2336 21
1075 2305 1201 2347 Sacras]
1241 2305 1304 2337 Seu
1337 2304 1525 2336 efficaciam
1553 2304 1670 2338 herba-

213 2355 405 2397 intelligere
427 2361 590 2398 quantum
612 2356 654 2387 ad
682 2356 768 2387 illius
785 2356 914 2386 valetu-
969 2365 1054 2395 rum,
1069 2365 1127 2386 seu
1151 2355 1333 2396 AEsculapii
1351 2354 1553 2394 dignitatem
1571 2363 1668 2393 spec-

215 2405 328 2437 diuem
344 2407 500 2438 conferre
519 2407 650 2448 possint
665 2407 753 2437 bona
768 2405 886 2437 verba.
911 2435 914 2437 Α
970 2410 1035 2436 tes.

259 2458 298 2487 15
323 2457 479 2497 Ducetur]
504 2457 544 2488 Id
568 2461 620 2489 est
647 2457 781 2498 penitus
797 2456 916 2488 oblite·
1016 2455 1222 2495 Epidaurius]
1267 2452 1475 2491 AEsculapius
1503 2450 1668 2490 Apollinis

218 2502 348 2534 rabitur
375 2505 484 2547 dolor,
519 2512 577 2538 aut
616 2507 790 2538 exolescet
821 2517 914 2538 cura.
970 2504 1070 2543 filius,
1086 2504 1243 2544 idemque
1270 2501 1421 2532 medicus
1445 2499 1598 2539 insignis,
1613 2501 1670 2541 qui

218 2551 423 2592 Metaphora
447 2561 499 2588 est
521 2567 544 2587 a
569 2557 766 2588 vulneribus
794 2556 916 2597 petita,
973 2554 1115 2594 primum
1142 2552 1318 2592 Epidauri,
1343 2560 1416 2590 quae
1442 2550 1670 2589 Peloponnesi

221 2603 386 2642 quae-cum
402 2606 562 2636 sanantur
574 2607 768 2639 cicatricem
780 2606 917 2637 ducunt.
972 2603 1052 2634 urbs
1065 2602 1141 2641 fuit,
1156 2602 1213 2631 ubi
1230 2601 1286 2630 ille
1303 2606 1413 2639 natus,
1430 2609 1489 2640 pro
1506 2601 1583 2631 Deo
1599 2601 1671 2632 cul-

264 2653 305 2681 20
332 2652 438 2691 Certo]
463 2655 601 2685 Lethale
617 2660 670 2687 est
690 2658 779 2688 enim
799 2657 919 2688 vulnus
974 2659 1028 2685 tus
1045 2656 1108 2690 est,
1123 2651 1248 2682 deinde
1266 2651 1406 2682 Romam
1423 2651 1617 2682 translatus.

222 2700 255 2732 in
274 2701 442 2742 pulmone.
1016 2704 1057 2733 24
1083 2702 1289 2742 Formidatis]
1311 2702 1376 2733 Seu
1395 2701 1606 2740 formidandis
1625 2701 1671 2732 le-
