1877 3193
876 191 985 221 inis.
1541 179 1655 220 2807

201 285 405 341 Dumque
428 286 564 327 redire
587 286 705 327 voles
728 286 815 327 aevi
835 284 1028 326 melioris
1049 286 1091 325 iu
1113 297 1267 333 annos,

255 354 318 395 Ut
335 358 460 395 vetus
482 353 662 394 Admeti
684 352 904 406 decipiare
925 365 1063 392 socer.

198 420 343 475 Atque
364 435 498 475 eques
518 422 563 462 in
583 420 718 461 medii
737 432 930 471 mergare
948 419 1149 471 voragine
1170 418 1304 467 coeni,

260 488 514 530 Dummodo
535 489 625 529 sint
646 487 748 528 facti
767 486 945 526 nomina
965 485 1081 524 nulla
1102 486 1178 525 tui.

198 554 347 608 Atque
369 557 534 597 utinam
556 567 728 608 pereaS‚
745 552 883 592 veluti
904 551 957 591 de
977 550 1180 591 dentibus
1203 551 1286 591 orti

256 621 443 665 Sidonia
457 623 594 676 jactis
616 619 754 660 Graia
772 632 850 672 per
873 631 979 659 arva
997 630 1144 658 mann.

198 687 255 728 Et
274 702 374 742 quae
396 686 636 728 Penthides
657 686 778 735 fecit,
800 685 1016 738 fraterque
1038 684 1258 734 Medusae,

256 754 475 796 Eveniant
492 753 630 808 capiti
651 757 757 794 vota
780 752 954 793 sinistra
974 755 1063 794 tuo.

1573 416 1658 456 445

1574 752 1660 793 450

199 894 262 916 aere
276 885 411 926 Paphio.
458 887 502 916 Et
525 887 596 916 dum
611 885 713 926 cupies
738 885 853 917 reverti
879 884 912 916 in
938 894 1035 916 annos
1050 882 1156 914 oetatis
1172 881 1365 920 valentioris,
1384 881 1514 920 fallaris
1530 886 1563 913 ut
1578 884 1663 914 auti·

198 937 275 967 quus
289 937 372 959 socer
392 930 530 960 Admeti.
578 928 679 968 Atque
694 938 783 969 eques
795 927 987 958 absorbearis
1007 927 1116 967 abysso
1132 926 1225 956 medii
1240 925 1309 964 luti,
1325 927 1485 956 dummodo
1501 926 1602 956 nullus
1617 927 1661 956 sic

199 970 290 1000 honos
306 974 369 1001 tuce
393 973 497 1002 sortis.
543 972 646 1011 Atque
671 972 792 1001 utinam
818 971 939 1002 occidas
953 971 1032 1001 sicut
1048 969 1117 1000 nati
1141 979 1180 1000 ex
1194 968 1338 999 dentibus
1359 968 1477 1008 sparsis
1498 977 1554 1008 per
1569 978 1663 1007 agros

200 1022 293 1044 manu
308 1014 433 1046 Groeca.
481 1015 526 1045 Et
540 1014 677 1053 infelicia
690 1017 772 1054 totu,
788 1024 855 1054 quae
870 1013 1043 1044 Penthides
1058 1016 1087 1043 et
1091 1011 1201 1050 frater
1217 1011 1359 1042 Medusa»
1373 1014 1584 1052 conceperunt,
1599 1021 1664 1042 ere-

814 1098 1049 1110 eeeeeeeeeeee

199 1150 256 1183 Sa.
283 1152 522 1185 Pharia—443
548 1155 628 1185 Duo
659 1153 738 1184 libri
769 1156 905 1194 Cumque
933 1154 1110 1184 νεώ-444
1134 1153 1222 1184 Mor.
1251 1151 1404 1192 decipiere
1431 1160 1490 1182 soc.
1520 1153 1555 1180 et
1578 1158 1663 1180 unus

201 1193 323 1225 Heins.
347 1196 631 1235 mastdarm—445
657 1197 698 1228 R.
714 1199 794 1228 med.
821 1206 958 1236 mergere
979 1198 1196 1236 vortig—446
1218 1196 1298 1226 Duo
1315 1193 1479 1232 vett.suti
1494 1191 1663 1233 profacli.

200 1236 290 1267 Tum
317 1238 408 1269 Mor.
425 1249 506 1270 nom.
524 1249 594 1270 veru
610 1240 777 1271 tua—448
801 1239 871 1270 Pro
891 1239 991 1277 jactis
1018 1238 1115 1269 multi
1140 1242 1224 1269 vett.
1242 1247 1319 1268 cum
1336 1237 1407 1267 Ma.
1431 1240 1466 1267 et
1481 1236 1510 1266 Ι.
1526 1235 1664 1275 sparsis.-

199 1281 352 1311 nonuulli
368 1281 471 1312 etiam
486 1282 573 1319 jacti
597 1287 632 1313 et
654 1282 764 1322 sparsi.
790 1282 895 1312 Grata
912 1281 1015 1312 etiam
1032 1291 1093 1321 pro
1112 1281 1213 1310 Graia
1233 1289 1319 1310 unus
1345 1279 1466 1309 Heius.
1490 1282 1526 1308 et
1548 1277 1666 1307 alii.—

199 1323 264 1359 449
279 1323 450 1355 Penthides
460 1334 502 1355 ex
519 1324 674 1364 scriptis:
692 1334 754 1363 pro
762 1325 930 1363 fraterque
945 1323 1102 1354 meliores
1119 1322 1290 1359 defrutre:
1307 1330 1391 1351 unus
1408 1319 1575 1350 Medullae:
1591 1328 1666 1348 ver-

199 1373 256 1395 sus
279 1366 406 1396 nemini
432 1367 641 1397 intellectus.
666 1366 777 1397 Heius.
808 1365 971 1406 Spretides
1001 1365 1174 1396 Gallicus:
1200 1366 1237 1396 ‹1e
1256 1366 1348 1404 patre
1371 1363 1495 1394 Petav.
1512 1362 1594 1393 nihil
1611 1361 1665 1392 hie

862 1466 1003 1498 NOTAE

202 1546 271 1580 tur,
289 1551 308 1571 a
336 1539 559 1581 popularibus
587 1541 717 1581 impetu
745 1539 847 1581 facto,
873 1540 907 1571 in
956 1541 1028 1581 jus,
1052 1544 1088 1571 ut
1108 1544 1144 1571 et
1162 1540 1317 1571 Medusae
1339 1537 1454 1569 fratris
1474 1537 1562 1569 votis
1579 1537 1667 1569 frus-

201 1596 336 1623 taurum
352 1601 447 1621 suum
465 1591 642 1631 conjectus
659 1591 818 1632 denique.

243 1644 308 1674 442
325 1641 461 1683 Paphio]
477 1642 546 1673 Pro
560 1642 676 1683 quovis
693 1652 761 1673 aere
775 1642 908 1683 posuit3

204 1693 295 1735 quia,
321 1693 465 1731 scilicet,
490 1693 626 1733 Paphos
654 1693 771 1723 insulae
804 1693 908 1733 Cypri

203 1744 366 1787 oppidum
384 1754 423 1775 eo
440 1744 586 1774 maxime
602 1743 764 1773 abundat.

246 1797 308 1826 443
334 1793 493 1833 Melioris]
515 1793 696 1833 Juvenilis,
714 1793 857 1825 scilicet.

245 1847 311 1876 444
334 1844 444 1884 Socer]
467 1844 581 1875 Pelias
602 1849 666 1883 est,
684 1844 781 1884 cujus
805 1843 908 1874 filiam

204 1894 370 1926 Alcesten
408 1894 575 1925 Admetus
620 1904 760 1925 uxorem
799 1894 907 1925 duxit.

204 1946 282 1979 Qua
298 1944 420 1976 fraude
443 1949 557 1976 autem
573 1945 665 1975 illum
683 1944 827 1975 filiarum
841 1954 908 1975 ma-

204 1996 302 2027 nibus
342 1995 473 2032 Medea
505 1995 681 2026 sustulerit
715 1995 838 2025 videsis
872 1994 906 2025 in

203 2046 347 2077 Metam.

248 2100 309 2129 445
337 2097 454 2137 Eques]
478 2096 532 2127 Ad
548 2097 657 2128 Curtii
675 2096 910 2128 alludithisto-

206 2149 301 2189 riam,
325 2150 394 2190 qui,
411 2150 526 2179 Romae
553 2148 646 2179 hiatu
670 2148 800 2188 ingenti
817 2152 910 2179 terra

204 2199 415 2238 dehiscente,
430 2208 616 2230 conscenso
641 2208 728 2239 equo
745 2208 818 2228 sese
832 2198 909 2228 Diis

206 2249 364 2280 Manibus
381 2259 423 2280 ex
448 2249 641 2290 aruspicum
668 2259 829 2289 responso
852 2249 909 2279 de-

204 2300 310 2339 vovit,
327 2300 411 2330 etin
428 2309 566 2339 specum
584 2300 825 2340 praecipitavit.

248 2352 314 2379 446
336 2350 524 2389 Dummodo]
558 2349 702 2380 Addidit
733 2350 837 2388 istud,
867 2359 909 2380 ne

208 2407 309 2440 quam
330 2399 465 2430 laudem
489 2409 531 2431 ex
560 2400 656 2431 clade
683 2410 743 2431 sua
769 2400 850 2440 Ibis,
875 2405 912 2431 ut

208 2448 346 2481 Curtius
362 2448 417 2489 qui
430 2458 503 2480 sese
519 2460 580 2491 pro
593 2451 713 2491 patriae
729 2452 837 2481 salute
854 2450 911 2480 de-

208 2503 365 2538 voverat,
393 2508 524 2540 quoquo
556 2506 658 2542 pacto
686 2510 909 2540 consequere-

209 2553 275 2581 tur.

253 2601 316 2630 447
340 2597 510 2638 Dentibus]
533 2599 711 2639 Draconis,
736 2600 806 2630 scil.
828 2608 911 2639 quos

211 2650 359 2682 Cadmus
397 2649 547 2679 Palladis
585 2651 682 2689 jussu
720 2650 910 2681 seminavit.

213 2700 376 2733 Fabulam
393 2699 496 2729 babes
514 2700 656 2730 Metam.
674 2709 730 2733 ιιι.

255 2753 319 2785 »149
345 2750 529 2790 Penthides]
572 2750 623 2781 De
647 2749 825 2783 Penthidae
856 2750 913 2780 liu-

963 1597 1016 1622 tra
1030 1601 1102 1623 sese
1120 1594 1291 1622 torserunt
1307 1590 1513 1629 interpretes
1528 1599 1535 1619 ε
1553 1598 1667 1630 neque

963 1651 1043 1672 vero
1068 1641 1115 1671 illi
1143 1640 1277 1682 quinam
1305 1638 1432 1670 fuerint
1457 1642 1552 1669 certo
1569 1638 1668 1679 potui

963 1692 1128 1732 reperire.
1175 1692 1229 1722 Ne
1247 1690 1359 1730 plores
1377 1694 1502 1727 tamen,
1523 1689 1671 1727 Lector;

963 1741 1044 1772 satis
1057 1750 1227 1782 superque
1245 1749 1408 1779 nugarum
1430 1739 1594 1769 hactenus
1611 1738 1670 1768 ha·

963 1791 1115 1823 buimus:
1145 1791 1200 1821 vel
1221 1790 1248 1820 si
1280 1793 1461 1829 tantopere
1492 1787 1598 1827 dolet,
1626 1787 1669 1818 ab

963 1842 1190 1873 illustrissimo
1219 1840 1371 1872 Praeside
1398 1840 1554 1878 Salvagn.
1578 1837 1670 1879 quod

964 1898 997 1924 te
1012 1892 1165 1924 oblectet
1182 1896 1274 1932 pete.
1300 1890 1426 1930 Pythei
1444 1889 1549 1919 tilium
1566 1888 1670 1919 fuisse

963 1944 1220 1984 Hipponactem
1238 1952 1280 1973 ex
1300 1940 1406 1972 Suida
1434 1939 1549 1977 docet,
1567 1948 1670 1980 quem

964 1995 1102 2036 quidem
1120 1995 1377 2035 Hipponactem
1393 1990 1538 2021 notabili
1554 1990 1669 2020 vultus

961 2044 1116 2075 foeditate
1133 2042 1215 2074 facit
1234 2043 1373 2074 Plinius.
1420 2041 1504 2071 Eam
1525 2039 1568 2070 ob
1586 2048 1671 2078 rem,

961 2100 999 2126 ut
1026 2105 1069 2125 ex
1092 2094 1213 2125 eodem
1237 2094 1294 2124 ille
1317 2091 1435 2131 refert,
1459 2090 1670 2131 ‘imaginem

961 2147 1032 2186 ejus
1072 2145 1209 2176 lascivia
1247 2144 1405 2185 jocorum
1444 2142 1598 2181 Bupalus
1636 2143 1673 2171 et

962 2196 1106 2228 Athenis
1143 2196 1334 2235 sculptores
1378 2192 1503 2223 fratres
1550 2199 1674 2231 propo·

964 2257 1063 2278 suere
1088 2246 1271 2277 ridentium
1296 2244 1415 2275 oculis.
1462 2241 1562 2275 Quod
1583 2241 1673 2282 Hip-

964 2308 1076 2339 ponax
1101 2297 1295 2336 indignatus
1321 2292 1580 2325 amaritudinem
1598 2300 1672 2322 car-

965 2349 1091 2378 minum
1121 2345 1293 2377 distrinxit
1318 2345 1350 2374 in
1375 2348 1519 2379 tantuin,
1542 2346 1579 2372 ut
1600 2350 1673 2372 cre-

966 2398 1067 2429 datur
1083 2396 1250 2437 aliquibus
1267 2394 1309 2424 ad
1324 2394 1478 2432 laqueum
1505 2400 1564 2422 eos
1581 2400 1673 2422 com-

967 2449 1112 2489 pulisse;
1137 2445 1225 2486 quod
1246 2443 1366 2474 falsum
1388 2441 1464 2479 est,'
1486 2443 1549 2471 &tn
1593 2441 1672 2472 Jam

967 2500 1122 2536 superest
1148 2500 1185 2524 ut
1214 2503 1275 2532 pro
1301 2491 1484 2530 Pentluides,
1500 2491 1674 2531 Pytlieidea

966 2547 1071 2585 legas,
1096 2549 1130 2575 et
1167 2543 1238 2573 viro
1277 2552 1339 2573 non
1376 2542 1529 2579 diligenti
1565 2542 1672 2573 minus

967 2605 1066 2636 quam
1083 2593 1196 2633 sagaci
1215 2599 1341 2631 gratias
1358 2602 1449 2629 agas.

1012 2644 1142 2684 Frater]
1181 2643 1365 2674 Clarissim.
1401 2643 1560 2682 Salvagn.
1588 2642 1675 2683 legit

967 2698 1067 2726 muter
1094 2704 1137 2725 ex
1164 2692 1286 2724 veteris
1313 2692 1439 2723 codicis
1457 2691 1621 2732 vestigiis,
1637 2696 1675 2722 et

970 2746 1013 2776 dc
1043 2743 1187 2777 Hecuba
1218 2743 1480 2786 interpretatur,
1516 2742 1611 2786 cujus
1638 2741 1671 2777 in
