1877 3193
526 171 683 203 EPlST.
717 170 784 200 EX
816 169 976 200 PONTO
1008 167 1105 198 [ΑΒ.
1131 167 1197 198 IV.
1221 155 1295 198 16.

1521 156 1634 201 2751

180 267 252 319 Et,
275 269 353 322 qui
369 267 398 309 J
403 280 586 308 unonem
605 266 794 308 laesisset
812 266 856 306 in
879 264 1086 314 Hercule,
1108 262 1277 316 Carus;

237 335 430 376 Junonis
452 335 490 375 si
509 346 596 374 non
611 333 707 386 jam
727 345 857 386 gener
877 331 950 373 ille
967 331 1092 372 foret.

180 400 356 455 Quique
373 400 490 442 dedit
512 400 641 442 Latio
663 413 832 442 carmen
851 399 996 452 regale
1019 399 1237 451 Severus3

237 467 294 509 Et
314 480 412 508 cum
435 468 588 508 subtili
610 467 789 508 Priscus
810 469 988 518 uterque
1009 464 1172 506 Numa.

1581 463 1637 506 10

179 533 358 588 Quique
379 535 449 575 vel
468 535 712 588 imparibus
731 532 938 582 numeriS,
961 531 1190 581 Montane,
1210 530 1281 573 vel
1300 532 1441 587 aequis

236 601 439 653 Sufficis;
470 606 513 642 et
533 602 702 652 gemino
724 599 917 640 carmine
939 611 1097 639 nomen
1116 598 1265 639 habes.

177 667 234 710 Et
250 669 327 722 qui
346 669 580 721 Penelopae
602 667 846 709 rescribere
858 666 994 721 jussit
1014 665 1193 716 Ulixen,

233 734 455 776 Errantem
475 747 600 776 saevo
621 748 700 789 per
716 735 804 775 duo
822 736 961 777 lustra
979 733 1113 775 mari:

177 852 326 891 Hercule,
337 853 398 884 nisi
412 855 465 885 ille
481 857 559 885 esset
565 853 635 892 jam
647 863 745 893 gener
758 853 895 884 sunonis
912 863 924 889 ;
941 856 972 884 et
987 852 1130 892 Severus,
1157 853 1209 893 qui
1233 853 1319 885 dedit
1331 852 1440 894 poema
1452 855 1557 894 regale
1571 854 1634 887 La-

175 896 271 934 tio,et
287 896 416 926 Priscus
436 900 563 937 uterque
584 906 652 928 cum
680 897 784 927 Numa
804 895 922 927 subtili.
967 896 1104 936 Itemque
1130 896 1292 935 Montane,
1312 897 1364 936 qui
1375 906 1436 937 par
1450 906 1483 928 es
1497 896 1634 929 versibus

174 938 387 978 inoequalibus,
410 941 456 969 vel
475 939 583 979 oequz‘s,
610 942 639 969 et
662 942 839 969 consecutus
863 948 893 969 es
913 938 1036 976 famam
1060 939 1177 979 duplici
1191 940 1337 971 carmine.
1382 940 1429 970 Et
1450 939 1504 979 qui
1529 939 1634 971 docuit

179 980 308 1020 Ulyssen
324 985 478 1013 errantem
491 991 597 1022 aspero
613 982 693 1013 muri
704 991 761 1022 per
774 983 835 1012 duo
852 982 953 1012 lustra
967 983 1150 1022 respondere
1166 982 1340 1022 Penelopae.
1369 982 1473 1022 Atque
1487 981 1633 1023 Sabinus,

786 1071 1019 1083 “omne-‘eece

177 1129 345 1168 Fabirius5
370 1135 405 1163 et
430 1131 551 1163 Barth.
575 1131 720 1164 Advers.
749 1131 979 1164 Sabellius.-8
1002 1132 1083 1165 Jun.
1109 1135 1144 1164 et
1170 1132 1267 1164 Voss.
1289 1131 1419 1164 Junoni.
1463 1131 1549 1163 Mox
1564 1131 1632 1165 Ms.

829 1228 970 1261 NOTAE

175 1311 240 1343 que
256 1302 332 1333 hinc
349 1301 567 1343 quamobrem
595 1302 720 1334 Iliacus
740 1303 875 1335 dicatur

173 1353 384 1392 intelligitur.

216 1401 377 1442 Siderous]
401 1402 503 1433 Hunc
532 1403 706 1435 Pedonem
734 1403 874 1436 Albino-

173 1462 294 1483 vanum
309 1453 483 1484 habuimus
500 1453 605 1484 etiam
621 1463 741 1494 supra,
773 1463 873 1494 quem

172 1502 430 1543 Epigrammata
446 1503 625 1542 scripsisse
652 1513 695 1534 ex
720 1503 875 1534 Martiali

173 1553 358 1592 colligitur.
416 1553 500 1593 Ejus
530 1553 563 1583 in
592 1558 735 1584 mortem
768 1553 874 1584 Drusi

173 1607 328 1642 superest
343 1603 461 1643 Elegia
473 1603 724 1643 elegantissima
739 1608 775 1634 et
791 1603 876 1634 side-

173 1662 232 1684 reo
244 1652 357 1684 Poe'ta
372 1652 489 1693 digna:
515 1658 552 1684 ut
569 1663 632 1684 non
650 1653 819 1684 immerito
833 1663 874 1684 ex

171 1702 253 1742 styli
265 1702 477 1733 sublimitate
488 1704 497 1719 ‘
511 1702 691 1734 sidereum'
705 1713 724 1734 a
737 1703 875 1734 Nasone

172 1755 286 1783 nostro
321 1752 532 1792 appellatum
563 1752 770 1783 credideris:
809 1752 873 1783 nisi

171 1801 273 1842 forte,
298 1811 372 1843 quae
390 1802 513 1842 injuria
528 1807 720 1844 temporum
735 1802 874 1834 interci-

171 1852 297 1892 derint,
323 1852 366 1884 de
390 1852 557 1884 sideribus
586 1858 623 1885 et
649 1853 748 1885 astris
767 1853 872 1895 scrip-

172 1902 266 1934 serit.

214 1956 233 1984 7
258 1952 419 1994 Laesz'sset]
443 1954 547 1994 Quia,
572 1955 768 1995 priusquam
786 1955 872 1986 Her-

173 2003 240 2035 culi
265 2004 387 2036 Heben
413 2004 517 2036 filiam
543 2015 635 2036 suam
652 2014 791 2035 uxorem
816 2005 873 2035 de-

172 2054 278 2085 disset
302 2055 404 2094 Juno,
430 2056 478 2086 illi
502 2056 668 2095 maxime,
688 2059 811 2095 utpote
830 2064 873 2085 ex

174 2104 297 2144 pellice
323 2111 416 2142 nato,
440 2104 572 2136 infensa
596 2109 688 2136 erat:
714 2105 811 2144 cujus
839 2113 872 2134 a-

173 2154 303 2196 deoque
331 2155 447 2187 laudes
471 2155 644 2187 celebrare
668 2159 751 2196 tum,
766 2154 874 2185 illaesa

172 2205 258 2244 Dea,
277 2206 383 2237 Carus
398 2216 465 2237 non
482 2211 606 2247 posset.

216 2256 331 2295 Carus]
346 2256 397 2287 De
413 2267 453 2287 eo
464 2257 536 2297 jam
553 2265 656 2295 supra
668 2255 701 2286 in
718 2255 874 2296 Epistola

172 2314 271 2346 quam
287 2305 335 2335 illi
351 2305 526 2345 inscripsit
540 2305 645 2336 Naso.

215 2358 235 2386 9
258 2354 395 2395 Regale]
426 2356 619 2396 Propterea
635 2355 723 2397 quod
751 2360 873 2397 tragoe-

172 2405 244 2436 dias
271 2406 374 2437 etiam
401 2407 596 2447 scripserat,
611 2410 650 2437 ut
665 2405 794 2438 dictum
818 2416 872 2437 su-

173 2464 234 2494 pra
249 2455 283 2486 in
295 2457 442 2496 epistola
455 2456 504 2486 illi
518 2456 702 2497 inscripta:
726 2466 872 2497 namque

174 2503 216 2534 de
251 2505 371 2536 eodem
400 2506 516 2537 Cassio
551 2506 689 2547 Severo,
726 2507 872 2537 Nasonis

175 2553 294 2593 amieo,
317 2564 385 2586 non
402 2555 445 2586 de
470 2555 746 2595 Cornelio,hunc
763 2558 873 2587 locum

172 2602 432 2644 intelligendum
461 2606 584 2637 suadet
610 2616 685 2647 quae
708 2607 775 2638 fuit
797 2616 874 2637 cum

173 2652 232 2685 illo
250 2653 353 2694 priori
369 2653 489 2685 Poetae
506 2656 612 2686 nostri
627 2656 785 2688 amicitia.
810 2657 874 2688 Pa-

175 2707 228 2736 tet
253 2713 346 2744 vero,
373 2705 511 2737 tametsi
534 2705 646 2737 nullus
665 2706 875 2747 admoneam,

927 1303 1065 1335 honoris
1079 1312 1181 1334 causa
1195 1302 1384 1343 appellatos
1393 1301 1451 1333 hic
1461 1311 1481 1332 a
1492 1301 1633 1332 Nasone

929 1353 1049 1394 poetas
1066 1352 1117 1384 sui
1134 1352 1309 1393 temporis,
1333 1361 1417 1393 quos
1440 1352 1634 1393 praesertim

927 1403 1045 1434 coluit.

972 1456 1013 1484 10
1036 1451 1170 1490 Subtili]
1196 1450 1288 1483 Quia
1307 1451 1430 1482 Numae
1456 1451 1633 1492 Pompilii,

929 1501 1069 1532 secundi
1101 1501 1329 1531 Romanorum
1355 1501 1457 1541 regis,
1484 1501 1633 1532 carmine

928 1551 1043 1583 subtili
1056 1555 1159 1592 atque
1171 1551 1321 1592 eleganti
1334 1555 1477 1593 uterque
1493 1551 1633 1584 Priscus

930 1602 1034 1632 vitam
1051 1601 1351 1642 comprehendere.

973 1655 1012 1683 11
1036 1651 1231 1692 Imparibus]
1265 1651 1394 1691 Elegis,
1420 1650 1491 1681 scil.
1516 1650 1633 1683 Hexa-

927 1707 1037 1734 metro
1063 1707 1099 1733 et
1130 1702 1353 1732 Pentarnetro
1384 1701 1632 1742 constantibus,

928 1752 985 1793 qui
999 1761 1115 1783 versus
1132 1751 1316 1792 inaequales
1332 1755 1423 1782 sunt.

971 1802 1138 1842 Montane]
1161 1802 1229 1833 Hic
1247 1801 1358 1834 Julius
1373 1801 1558 1833 Montanus
1572 1800 1631 1834 Ti·

927 1853 1022 1885 berio
1040 1857 1158 1893 gratus
1171 1851 1246 1883 fuit.

969 1902 1096 1942 AEquis]
1119 1900 1338 1933 Hexametris
1353 1900 1444 1932 solis.

971 1955 1011 1983 12
1048 1952 1194 1992 Gemino]
1228 1952 1346 1991 Elego,
1373 1950 1462 1992 quod
1490 1951 1629 1983 alternis

927 2003 1140 2033 Hexametro
1156 2006 1192 2032 et
1205 2002 1440 2041 Pentametro,
1455 2005 1492 2032 et
1507 2001 1630 2033 Heroi-

927 2062 980 2093 co,
995 2052 1085 2093 quod
1102 2052 1180 2083 solis
1198 2052 1433 2093 Hexametris,
1450 2056 1599 2084 constat.

970 2104 1106 2145 Nomen]
1129 2104 1278 2135 Famam.

971 2156 1010 2184 13
1051 2153 1130 2194 Qui]
1167 2153 1314 2185 Sabinus
1344 2156 1396 2184 est
1430 2153 1543 2194 poeta,
1573 2153 1630 2195 qui

927 2205 1092 2245 Epistolis
1109 2203 1318 2236 Heroidibus
1331 2203 1373 2235 ab
1387 2203 1514 2235 Ovidio
1525 2204 1630 2245 scrip-

927 2256 970 2286 tis
986 2254 1174 2295 respondit.

969 2304 1148 2345 Penelopae]
1186 2303 1303 2336 Ovidii
1331 2304 1441 2345 prima
1484 2304 1630 2344 epistola

926 2365 968 2386 ex
994 2355 1060 2386 illis
1077 2365 1159 2396 quas
1183 2354 1285 2386 finxit
1311 2354 1503 2386 Heroidum
1518 2354 1629 2384 Pene-

926 2406 1022 2446 lopes
1049 2410 1102 2436 est
1128 2406 1261 2446 Ulyssi;
1286 2415 1353 2446 qua
1376 2403 1544 2435 Heroides
1561 2412 1630 2433 om-

926 2466 986 2486 nes
1003 2456 1250 2495 intelliguntur.

968 2506 1086 2545 Jussit]
1124 2505 1213 2537 Quia
1247 2504 1321 2544 ipse
1358 2502 1501 2533 Sabinus
1539 2501 1627 2533 illius

927 2557 1083 2596 epistolae
1100 2559 1217 2585 auctor
1233 2563 1332 2594 quam
1350 2553 1535 2593 Penelopae
1558 2561 1628 2583 suae

927 2607 1080 2646 Ulyssem
1098 2603 1288 2634 rescribere
1300 2602 1560 2643 finxit,jussisse
1577 2610 1628 2633 re·

926 2655 1077 2687 scribere
1092 2655 1186 2685 illum
1203 2653 1297 2685 Naso
1309 2653 1402 2685 dicit.

975 2704 1106 2746 Ulixen]
1129 2704 1199 2736 Pcr
1222 2704 1369 2744 Ulyssen
1387 2712 1504 2736 omnes
1526 2702 1626 2736 intel-
