1877 3193
247 153 362 196 2462
734 162 774 192 Ρ.
805 162 962 193 ovmn
999 161 1211 192 NAsoms

251 260 398 301 Mixta
419 259 475 300 sit
492 258 588 300 haec
611 259 814 312 quamvis
837 257 950 298 inter
969 256 1222 310 Graiosque
1244 256 1482 311 Getasque,

304 327 347 370 A
368 327 483 368 male
505 327 680 380 pacatis
702 326 804 380 plus
826 325 956 366 trahit
977 338 1053 366 ora
1075 324 1221 365 Getis.

249 397 508 439 Sarmaticae
530 395 669 449 major
688 393 946 447 Geticaeque
962 393 1209 446 frequentia
1229 392 1367 446 gentis

305 464 391 506 Per
405 463 572 504 medias
592 463 637 503 in
658 462 782 515 equis
801 461 923 513 itque
942 461 1140 514 reditque
1160 460 1270 501 vias.

249 532 303 573 In
325 532 485 585 quibus
505 536 571 571 est
588 542 731 579 nemo,
754 529 825 581 qui
848 541 934 568 non
955 531 1147 581 coryton,
1165 531 1208 568 et
1230 539 1392 576 arcum,
1647 525 1703 565 15

305 599 500 652 Telaque
517 599 693 651 vipereo
713 595 858 637 lurida
877 595 975 635 felle
998 598 1133 647 gerat.

249 666 355 708 Vox
375 665 480 714 sera,
499 668 601 704 trux
623 663 784 711 vultus,
804 663 1033 703 verissima
1054 661 1207 701 Martis
1227 661 1371 714 imago
1391 673 1399 699 ε

308 732 412 774 Non
434 743 575 780 coma,
602 742 688 770 non
709 729 799 769 ulla
818 729 958 768 barba
978 732 1147 768 resecta
1165 739 1308 768 manu.

253 801 448 843 Dextera
467 811 554 839 non
574 797 717 849 segnis
739 795 830 837 fixo
854 795 959 836 dare
979 795 1157 835 vulnera
1177 794 1332 843 cultro,

308 867 447 916 Quem
465 866 660 906 vinctum
677 863 803 903 lateri
824 862 1037 902 barbarus
1059 861 1199 900 omnis
1217 860 1359 900 habet.
1649 860 1703 899 20

249 933 376 975 Vivit
397 933 440 972 in
462 933 529 973 his
551 931 657 971 eheu
676 930 684 970 Ξ
715 932 958 970 tenerorum
979 928 1143 968 oblitus
1166 939 1360 967 amorum
1379 940 1389 978 ;

308 1000 408 1041 Hos
430 999 564 1048 videt,
585 999 668 1039 hos
689 1001 811 1038 vates
833 996 971 1046 audit,
1000 995 1156 1045 amice,
1179 999 1277 1036 tuus
1295 995 1303 1035 !

251 1066 399 1119 Atque
418 1066 582 1106 utinam
602 1065 740 1114 vivat,
763 1064 840 1105 sed
859 1076 944 1105 non
965 1063 1173 1103 moriatur
1193 1063 1239 1103 in
1260 1062 1346 1103 illis
1365 1062 1374 1102 !

306 1133 440 1174 Absit
460 1133 514 1173 ab
533 1132 687 1173 invisis
708 1136 754 1172 et
774 1135 914 1172 tamen
934 1131 1088 1171 umbra
1108 1130 1218 1172 locis
1236 1130 1245 1170 ἔ

250 1271 309 1298 noe,
326 1265 355 1293 et
371 1262 454 1293 inter
467 1270 541 1301 quos
554 1270 651 1292 mores
665 1258 802 1300 degam?
849 1260 997 1295 Quamvis
1021 1260 1087 1290 haec
1111 1260 1196 1298 regio
1221 1259 1265 1290 sit
1293 1259 1385 1290 mista
1413 1260 1496 1290 inter
1527 1260 1653 1292 Graecos
1676 1264 1706 1292 et

254 1305 365 1344 Getas,
379 1305 447 1344 plus
461 1304 546 1335 ducit
568 1314 586 1334 a
614 1303 706 1334 Getis
728 1303 805 1334 male
832 1302 948 1333 lenitis.
994 1302 1100 1340 IquJ‘or
1128 1301 1218 1331 turba
1243 1301 1380 1331 nationis
1405 1301 1590 1333 Sarmaticoe
1615 1306 1706 1343 atque

253 1347 375 1379 Geticae
389 1350 420 1378 et
434 1350 516 1378 meat
530 1349 559 1376 et
575 1349 690 1376 remeat
704 1346 737 1376 in
753 1345 839 1385 equis
859 1355 915 1384 per
938 1344 1053 1375 medias
1081 1343 1156 1374 vias.
1204 1344 1242 1373 In
1258 1343 1367 1383 quihus
1389 1343 1491 1373 nullus
1516 1347 1560 1373 est
1581 1345 1633 1383 qni
1646 1355 1706 1375 non

242 1389 332 1427 ferat
344 1390 525 1430 pharetram
540 1393 571 1420 et
586 1398 702 1426 arcum,
727 1391 757 1418 et
772 1387 901 1418 missilia
908 1386 1084 1425 fuscafelle
1106 1387 1237 1426 vipereo.
1281 1385 1381 1415 Sonus
1397 1384 1504 1423 ser-ox,
1517 1385 1619 1423 facies
1643 1390 1705 1417 ter-

251 1432 361 1470 ribilis,
375 1432 532 1462 verissima
547 1431 661 1470 species
675 1431 794 1460 Martis
804 1440 816 1466 ;
839 1440 899 1460 non
915 1430 1031 1469 capilli,
1046 1439 1105 1459 non
1121 1428 1215 1458 barba
1237 1427 1369 1457 abscissa
1390 1428 1450 1458 ulla
1466 1438 1568 1459 manu.
1616 1429 1705 1459 Dex-

250 1477 300 1504 tra
316 1484 376 1504 non
397 1474 489 1504 tarda
503 1475 543 1503 ad
556 1473 746 1513 infligendas
757 1472 869 1511 plagas
892 1472 1025 1511 impacto
1048 1472 1195 1510 pugione,
1220 1479 1307 1509 quem
1331 1470 1429 1500 omnis
1453 1469 1600 1501 barbarus
1615 1471 1705 1502 habet

250 1519 390 1555 aptatum
404 1516 507 1546 lateri.
553 1515 636 1554 Heu,
657 1514 767 1553 amice,
791 1517 862 1544 tuus
874 1514 966 1554 poeta
981 1513 1078 1543 vitam
1095 1512 1193 1542 trahit
1216 1512 1298 1542 inter
1320 1512 1386 1551 hos,
1401 1513 1558 1543 immemor
1570 1514 1706 1544 mollium

249 1568 387 1588 amorum
400 1568 412 1596 ,·
434 1558 488 1588 hos
502 1557 655 1596 intuetur,
670 1556 724 1587 hos
737 1556 824 1587 audit
837 1556 852 1587 !
895 1557 999 1596 Atque
1015 1555 1136 1585 utinam
1150 1554 1247 1585 vitam
1260 1553 1378 1595 trahas,
1399 1563 1494 1594 neque
1508 1554 1579 1592 fato
1587 1555 1706 1596 fanga—

862 1639 1095 1651 mre-‘vv‘

253 1700 330 1726 tuor
357 1694 414 1725 alii
444 1694 618 1726 vivit.-10
641 1694 731 1725 Mor.
758 1698 794 1725 et
820 1704 870 1734 pr.
898 1694 964 1725 Ed.
1003 1694 1118 1725 Dicere
1144 1702 1217 1723 cura
1237 1692 1316 1723 mihi
1340 1694 1407 1722 est:
1435 1691 1516 1724 Jun.
1543 1691 1647 1723 etiam
1671 1695 1706 1723 et

252 1736 346 1768 Leid.
369 1736 495 1772 dicere,·
517 1739 562 1766 est
578 1745 712 1776 quoque
729 1737 924 1768 omisa—ll
950 1736 1068 1768 Comb.
1088 1735 1231 1775 Graiosq.
1254 1734 1311 1765 alii
1338 1734 1616 1774 (ἔκπωμα-12
1639 1734 1706 1767 Ms.

251 1780 378 1810 ssersm.
410 1779 464 1809 De
478 1779 549 1809 mal.
571 1779 654 1809 'rum
672 1778 802 1820 Gryph.
821 1779 954 1820 placatis
976 1779 1142 1820 plus.—13
1167 1778 1263 1808 Unus
1280 1776 1367 1807 liber
1383 1776 1453 1815 maj.
1491 1776 1707 1817 Scythicaeque

246 1822 328 1862 freq.
364 1820 421 1852 At.
446 1821 487 1851 P.
514 1820 663 1861 Geticaeq.
689 1822 828 1862 potentia
853 1825 1025 1861 gent.-—l5
1051 1819 1119 1852 Alii
1136 1820 1290 1851 scribunt
1302 1822 1534 1860 goryton.—16
1557 1819 1652 1850 Leid.
1670 1823 1706 1850 et

252 1864 317 1894 duo
334 1863 391 1894 alii
410 1873 486 1894 cum
500 1864 567 1894 Ms.
579 1864 709 1895 Bersm.
724 1865 820 1904 viper.
833 1864 1004 1903 lividasell.
1016 1865 1058 1895 V.
1071 1863 1286 1894 lubrica.-17
1309 1863 1404 1893 Unus
1417 1861 1503 1892 liber
1516 1860 1707 1899 vult.justis-

249 1907 327 1937 sima
346 1906 394 1937 M.
417 1906 505 1937 Tum
519 1907 636 1937 Martis
660 1910 711 1937 est
735 1916 777 1937 ex
803 1907 936 1938 emend.
968 1906 1089 1938 Heius.
1108 1906 1199 1945 vulg.
1222 1905 1427 1935 morti3.——18
1450 1904 1594 1934 Strozzae
1621 1903 1705 1934 Cod.

251 1951 340 1979 docta
358 1958 419 1988 pro
436 1949 597 1980 ulla—19
621 1949 663 1980 In
690 1949 764 1980 aliis
790 1949 901 1980 stricto
928 1959 989 1990 pro
1003 1949 1088 1991 fixo.
1113 1949 1196 1979 Mox
1218 1948 1286 1978 Ms.
1309 1947 1437 1977 Bersm.
1453 1946 1538 1976 vuln.
1562 1945 1705 1983 ferro.—

251 1994 292 2021 20
317 1991 370 2022 Fr.
388 1991 459 2022 Pal.
473 1996 509 2022 et
524 1991 658 2031 plurimi
676 1991 885 2031 aliijunctum
897 2001 958 2032 pro
974 1992 1121 2022 vinctum.
1145 1989 1247 2021 Multi
1264 1990 1364 2019 etiam
1379 1988 1465 2018 barb.
1483 1988 1578 2018 hostis
1592 1987 1706 2019 hab.—

251 2036 288 2063 21
315 2033 442 2063 Versus
457 2033 543 2064 baud
561 2034 662 2064 dubie
679 2035 869 2066 mendosus.
887 2035 985 2075 prim.
1004 2034 1106 2064 Polit.
1121 2037 1154 2065 et
1173 2032 1271 2072 prim.
1287 2032 1361 2062 Pal.
1382 2031 1418 2061 V.
1429 2031 1462 2061 in
1475 2030 1524 2061 his
1537 2030 1595 2061 heu
1605 2031 1707 2061 nullus

249 2086 277 2105 o.
294 2085 323 2105 a.
341 2076 439 2113 alter,
461 2075 498 2106 V.
527 2076 560 2106 in
575 2076 623 2105 his
638 2078 739 2107 nullus
753 2077 860 2108 horum
882 2077 940 2108 hen
954 2088 980 2108 ο.
998 2087 1026 2107 α.
1050 2076 1147 2116 prim.
1163 2075 1276 2106 Vatic.
1299 2078 1334 2105 et
1362 2073 1566 2105 Combianus
1585 2072 1706 2112 codex,

258 2118 290 2147 V.
306 2118 338 2147 in
354 2118 401 2147 his
427 2118 529 2148 nullus
549 2128 653 2147 eorum
668 2130 696 2148 0.
721 2129 750 2149 a.
769 2120 885 2158 Multi,
916 2120 952 2150 V.
975 2120 1009 2149 in
1032 2119 1081 2149 his
1105 2119 1207 2158 igitur
1234 2121 1408 2148 tenerorum
1424 2126 1451 2146 ο.
1467 2126 1497 2147 α.
1525 2115 1583 2146 alii
1594 2115 1705 2146 aliter.

255 2159 356 2198 Lego,
377 2159 461 2189 Vivit
476 2160 509 2188 in
533 2159 581 2188 his
597 2160 669 2189 eheu
683 2162 858 2191 tenerorum
883 2161 996 2191 oblitus
1013 2171 1160 2191 amorum.
1186 2159 1306 2190 Heius.
1350 2158 1458 2188 Servii
1478 2158 1597 2195 codex,
1617 2157 1653 2188 V.
1672 2157 1706 2187 in

253 2200 299 2230 his
311 2200 369 2230 heu
384 2210 430 2230 me
446 2204 619 2230 tenerorum
635 2202 740 2231 doctor
752 2212 781 2232 a.
796 2203 828 2231 in
844 2207 992 2241 quatuor
1016 2202 1102 2240 aliis,
1122 2202 1159 2231 V.
1175 2202 1208 2231 in
1224 2202 1272 2231 his
1298 2201 1382 2230 Naso
1396 2203 1567 2229 tenerorum
1583 2199 1663 2228 lusor
1676 2207 1704 2229 a.

254 2243 381 2272 Lovan.
408 2242 475 2272 duo
503 2242 559 2272 alii
590 2243 626 2273 V.
651 2243 684 2272 in
713 2243 761 2273 his
783 2245 883 2281 igitur
906 2247 1074 2274 vestrorum
1100 2252 1127 2273 o.
1153 2253 1181 2272 a.
1209 2243 1311 2272 Rern.
1331 2241 1427 2277 alius,
1448 2241 1484 2271 V.
1497 2241 1530 2271 in
1546 2239 1595 2269 his
1609 2243 1704 2277 vates,

253 2284 355 2326 (Naso
378 2284 522 2325 Moret.)
544 2294 666 2315 suorum
691 2295 718 2315 o.
743 2295 771 2315 a.
795 2286 998 2316 Burni.—-23
1022 2284 1142 2315 Heius.
1167 2284 1315 2314 malebat
1339 2282 1606 2313 vivamumoriaris
1629 2292 1704 2313 cum

910 2379 1049 2410 NOTAE

299 2457 335 2485 11
365 2454 494 2494 Graios]
525 2454 647 2484 Eorum
666 2454 828 2485 coloniam
846 2453 950 2485 fuisse
1049 2455 1088 2483 19
1114 2452 1236 2494 Culcro]
1273 2452 1342 2483 Pro
1367 2452 1449 2492 sica,
1466 2456 1521 2482 aut
1539 2450 1704 2491 ejusmodi

254 2505 374 2535 Tomos
392 2513 492 2543 supra
509 2503 660 2534 vidimus.
1007 2502 1117 2543 aliquo
1134 2502 1212 2532 telo.

302 2559 338 2586 12
363 2556 438 2586 Plus
452 2556 567 2596 trahit]
595 2556 655 2586 Est
674 2555 813 2587 similior
829 2555 937 2587 Getis.
1048 2556 1088 2584 23
1122 2552 1229 2591 Vivat]
1252 2553 1261 2568 ‘
1278 2552 1371 2584 Vivit
1399 2552 1431 2582 iu
1458 2551 1526 2583 liis'
1557 2551 1703 2589 dixerat,

302 2610 337 2636 15
354 2606 505 2646 Coryton]
522 2607 590 2637 Pro
601 2606 774 2646 pharetra,
786 2605 952 2647 quomodo
1007 2608 1165 2644 tanquam
1182 2603 1222 2632 ‹lc
1240 2612 1367 2632 summo
1387 2604 1482 2634 maio.
1526 2602 1603 2634 Jam
1618 2600 1702 2632 illud

255 2655 355 2685 Silius
371 2660 406 2686 et
423 2656 583 2696 Virgilius
597 2661 822 2697 usurparunt:
848 2665 954 2699 quan·
1005 2654 1112 2694 ipsum
1126 2653 1239 2691 vivere,
1252 2658 1353 2693 atque
1366 2652 1499 2691 malum,
1510 2651 1700 2692 ingeniosus

256 2713 353 2745 quain
373 2714 469 2737 arcus
487 2707 591 2738 solius
603 2707 647 2738 sit
664 2707 773 2739 theca.
1005 2704 1125 2745 Poeta,
1140 2703 1232 2745 quasi
1249 2703 1371 2735 bonum
1386 2702 1586 2743 aliquod‚.nt
1602 2701 1701 2732 miser
