1877 3193
608 193 852 224 Tms'rmM
885 193 981 224 nus.
1015 193 1079 224 iv,
1109 183 1152 223 2.
1496 183 1610 226 2385

151 289 208 330 Et
226 287 386 343 pariter
405 288 578 336 matreS‚
600 290 644 328 et
662 301 761 341 quae
783 288 877 329 sine
893 287 1071 329 crimine
1091 289 1239 329 castos

211 356 431 409 Perpetua
450 357 622 395 servant
642 356 892 407 virginitate
911 355 1050 396 focos.

152 424 291 466 Plebs
310 423 399 476 pia,
421 434 606 474 cumque
626 422 700 475 pia
720 423 922 464 laetentur
943 423 1078 463 Plebe
1100 421 1284 462 Senatus
1302 434 1313 473 ;
1558 420 1615 461 15

211 492 443 544 Parvaque
464 491 592 545 cujus
613 504 732 532 eram
755 505 859 545 pars
881 504 962 543 ego
982 503 1133 543 nuper,
1156 489 1320 542 Eques.

154 559 258 601 Nos
279 558 431 613 procul
451 558 663 610 expulsos
685 559 933 599 communia
950 556 1115 610 gaudia
1135 556 1289 597 fallunt
1308 571 1317 596 :

214 625 440 678 Famaque
462 628 552 665 tam
573 625 698 677 longe
718 638 806 665 non
826 624 912 664 nisi
931 636 1071 677 parva
1092 623 1227 664 venit.

158 691 272 745 Ergo
292 691 433 732 omnis
454 692 616 744 poterit
637 691 831 745 populus
851 694 1054 744 spectare
1075 684 1344 742 triumphos3

214 757 414 812 Cumque
435 758 595 800 ducum
616 759 753 800 titulis
775 759 945 812 oppida
967 761 1101 811 capta
1119 758 1231 810 leget
1248 771 1258 799 t
1560 757 1618 797 '20

157 823 406 879 Vinclaque
428 827 610 880 captiva
631 827 776 879 Reges
799 827 972 866 cervice
993 828 1185 877 gerentes

216 891 331 934 Ante
352 897 589 934 coronatos
610 894 673 933 ire
693 892 860 933 videbit
881 904 1021 945 equos
1038 905 1047 931 :

160 959 218 1000 Et
236 963 388 1000 cernet
406 960 552 1001 vultus
574 959 676 1000 aliis
696 972 776 1012 pro
798 962 996 1012 tempore
1018 969 1186 1008 versos,

215 1026 458 1068 Terribiles
481 1028 596 1076 aliis,
618 1028 981 1079 immemoresque
1004 1025 1088 1066 sui.

164 1092 360 1143 Quorum
376 1106 482 1147 pars
502 1106 676 1143 causas,
699 1097 742 1134 et
761 1106 844 1143 res,
865 1095 910 1133 et
927 1093 1103 1133 nomina
1123 1093 1315 1144 quaeret:
1564 1090 1623 1130 25

196 1201 199 1205 Δ
220 1159 334 1201 Pars
355 1159 522 1211 referet,
544 1161 747 1213 quamvis
766 1160 936 1201 noverit
952 1159 1053 1211 ipsa
1074 1169 1254 1210 parum:

161 1295 296 1334 praebeat
319 1295 393 1325 Diis
418 1295 539 1325 meritis
562 1296 640 1325 (Iona
661 1305 719 1335 pro
729 1295 803 1336 filio
818 1294 984 1325 incolumi:
1006 1297 1035 1325 et
1051 1296 1165 1324 matres
1173 1291 1286 1332 juxta,
1307 1295 1339 1323 et
1355 1302 1422 1333 quae
1437 1291 1626 1331 virginitate

161 1337 330 1368 indelibata
344 1337 521 1366 custodiunt
533 1347 647 1377 purum
662 1338 766 1377 ignem
780 1337 847 1367 sine
855 1337 1007 1378 flagitio:
1031 1341 1103 1367 tum
1117 1337 1245 1376 populus
1259 1336 1340 1376 pius,
1363 1339 1393 1366 et
1411 1335 1543 1366 Senatus
1558 1345 1626 1365 cum

161 1380 212 1418 pio
223 1379 333 1419 populo
350 1379 503 1417 loetentur‚
532 1379 626 1410 simul
651 1383 682 1410 et
707 1381 823 1420 Εᾳιιεε,
845 1379 931 1418 cujus
946 1389 1043 1418 nuper
1058 1389 1114 1417 ego
1130 1388 1215 1409 eram
1238 1388 1311 1418 pars
1324 1378 1450 1417 exigua.
1495 1377 1626 1408 Loetitia

161 1421 281 1460 publica
297 1431 350 1451 nos
365 1421 441 1451 latet
457 1422 546 1460 longe
562 1422 689 1460 eject0s;
714 1432 809 1462 neque
816 1421 910 1458 fama
925 1422 986 1452 nisi
1001 1423 1103 1452 tenuis
1117 1421 1226 1459 fertur
1243 1426 1306 1451 tam
1318 1421 1435 1460 procul.
1482 1420 1626 1460 Adeoque

164 1463 260 1494 omnis
271 1465 402 1503 populus
414 1465 530 1503 poterit
544 1474 666 1495 cernere
682 1464 863 1505 triumphos,
890 1468 919 1495 et
944 1465 1024 1503 leget
1042 1464 1131 1494 urbes
1154 1464 1284 1494 domitas
1298 1472 1367 1493 cum
1382 1463 1484 1494 titulis
1496 1472 1604 1501 regum
1617 1472 1627 1492 .·

164 1509 195 1536 et
210 1507 336 1546 aspiciet
351 1515 439 1543 reges
447 1505 588 1544 ferentes
608 1510 731 1537 catenas
755 1508 829 1537 collo
846 1507 971 1537 subacto
988 1507 1034 1537 ire
1050 1509 1120 1536 unte
1135 1516 1225 1546 equos
1239 1508 1415 1536 coronatos.-
1440 1509 1529 1544 atque
1544 1505 1628 1534 vide-

165 1548 211 1578 bit
226 1548 343 1586 faciem
370 1548 443 1578 aliis
466 1552 618 1579 mutatam
640 1559 697 1588 pro
724 1552 871 1588 tempore,
889 1549 961 1578 aliis
976 1550 1167 1578 tremendam
1181 1552 1212 1578 et
1233 1548 1282 1577 sui
1295 1547 1439 1577 nesciam.
1487 1547 1627 1580 Quorum

163 1598 237 1629 pars
249 1594 335 1632 petet
350 1600 467 1628 εαιιεαε,
490 1594 520 1620 et
536 1601 597 1630 res,
621 1594 651 1621 et
667 1591 808 1627 nomina5
831 1600 907 1631 pars
922 1590 1078 1630 narrabit,
1094 1599 1266 1630 quanquam
1282 1600 1318 1620 ea
1329 1599 1440 1629 parum
1455 1591 1629 1627 cognoscat.

787 1685 843 1696 ‘eo
847 1683 1021 1696 οοθΝΝΝ

172 1739 209 1767 13
234 1737 328 1767 Malo
344 1738 430 1768 Dent
443 1738 574 1778 pariter,
591 1749 665 1780 quae
683 1741 846 1781 repetitio
862 1749 994 1772 sensum
1012 1739 1126 1779 erigit.
1151 1737 1351 1768 Heins.—14
1374 1737 1436 1768 Be.
1453 1736 1548 1775 Perp.
1565 1734 1636 1766 sub·

171 1782 243 1809 eunt
258 1780 422 1818 virg.——-l5
447 1781 608 1812 Laeteniur
632 1786 684 1812 est
710 1793 751 1813 ex
771 1783 889 1814 Heius.
906 1782 1040 1814 emend.
1067 1782 1155 1821 vulg.
1184 1781 1331 1815 loetatur‚·
1357 1780 1490 1820 quidam
1514 1779 1632 1809 melio-

173 1831 226 1852 res
243 1822 390 1859 loetetur5
416 1827 451 1853 et
466 1823 531 1853 duo
557 1825 802 1856 &nantum—18
826 1827 896 1856 Pro
911 1836 1009 1866 parra
1034 1824 1153 1855 Heins.
1171 1823 1256 1862 conj.
1272 1824 1364 1852 tarda
1379 1833 1392 1858 ;
1415 1825 1514 1861 putat
1529 1821 1632 1851 etiam

171 1873 240 1894 sera
254 1864 307 1893 vel
324 1874 397 1894 rara
414 1874 512 1903 posse
528 1866 614 1905 legi:
641 1867 802 1897 Francius
818 1868 957 1899 volebat
978 1869 1170 1907 parca—20
1194 1866 1356 1904 Excerpt.
1378 1865 1476 1894 Voss.
1497 1863 1548 1894 tit.
1561 1873 1634 1893 moe·

172 1906 226 1936 nia
241 1910 323 1946 capt.
340 1911 374 1936 et
392 1907 597 1947 Zinzerling.
614 1909 698 1938 Mss.
723 1920 792 1949 opp.
814 1911 932 1949 scripta
953 1911 1102 1948 leg.-·24
1129 1907 1351 1946 Terribilesque
1366 1906 1431 1936 Ms.
1449 1906 1579 1936 Bersm.
1596 1909 1634 1936 et

175 1957 258 1978 unus
277 1948 483 1979 Reum—25
511 1950 553 1979 Et
572 1960 679 1988 regum
695 1952 818 1981 nomina
840 1951 1123 1990 HamburgensiS.
1169 1949 1284 1987 Forte,
1299 1952 1328 1978 et
1344 1957 1440 1986 regna
1455 1951 1484 1977 et
1498 1947 1636 1986 nomina,

173 1991 241 2029 vel,
255 1994 286 2020 et
305 1994 394 2029 gestu
410 1995 439 2021 et
456 1992 595 2022 nomina.-
621 2002 681 2032 pro
695 2003 801 2023 causas
813 1993 916 2023 etiam
933 2002 1036 2029 αυεαε,
1055 1992 1107 2021 vel
1126 1990 1205 2031 quid
1222 1991 1303 2028 tale,
1317 1989 1453 2019 videtur
1470 1997 1634 2028 reponen-

175 2032 265 2063 dum.
290 2033 403 2064 Heius.
451 2034 523 2073 Ego
538 2035 618 2063 nihil
636 2040 815 2074 mutarem,
831 2035 895 2065 nisi
912 2044 972 2074 pro
988 2034 1254 2073 causaslegerem
1271 2032 1417 2062 libenter
1433 2041 1532 2070 casus,
1557 2040 1634 2071 quae

176 2083 275 2106 voces
301 2074 579 2116 frequentissime
606 2076 753 2108 confusae
784 2078 874 2118 apud
903 2078 1088 2109 Nostrum:
1122 2075 1188 2107 vid.
1212 2075 1304 2105 Fast.
1328 2083 1378 2105 1v.
1391 2076 1465 2104 817.
1491 2077 1526 2104 et
1543 2073 1636 2104 alibi.

838 2170 977 2202 NOTAE

221 2243 321 2283 Nato]
347 2244 499 2275 Tiberio.
977 2247 1017 2275 23
1041 2243 1140 2284 Aliis]
1170 2244 1293 2275 Victis.

223 2296 261 2325 12
285 2293 388 2334 Soepe]
435 2295 483 2325 Ut
514 2294 593 2325 hinc
620 2295 721 2326 etiam
748 2294 880 2326 Tiberii
979 2295 1202 2335 Protempore]
1220 2294 1348 2325 Humili
1361 2294 1449 2325 enim
1460 2294 1640 2335 etabjecto

178 2343 237 2375 filii
251 2351 478 2385 cognoscatur
495 2346 614 2377 virtus.
937 2345 1033 2374 vultu
1049 2345 1159 2375 solent
1175 2354 1247 2375 ease
1264 2345 1321 2385 qui
1338 2344 1420 2375 victi
1433 2348 1521 2376 sunt.

222 2397 261 2425 13
284 2396 421 2437 Matres]
448 2396 518 2426 Pro
536 2395 720 2436 sospitibus
736 2395 825 2427 filiis.
979 2397 1020 2425 24
1044 2395 1142 2434 Aliis]
1168 2396 1223 2425 De
1235 2394 1382 2435 captivis
1399 2395 1556 2435 loquitur,
1570 2394 1639 2434 qui,

226 2444 318 2484 Quae]
346 2446 504 2476 Vestales
520 2447 687 2485 intellige.
937 2443 987 2476 sui
1018 2445 1244 2483 immemores,
1269 2450 1383 2475 truces
1409 2444 1518 2475 adhuc
1547 2444 1641 2474 vide-

224 2496 265 2523 20
291 2495 417 2535 Titulis]
457 2497 535 2527 Non
565 2496 669 2526 duces
697 2495 796 2527 modo
822 2497 882 2527 sed
939 2501 1069 2525 rentur.

184 2543 260 2572 loca
275 2542 349 2582 ipsa
364 2546 468 2584 picta,
485 2546 591 2576 titulis
615 2546 682 2575 suis
712 2546 885 2586 insignita,
981 2547 1021 2574 25
1049 2544 1181 2583 Causas]
1226 2542 1454 2574 Quamobrem
1482 2541 1556 2573 haec
1582 2546 1641 2572 aut

185 2591 219 2620 in
237 2591 410 2631 triumphis
426 2595 744 2626 transvehebantur.
940 2594 998 2624 illa
1009 2594 1049 2624 ad
1064 2592 1222 2631 triumphi
1235 2601 1390 2631 pompam
1404 2591 1641 2623 adhibeantur.

230 2643 271 2671 22
307 2642 490 2682 Coronaeos]
535 2646 689 2677 Quatuor
725 2655 804 2676 vero
836 2645 882 2675 illi
984 2645 1060 2683 Res]
1075 2643 1244 2674 Quidnam
1259 2642 1377 2673 sithoc
1390 2642 1640 2684 autillndquod

189 2689 324 2721 candidi
338 2690 393 2730 qui
409 2691 643 2731 triumphantis
657 2705 791 2726 currum
816 2700 884 2726 tra·
940 2692 1186 2724 transvehitur.

188 2738 315 2771 nebant
330 2740 425 2769 lauro
439 2749 571 2781 quoque
587 2746 848 2777 coronabantur.
980 2746 1023 2774 20
1048 2741 1210 2782 Quamvis]
1235 2741 1372 2773 Alicubi
1386 2742 1497 2774 Poeta
1511 2742 1641 2773 monuit

274 2792 389 2833 Delph.
404 2795 434 2823 et
455 2793 526 2826 ναν.
541 2794 627 2827 ctas.
876 2798 969 2829 Ouid.
1472 2798 1490 2825 7
1516 2795 1553 2826 M
