1877 3193
649 191 889 223 'rmSTwM
922 190 1018 223 [ΑΒ.
1051 193 1116 222 ιν.
1147 183 1186 221 4.
1527 183 1641 225 2397

682 439 996 489 ELEGIA
1051 439 1143 486 IV.

743 601 1102 633 ARGUMENTUM.

190 700 346 732 AmcUM
358 698 476 731 laudat
491 697 615 739 Po'e’ta,
629 698 840 740 exponitque
863 699 1032 731 Tomitani
1046 698 1139 729 exilii
1160 698 1392 730 incommoda:
1417 701 1645 742 precaturque

233 763 308 784 eum
323 753 483 792 latenter,
504 757 543 783 ut
565 752 608 783 ab
626 752 781 792 Augusto
806 752 920 783 mitius
946 756 980 782 et
1000 752 1100 791 paulo
1119 751 1338 792 propinquius
1363 751 1500 783 exilium
1526 757 1648 793 petat3

232 805 322 847 quod
336 804 440 836 facile
455 805 632 845 impetrari
649 814 746 845 posse
762 805 876 844 docet,
892 813 966 835 cum
982 813 1103 844 magna
1121 803 1164 834 sit
1186 804 1291 843 ipsius
1308 804 1500 836 clementia.
1546 804 1645 835 Post-

232 868 325 890 remo
340 863 456 889 narrat
472 857 754 899 quemadmodum
769 867 787 887 e
803 857 888 887 locis
911 866 979 887 non
996 856 1132 886 nimium
1149 856 1338 898 longinquis
1354 856 1482 898 fugerit
1503 857 1645 889 Orestes

233 922 308 946 cum
325 911 505 952 Iphigenia
519 919 631 941 sorore
646 920 654 941 ι
679 909 793 941 ablata
805 910 907 940 etiam
924 909 1001 940 inde
1018 909 1127 940 Diana
1142 909 1184 940 ad
1201 909 1342 941 meliora
1355 909 1442 942 loca.

195 1027 255 1087 Ο
280 1056 381 1095 QUI,
402 1045 646 1085 nominibus
666 1057 766 1085 cum
788 1044 849 1085 sis
867 1056 1102 1097 generosus
1124 1043 1270 1093 avitis,

251 1112 508 1165 Exsuperas
529 1124 696 1152 morum
717 1111 944 1151 nobilitate
967 1122 1104 1162 genus
1122 1123 1130 1150 :

193 1178 336 1233 Cujus
355 1180 468 1220 inest
487 1180 630 1219 animo
652 1179 784 1231 patrii
807 1177 1010 1218 candoris
1030 1177 1191 1227 imago,

253 1247 358 1287 Non
379 1250 523 1286 careat
542 1246 686 1285 nervis
708 1243 872 1283 candor
895 1246 944 1283 ut
965 1243 1045 1282 iste
1068 1242 1186 1282 suis:

196 1312 333 1366 Cujus
354 1312 399 1351 in
418 1311 591 1362 ingenio
609 1309 765 1363 patriae
784 1308 992 1350 facundia
1011 1309 1173 1361 linguae
1196 1312 1279 1361 est,
1626 1313 1653 1350 5

251 1378 356 1428 Qua
374 1378 489 1431 prior
509 1378 552 1418 in
574 1377 704 1418 Latio
726 1389 811 1418 non
829 1377 914 1417 fuit
930 1377 1022 1417 ulla
1042 1376 1159 1417 Foro
1178 1390 1186 1416 :

196 1444 330 1497 Quod
350 1445 530 1486 minime
552 1445 688 1495 volui,
710 1444 868 1497 positis
888 1457 966 1498 pro
986 1444 1157 1485 nomine
1179 1443 1317 1496 signis

252 1513 412 1554 Dictus
433 1526 494 1553 es.
554 1512 768 1565 Ignoscas
785 1512 993 1552 laudibus
1013 1512 1100 1551 ista
1121 1512 1221 1551 tuis.

198 1579 242 1621 N
245 1580 278 1622 il
300 1593 381 1632 ego
405 1579 610 1634 peccavi:
641 1582 718 1619 tua
738 1581 780 1618 te
799 1578 914 1617 bona
935 1577 1111 1629 cognita.
1130 1576 1333 1630 produnt.

256 1648 320 1697 Si,
341 1647 458 1700 quod
476 1659 539 1696 es,
563 1658 783 1699 appares3
816 1645 952 1698 culpa
973 1644 1118 1685 soluta
1138 1657 1234 1685 mea
1254 1648 1334 1685 est.
1599 1645 1655 1686 10

246 1768 275 1798 Ο
300 1768 363 1808 qui,
394 1777 462 1798 cum
487 1767 530 1797 sis
566 1767 678 1798 nobilis
708 1768 811 1807 gloria
847 1775 985 1804 avorum,
1020 1765 1118 1796 vincis
1149 1764 1343 1795 nobilitatem
1378 1763 1481 1802 gloria
1513 1773 1657 1799 morum;

200 1810 289 1849 cnjus
318 1811 441 1849 ingenio
471 1811 583 1841 insidet
614 1811 717 1849 imago
742 1809 842 1850 patrii
865 1810 1020 1847 candoris,
1042 1812 1077 1838 ut
1100 1808 1158 1838 iste
1185 1808 1299 1837 candor
1324 1816 1383 1837 non
1403 1810 1508 1838 careat
1534 1807 1598 1837 suis
1612 1806 1658 1837 vi-

199 1853 306 1883 ribus:
332 1853 365 1882 in
392 1853 477 1890 cujus
499 1852 598 1883 animo
624 1856 668 1883 est
700 1853 850 1892 eloquium
877 1853 992 1891 linguoe
1015 1854 1164 1890 paternoe,
1196 1860 1255 1889 qua
1285 1850 1370 1879 nulla
1390 1849 1461 1886 fuit
1490 1850 1599 1879 melior
1623 1849 1658 1878 in

192 1895 266 1933 soro
295 1895 409 1925 Latino
421 1905 432 1930 ;
454 1895 624 1934 appellatus
641 1904 671 1924 es
695 1895 820 1925 indiciis
847 1895 959 1934 positis
976 1904 1032 1933 pro
1061 1893 1194 1929 nomine,
1210 1893 1287 1931 quod
1299 1892 1424 1921 minime
1440 1891 1563 1930 cupivi.-
1586 1900 1657 1920 con-

201 1939 290 1969 cedas
318 1938 378 1968 ista
405 1938 516 1976 glorioe
546 1940 620 1967 tuoe.
668 1937 736 1974 Ego
764 1936 842 1966 nihil
871 1936 996 1974 deliqui.
1041 1935 1132 1965 Bona
1158 1938 1211 1964 tua
1239 1933 1364 1972 cognita
1388 1936 1419 1963 te
1451 1932 1657 1972 patefaciunt.

817 2018 1051 2030 eeeeeeeeeeee

249 2079 264 2106 1
289 2076 392 2107 Multi
421 2076 542 2116 scripti
571 2080 605 2106 ct
634 2075 716 2106 editi
740 2083 904 2114 generosus
927 2082 1073 2103 avorum.-
1110 2070 1176 2101 duo
1204 2079 1350 2109 generose
1387 2071 1581 2111 tuorum—4
1617 2068 1659 2099 In

206 2118 300 2149 Leid.
334 2118 454 2149 meritis
483 2128 543 2158 pro
569 2119 692 2148 nervis.-
728 2118 761 2148 in
788 2118 868 2150 Jun.
894 2117 957 2146 Be.
981 2120 1016 2145 et
1039 2113 1211 2144 sexdecim
1239 2112 1310 2142 aliis
1325 2112 1537 2143 numeris-43
1562 2111 1658 2142 Leid.

207 2162 277 2197 Qua
293 2161 398 2192 melior
414 2161 453 2192 L.
490 2161 573 2191 Mox
591 2160 724 2200 Gryph.
748 2160 802 2190 illa
829 2169 890 2199 pro
915 2158 1054 2188 ulla.—-8
1078 2156 1118 2186 In
1143 2156 1205 2186 Be.
1223 2160 1276 2186 est
1290 2155 1414 2194 ignoras
1431 2164 1492 2195 pro
1509 2155 1661 2193 ignoscas-

861 2245 894 2276 N
905 2243 1007 2275 OTAE

246 2324 262 2352 l
290 2320 489 2360 Nominibus]
529 2319 644 2361 Atque
670 2320 754 2351 adeo
781 2329 905 2360 genere
1004 2320 1023 2348 8
1049 2316 1208 2356 Ignoscas]
1231 2315 1406 2356 Siquidem
1420 2314 1540 2355 aliquis
1554 2323 1596 2344 ex
1612 2313 1662 2344 his

207 2370 322 2402 nobili.
961 2366 1094 2398 indiciis
1114 2372 1147 2398 te
1164 2376 1238 2397 esse
1254 2375 1364 2396 meum
1380 2366 1524 2395 amicum
1538 2372 1662 2403 cogno-

248 2424 268 2452 4
281 2421 369 2461 Suis]
388 2421 464 2452 Non
481 2420 660 2460 imaginem
679 2423 811 2451 tantum
828 2429 906 2451 can·
961 2419 1063 2450 verit.

208 2470 298 2502 doris
314 2471 448 2510 paterni
463 2470 587 2501 habere
601 2470 699 2500 istam
714 2479 808 2499 suum
824 2470 906 2500 ami·
1007 2471 1047 2498 10
1072 2468 1161 2502 Quod
1183 2477 1225 2506 es,
1241 2465 1381 2506 appares]
1405 2466 1491 2496 Quae
1519 2464 1591 2493 laus
1612 2467 1666 2494 est

209 2529 284 2550 cum
301 2520 384 2551 dicit
407 2521 512 2559 Naso,
540 2519 598 2549 sed
620 2520 756 2559 insuper
780 2519 844 2559 ipsi
862 2520 909 2549 in·
964 2518 1122 2548 maxima.
1645 2513 1661 2525 “¹

213 2575 327 2599 natam
353 2570 516 2600 virtutem
552 2574 588 2600 et
618 2569 796 2600 candorem
833 2578 910 2609 pro·
1010 2566 1124 2606 Culpa]
1143 2566 1218 2597 Qua
1233 2565 1379 2594 virtutes
1392 2567 1466 2593 tuas
1483 2563 1668 2603 celebravi,

213 2616 335 2657 prium.
966 2621 1003 2647 ut
1019 2618 1095 2646 hinc
1113 2613 1378 2653 cognoscereris.
1419 2614 1577 2643 Ceterum
1594 2623 1666 2644 cre-

253 2668 272 2695 7
298 2665 445 2705 Minime]
468 2666 556 2699 Quia
569 2669 686 2701 mallet
699 2679 759 2700 suo
775 2668 910 2700 nomine
966 2666 1069 2697 dibile
1097 2670 1150 2695 est
1177 2673 1238 2703 per
1260 2672 1397 2693 uxorem
1423 2663 1566 2694 traditas
1591 2673 1666 2694 esse

216 2715 398 2757 appellare.
967 2716 1143 2758 epistolas,
1159 2719 1261 2756 atque
1279 2714 1340 2755 ita,
1356 2718 1393 2745 ut
1410 2713 1443 2745 in
1461 2718 1557 2746 tanta
1573 2715 1669 2753 urbe,
