1877 3193
252 141 364 184 :2800
741 152 779 180 P.
812 149 970 178 ovum
1005 149 1216 180 NAsoms

255 246 317 289 Ut
331 246 517 301 juvenes
539 255 709 299 pereas,
733 255 921 296 quorum
941 243 1120 298 fastigia
1141 244 1291 285 vultus

312 313 430 354 Olim
452 313 597 353 Piseae
621 311 868 351 sustinuere
885 310 1009 353 foris.

255 380 317 423 Ut
335 381 412 435 qui
432 380 656 433 perfusam
674 380 930 419 miserorum
949 392 1068 433 saepe
1093 391 1326 432 procorum

313 449 422 502 Ipse
445 459 529 487 suo
550 445 709 486 melius
730 446 937 498 sanguine
958 446 1089 487 tinxit
1107 446 1299 487 humum.

256 515 463 557 Proditor
484 518 535 554 ut
557 513 666 554 saevi
687 513 816 566 periit
837 513 987 565 auriga
1007 513 1196 566 tyranni,

316 582 407 633 Qui
428 593 543 622 nova
565 580 753 633 Myrtoae
775 581 952 620 nomina
970 580 1074 620 fecit
1095 593 1240 634 aquae.

265 650 324 692 Ut
344 650 420 703 qui
442 648 639 690 velocem
659 646 817 686 frustra
836 646 1002 698 petiere
1023 648 1210 699 puellam
1228 662 1238 698 ;

318 716 435 756 Dum
456 719 593 768 capta
613 717 680 754 est
700 714 846 766 pomis
867 713 1030 754 tardior
1050 713 1128 753 illa
1147 714 1300 754 tribus.

261 782 323 824 Ut
345 784 420 837 qui
441 786 573 832 tecta,
593 781 698 822 novi
719 780 904 821 formam
927 780 1114 820 celantia
1134 780 1331 828 monstri,

318 851 536 891 Intrarunt
554 862 686 890 caecae
708 861 795 888 non
814 846 1035 888 redeunda
1054 845 1223 888 domus.

263 918 326 959 Ut
347 931 529 972 quorum
551 915 760 957 AEacides
781 915 902 955 misit
921 915 1140 956 violentus
1161 915 1206 954 in
1226 914 1343 955 altos

321 986 518 1038 Corpora
537 997 635 1025 cum
658 983 774 1024 senis
797 983 933 1024 altera
954 995 1062 1023 sena
1082 995 1228 1035 rogos.

1633 444 1717 485 370

264 1107 404 1137 Intereas
418 1105 497 1135 sieut
505 1104 646 1143 juvenes,
669 1113 794 1144 quorum
809 1113 862 1134 ora
878 1103 1091 1134 sustinuerunt
1105 1102 1238 1134 culmina
1260 1103 1356 1134 vali-ce
1370 1102 1485 1133 Piseae.
1535 1101 1580 1133 Ut
1595 1101 1647 1142 qni
1661 1102 1725 1142 ipse

263 1150 381 1189 sequius
395 1147 503 1186 infecit
526 1157 579 1178 suo
605 1157 711 1177 cruore
737 1151 864 1186 terram,
888 1156 968 1186 soepe
993 1145 1141 1183 infectam
1168 1146 1331 1186 sanguine
1357 1145 1531 1183 infelicium
1555 1154 1726 1184 procorum.

265 1192 527 1226 Quemadmodum
549 1190 643 1230 periit
666 1189 781 1228 auriga
794 1189 937 1229 proditor
952 1189 1022 1225 feri
1037 1189 1176 1229 tyranni,
1194 1189 1247 1229 qui
1263 1189 1351 1219 dedit
1366 1198 1473 1218 nomen
1489 1188 1569 1218 mari
1585 1188 1725 1228 Myrtoo,

265 1234 356 1264 Sicut
372 1234 431 1271 illi,
446 1234 498 1273 qui
513 1233 694 1272 cupiverunt
714 1231 839 1270 frustra
862 1232 996 1272 puellam
1022 1233 1162 1270 celerem,
1179 1233 1250 1262 dum
1266 1242 1301 1262 etz
1323 1234 1412 1271 capta
1427 1234 1472 1260 est
1495 1231 1616 1261 tardior
1627 1230 1727 1270 pomis

266 1276 375 1306 tribus.
426 1277 468 1305 Ut
484 1275 536 1314 qui
551 1274 710 1304 subierunt
726 1278 807 1304 tecta
823 1284 882 1304 non
896 1275 1059 1304 remeantia
1074 1274 1208 1304 obseura>
1222 1277 1338 1313 domus,
1354 1273 1639 1313 tegentia-figuram
1655 1273 1726 1302 noi-i

266 1318 407 1348 monstri.
459 1317 500 1347 Ut
516 1326 643 1357 quorum
659 1317 804 1346 AEacz'des
820 1317 920 1346 iratus
927 1316 1007 1353 jecit
1019 1317 1051 1346 in
1066 1318 1200 1347 excelsos
1212 1326 1302 1355 rogos
1317 1318 1417 1346 altera
1431 1325 1503 1346 sena
1519 1325 1645 1355 corpora
1658 1324 1726 1345 cum

880 1411 915 1420 oe
921 1410 1113 1420 ‘omre-‘oo-

269 1467 390 1498 Heius.
404 1466 503 1497 malit
518 1465 660 1496 invectis.
708 1463 843 1494 Deinde
861 1464 939 1495 Pet.
959 1463 1294 1503 patern.s0cis.——-367
1318 1463 1359 1493 In
1376 1463 1575 1503 quibusdam
1592 1461 1728 1503 legeba-

269 1514 325 1540 tur
347 1518 412 1549 per.
435 1508 572 1548 projecta
599 1508 748 1538 cadavera
773 1508 1020 1546 quorum—368
1044 1506 1084 1536 In
1102 1506 1174 1535 aliis
1201 1505 1370 1545 impressis
1397 1506 1492 1544 Oruq.
1518 1506 1557 1536 P.
1584 1505 1617 1535 in
1641 1510 1727 1536 vett.

268 1552 362 1582 libris
379 1551 541 1586 Brachim
563 1555 598 1580 et
615 1550 735 1580 Heius.
753 1549 840 1589 conj.
866 1550 1013 1588 Ossaque.
1061 1548 1162 1578 Multi
1180 1548 1280 1578 etiam
1297 1547 1423 1578 liabent
1441 1547 1729 1585 Pisoeoe...fores.——

270 1597 333 1625 369
355 1594 437 1625 Tres
453 1593 532 1624 libri
545 1593 600 1639 qui
611 1591 771 1632 profusam
785 1591 853 1622 mis.
898 1592 981 1621 Mox
998 1600 1076 1630 soepe
1089 1600 1130 1621 ex
1148 1591 1218 1621 Me.
1239 1590 1335 1621 dedit
1350 1590 1466 1620 Heius.
1482 1596 1516 1620 et
1533 1591 1579 1620 ita
1595 1590 1730 1630 quidem

270 1638 326 1667 Fr.
342 1637 433 1676 vulg.
449 1635 647 1666 coede÷371
674 1635 716 1666 R.
730 1637 765 1665 ut
781 1633 883 1664 scauri.
910 1634 993 1664 Tum
1018 1633 1104 1664 Edd.
1129 1633 1258 1663 Domit.
1276 1632 1408 1673 Gryph.
1428 1638 1462 1663 et
1480 1633 1552 1663 aliae
1577 1633 1730 1672 periitque

269 1680 482 1717 afflige-374
509 1679 610 1717 Capta
627 1678 743 1707 Burm.
770 1676 866 1707 dedit
892 1685 933 1706 ex
957 1676 1073 1706 multis
1092 1681 1176 1706 vett.
1204 1685 1266 1716 pro
1295 1676 1383 1715 vulg.
1399 1675 1611 1712 factm—376
1635 1675 1730 1705 Unus

270 1722 392 1753 Heius.
410 1721 553 1751 Intrarat
569 1730 638 1750 coec.
684 1719 754 1750 Alii
772 1719 872 1750 etiam
890 1729 947 1749 non
963 1720 1103 1749 adeunda
1118 1720 1315 1749 dom.-—377.
1332 1721 1393 1748 378
1417 1719 1638 1756 Altos...r0gos
1654 1726 1730 1748 cum

273 1763 380 1795 tribus
398 1763 531 1804 scriptis
550 1762 670 1794 Heius.
692 1762 796 1802 legit:
823 1761 920 1792 multi
947 1761 1167 1800 altis...rogis;
1192 1770 1275 1791 unus
1302 1761 1422 1791 Heius.
1449 1760 1673 1800 atris...rogis;
1696 1764 1732 1790 et

930 1880 1075 1912 NOTAE

317 1960 378 1988 367
416 1956 568 1996 Juvenes]
606 1954 851 1996 Hippodamiae
891 1954 977 1986 dicit

246 2003 253 2009 ”
273 2016 409 2047 procos,
427 2015 509 2046 quos
525 2006 722 2045 OEnomanS,
748 2006 854 2036 Elidis
869 2009 905 2036 et
921 2006 977 2036 Pi—

274 2067 319 2087 sae
337 2066 397 2087 rex
413 2056 522 2087 curuli
552 2057 738 2088 certamine
761 2056 884 2094 victos,
899 2066 941 2087 ne
959 2066 978 2086 a

276 2116 400 2145 genero
417 2106 504 2146 ipse,
529 2116 590 2146 pro
614 2107 740 2137 oraculi
764 2107 909 2145 monito,
932 2106 979 2136 in-

278 2154 506 2193 terficeretur,
532 2157 673 2187 mactari
695 2156 853 2196 jubebat,
881 2161 919 2187 ut
944 2156 978 2187 in

277 2204 548 2245 praecedentibus
569 2206 723 2236 vidimus.

320 2255 383 2284 368
399 2252 595 2291 Sustinuere]
614 2255 756 2285 Scilicet
774 2255 906 2285 illorum
923 2255 979 2295 qui

278 2304 361 2334 vieti
388 2307 501 2334 essent
524 2304 641 2343 capita
660 2305 843 2334 OEnomaus
869 2310 978 2343 portae

280 2352 371 2393 affigi
388 2353 591 2393 imperabat,
618 2358 655 2383 ut
679 2358 812 2383 ceteros
830 2354 885 2393 qui
901 2353 978 2383 filiae

279 2413 394 2435 amore
412 2408 610 2433 tenerentur
627 2403 669 2433 ab
693 2403 764 2443 ejus
781 2403 907 2443 nuptiis
924 2402 981 2432 de-

280 2458 437 2486 terreret.

324 2507 387 2534 369
412 2504 475 2539 Qui
500 2503 674 2544 perfusam]
698 2505 880 2535 OEnomans
907 2504 981 2544 ipse

281 2559 345 2591 est,
370 2564 469 2595 quem
500 2555 633 2593 Myrtili
664 2557 790 2594 aurigae
818 2553 935 2585 fraude
963 2563 982 2583 a

283 2605 413 2644 Pelope
431 2604 556 2635 victum
583 2605 616 2635 in
642 2604 914 2645 praecedentibus
937 2604 984 2634 vi-

287 2654 415 2685 dimus.

328 2707 387 2734 371
414 2704 552 2744 Auriga]
576 2705 736 2745 Myrtilus
752 2703 983 2746 cst,OEu0mai

1032 1955 1180 1996 tyranni,
1194 1958 1231 1986 ut
1247 1954 1345 1986 modo
1362 1953 1602 1991 iudicavinms;
1619 1961 1734 1994 quem,

1032 2007 1208 2046 praernium
1221 2006 1419 2046 promissum
1432 2008 1659 2044 repetentem,
1671 2003 1736 2033 Pe-

1031 2056 1106 2096 lops
1123 2055 1155 2086 in
1178 2065 1269 2086 mare
1294 2055 1496 2095 precipitem
1521 2053 1627 2092 dedit,
1643 2052 1734 2094 quod

1031 2106 1074 2137 ab
1091 2106 1148 2137 illo
1164 2106 1339 2145 Myrtoum
1361 2105 1488 2135 dictum
1505 2109 1570 2142 est,
1588 2112 1734 2144 parsque

1033 2161 1086 2187 est
1103 2156 1210 2196 AEgaei
1227 2165 1292 2186 non
1312 2156 1410 2195 longe
1427 2155 1468 2185 ab
1485 2153 1607 2185 Icario.

1078 2210 1140 2238 373
1167 2206 1322 2245 Puellam]
1348 2206 1558 2243 Atalantam,
1585 2203 1737 2241 scilicet;

1034 2257 1131 2297 cujus
1159 2266 1201 2287 ne
1229 2257 1345 2296 pigeat
1363 2255 1510 2286 fabulam
1528 2264 1569 2284 ex
1594 2254 1737 2286 Metam.

1033 2310 1203 2345 repetere.

1076 2358 1137 2385 375
1167 2355 1262 2393 Novi]
1289 2352 1485 2390 Minotauri,
1511 2351 1656 2391 scilicet,
1677 2361 1735 2383 cu-

1028 2404 1086 2443 jus
1104 2404 1137 2433 in
1165 2404 1307 2434 Metam.
1331 2403 1535 2433 inculcatam
1563 2402 1735 2434 historiam

1033 2452 1160 2483 frustm
1176 2453 1239 2482 lruc
1258 2452 1571 2483 transcriberemus.

1080 2505 1141 2533 377
1166 2502 1325 2541 AEncides]
1352 2501 1512 2539 Achiuos,
1532 2500 1597 2541 qui,
1614 2505 1651 2531 ut
1664 2499 1736 2531 Ho-

1037 2562 1147 2583 merus
1176 2559 1303 2589 narrut,
1330 2553 1507 2582 duodecim
1525 2562 1567 2581 ex
1583 2551 1737 2592 Trojauis

1037 2612 1162 2643 eosque
1192 2601 1391 2632 fortissimos
1411 2602 1588 2642 jugulatos
1611 2602 1645 2632 in
1671 2601 1736 2632 Pa-

1037 2653 1134 2684 trocli
1150 2653 1328 2684 ardentem
1344 2663 1461 2694 rogum
1479 2653 1587 2685 amico
1599 2650 1736 2684 inferias

1036 2703 1194 2743 conjecit.
