1877 3193
231 155 344 197 2502
716 173 753 202 r.
786 173 945 204 0v1o11
978 173 1194 206 NAsoms

702 467 1115 518 EPISTOLA
1175 471 1246 518 Π.

811 632 1101 676 ΜΑΧΙΜΟ.

781 791 1137 825 ARGUMENTUM.

229 884 271 915 IN
289 887 350 918 liac
367 887 512 928 epistola
529 886 639 928 primo
659 890 776 928 captat
798 887 1070 920 benevolentiam
1088 900 1107 920 a
1130 890 1228 922 Fabii
1245 901 1400 934 persona,
1415 903 1492 925 eum
1507 893 1686 925 laudando.

272 939 406 971 Deinde
422 941 515 972 illum
538 946 707 973 attentum
729 941 854 980 reddit,
870 951 946 973 cum
972 943 1072 974 docet
1096 953 1136 974 ea
1160 943 1202 975 de
1220 946 1339 986 quibus
1363 947 1511 978 dicturus
1530 948 1596 979 sit:
1620 948 1685 978 hoc

270 996 336 1031 est,
352 993 437 1023 velle
462 995 598 1034 propria
626 996 712 1025 mala
736 995 961 1034 ingemiscere
979 1000 1015 1026 et
1038 1005 1223 1037 exponere,
1240 1009 1315 1039 quae
1332 1001 1441 1031 multa
1463 1010 1534 1031 esse
1557 1005 1686 1039 narrat,

268 1043 414 1076 hostium
439 1047 570 1078 scilicet
597 1048 797 1087 periculum,
821 1047 944 1079 faciem
961 1048 1039 1087 loci,
1063 1049 1214 1081 dolorem
1232 1061 1274 1081 ex
1299 1052 1349 1082 his
1374 1053 1473 1083 rebus
1491 1053 1687 1089 maximum,

269 1097 356 1128 adeo
381 1103 418 1129 ut
445 1100 561 1139 cupiat
590 1102 713 1131 mutari
732 1102 764 1131 in
791 1102 935 1142 aliquam
968 1103 1067 1133 aliam
1095 1103 1249 1135 formam.
1294 1105 1434 1146 Colligit
1450 1110 1634 1146 postremo,
1651 1114 1686 1135 se

271 1151 461 1182 clementiae
487 1153 633 1184 Caesaris
654 1153 839 1192 confidere,
865 1158 903 1184 ut
931 1155 1025 1185 exilii
1040 1156 1148 1187 locum
1167 1165 1299 1189 mutare
1321 1158 1435 1190 liccat.
1479 1158 1643 1199 Petitque
1667 1167 1686 1187 a

270 1202 424 1234 Maximo
437 1209 474 1234 ut
489 1205 522 1235 id
541 1206 661 1244 solum,
678 1216 741 1237 nec
759 1207 862 1247 aliud,
877 1211 999 1239 tentet.

230 1308 489 1377 thmss,
511 1329 585 1380 qui
607 1329 713 1369 tanti
732 1342 975 1370 mensuram
995 1331 1184 1371 nominis
1204 1332 1374 1385 impleS,

287 1393 343 1434 Et
363 1396 557 1446 geminas
577 1397 711 1436 animi
731 1397 958 1437 nobilitate
977 1412 1130 1450 geuus;

229 1459 318 1509 Qui
339 1463 460 1501 nasci
482 1466 528 1501 ut
550 1476 724 1515 posses,
746 1465 948 1516 quamvis
968 1465 1165 1504 cecidere
1185 1467 1381 1515 trecenti,

287 1526 390 1567 Non
410 1541 558 1568 omnes
583 1529 748 1570 Fabios
771 1530 952 1570 abstulit
970 1542 1057 1569 una
1078 1530 1196 1581 dies;

230 1592 447 1644 Forsitan,
467 1594 564 1635 haec
587 1609 614 1636 a
635 1609 720 1648 quo
736 1597 929 1637 mittatur
949 1597 1151 1650 epistola,
1175 1611 1369 1650 quaeras3

289 1659 465 1712 Quique
486 1661 645 1714 loquar
663 1666 820 1712 tecum,
842 1663 999 1704 certior
1021 1677 1120 1704 esse
1142 1664 1269 1705 velis.

1656 1602 1682 1640 0«

282 1778 438 1818 Maxime,
455 1780 506 1819 qui
521 1790 623 1820 oequas
637 1781 760 1811 modum
783 1781 866 1811 tanti
880 1780 1024 1819 nominis,
1038 1784 1069 1811 et
1083 1791 1177 1819 auges
1189 1791 1288 1820 genus
1302 1781 1463 1813 nobilitate
1477 1783 1588 1814 mentis
1600 1794 1610 1819 ;
1633 1784 1687 1824 qni

237 1824 273 1849 ut
295 1831 397 1861 posses
419 1823 547 1860 esi-oriri,
562 1833 623 1853 una
646 1824 714 1853 dies
738 1833 797 1853 non
820 1824 927 1863 rapuit
940 1827 1064 1854 cunctos
1080 1824 1204 1862 Fabios,
1219 1833 1390 1864 quanquam
1404 1825 1533 1856 trecenti
1554 1826 1687 1865 peremti

236 1867 304 1893 sunt
317 1874 328 1899 ;
343 1863 431 1901 forte
452 1868 543 1905 petas
561 1875 580 1896 α
595 1875 652 1905 quo
668 1866 714 1896 hae
729 1866 830 1896 literae
848 1867 972 1906 scriptoe
986 1866 1063 1905 sint,
1079 1870 1108 1897 et
1122 1866 1228 1907 cupias
1241 1877 1421 1906 cognoscere
1433 1868 1502 1908 quis
1516 1871 1546 1898 te
1559 1868 1686 1908 compel-

836 1952 1006 1964 mo-eem
1010 1952 1068 1964 ‘M

271 2007 311 2037 In
323 2007 433 2038 Servii
446 2008 573 2039 Codice
587 2010 659 2040 haec
670 2010 825 2050 Epistola
838 2010 998 2050 inscripta
1011 2010 1077 2041 fuit
1090 2010 1142 2041 Ad
1157 2012 1195 2047 Q.
1207 2011 1385 2042 Maximum
1397 2010 1528 2042 Fabium
1539 2021 1550 2042 .·
1564 2011 1598 2042 in
1610 2011 1684 2042 Mo-

235 2050 300 2079 reti
316 2051 472 2088 Maximo,
482 2052 579 2081 amico
590 2055 719 2082 suo.-—l
738 2053 895 2084 Virtutem
909 2053 986 2093 [pro
999 2053 1186 2093 mensuram]
1199 2064 1240 2084 ex
1253 2055 1363 2085 exesis
1374 2054 1468 2084 senio
1481 2053 1684 2084 membranis

237 2091 408 2122 scribebat
419 2093 592 2131 Barthius;
604 2103 666 2124 nec
676 2098 789 2124 tamen
800 2095 1004 2135 persuadere
1016 2096 1144 2136 poterit
1154 2097 1265 2134 alicui,
1277 2097 1378 2137 quiin
1391 2097 1526 2126 Nasone
1539 2094 1683 2136 legendo

231 2133 359 2163 multus
373 2139 435 2163 est.
462 2134 516 2164 Ita
528 2135 666 2174 Sappho
681 2136 789 2175 Epist.
802 2145 861 2166 xv.
872 2139 924 2166 33.
941 2138 950 2152 ‘
966 2137 1099 2167 Nomen
1113 2138 1201 2177 quod
1219 2143 1327 2169 terras
1341 2138 1482 2178 impleat
1495 2146 1609 2167 omnes
1622 2137 1684 2166 Est

230 2174 324 2213 mihi,
340 2184 531 2205 mensuram
549 2177 690 2206 nominis
704 2177 777 2216 ipsa
793 2177 889 2207 fero.’
914 2178 1005 2208 Fast.
1018 2187 1041 2208 1.
1053 2182 1127 2209 603.
1149 2180 1158 2195 ‘
1172 2180 1308 2217 Magne,
1324 2184 1416 2209 tuum
1434 2188 1555 2208 nomen
1571 2187 1682 2208 rerum

231 2224 388 2248 mensura
406 2222 537 2247 tuarum
560 2217 634 2247 est!
679 2218 725 2248 Et
748 2218 828 2258 quid
854 2228 967 2258 quaeso
983 2224 1035 2249 est
1050 2220 1059 2235 ‘
1073 2220 1178 2250 virtus
1206 2221 1347 2250 nominis
1360 2220 1382 2249 ?’
1406 2225 1464 2249 aut
1482 2219 1575 2258 quid,
1598 2221 1608 2236 ‘
1622 2218 1682 2248 im-

234 2257 327 2296 plere
347 2259 504 2288 virtutem
523 2259 665 2288 nominis
677 2259 698 2289 ?'
719 2259 781 2290 hoc
799 2265 882 2299 puto
899 2260 1011 2298 potius
1036 2261 1180 2299 glossam
1204 2262 1439 2291 Monachalem
1463 2262 1567 2297 olere,
1581 2269 1682 2300 quam

230 2300 320 2339 quod
338 2301 438 2340 vulgo
450 2301 585 2340 legitur.
610 2302 785 2332 Burm.—-5
811 2301 905 2333 Leid.
921 2301 1001 2333 Jun.
1016 2307 1053 2333 ct
1067 2302 1123 2332 alii
1139 2303 1226 2342 epist.
1243 2304 1432 2343 quoeris.—-6
1457 2302 1527 2334 Alii
1544 2302 1681 2342 Quisque

882 2397 1024 2428 NOTAE

275 2469 291 2495 1
321 2466 430 2507 Tanti]
444 2466 510 2497 Seu
527 2476 644 2497 vocem
657 2476 715 2498 seu
732 2467 841 2507 gentis
857 2467 925 2507 glo·
980 2465 1060 2496 viris
1076 2465 1198 2496 deinde
1226 2465 1343 2496 urbem
1366 2466 1504 2497 Romam
1523 2466 1679 2499 nobilita-

232 2515 314 2545 riam
345 2520 491 2555 spectes.
536 2517 613 2547 Fuit
638 2526 780 2556 namque
808 2515 925 2546 Fabio·
980 2519 1111 2546 verunt.

231 2575 302 2595 rum
320 2567 542 2605 amplissiina3
565 2566 620 2606 qui
639 2575 703 2595 non
731 2565 828 2596 modo
845 2565 924 2595 olim
1021 2568 1042 2597 4
1066 2566 1137 2596 Νοη
1153 2565 1267 2605 omnes]
1289 2566 1444 2605 Namque
1459 2574 1559 2595 unum
1576 2575 1619 2596 ex
1636 2575 1679 2598 ea

233 2614 390 2645 adversus
422 2616 571 2646 assiduos
613 2621 647 2645 et
683 2615 926 2646 anniversarios
981 2619 1082 2656 gente
1105 2614 1193 2645 domi
1218 2614 1372 2645 relictum
1396 2614 1438 2644 ob
1465 2614 1677 2654 impuberem

236 2664 459 2694 Romanorum
482 2665 594 2696 hostes
616 2665 785 2705 privatum
803 2665 927 2696 bellum
982 2669 1117 2696 aetatem
1145 2664 1271 2702 volunt,
1292 2674 1357 2705 quo
1387 2668 1542 2705 tempore
1571 2666 1677 2697 ceteri

235 2717 424 2753 gesseruut,
464 2714 523 2745 sed
555 2714 706 2755 plurimis
736 2713 928 2746 fortissimis
981 2723 1059 2745 cum
1081 2714 1239 2746 Etruscis
1263 2714 1389 2746 bellum
1411 2717 1611 2755 gesserunt;
1632 2723 1677 2746 ex
