1877 3193
608 168 851 200 'rnis'rmM
885 169 980 200 mn.
1012 170 1077 200 lv.
1105 160 1147 201 4.
1493 159 1606 204 2401

154 262 273 305 Nam
291 276 426 318 neque
439 263 660 317 jactantur
678 264 916 304 moderatis
938 277 1114 317 aequora
1134 265 1301 306 ventis:

212 330 309 371 Nec
330 330 530 384 placidos
550 332 706 382 portus
726 330 908 383 hospita
926 331 1052 371 navis
1072 331 1175 372 adit.

154 396 265 438 Sunt
286 399 400 438 circa
421 400 585 449 gentes,
607 410 707 451 quae
728 398 925 451 praedam
946 400 1151 450 sanguine
1172 400 1395 452 quaerant:

211 464 309 505 Nec
328 466 468 505 minus
489 464 624 505 infida
644 468 756 505 terra
773 466 947 505 timetur
967 478 1098 517 aqua.

153 531 242 581 Illi,
263 546 374 586 quos
395 531 522 572 audis
542 532 761 572 hominum
783 531 974 583 gaudere
996 543 1161 580 cruore,

210 599 346 640 Paene
367 600 448 640 sub
468 598 666 652 ejusdem
687 597 847 637 sideris
868 610 951 637 axe
966 597 1127 650 jacent.

155 666 256 708 Nec
276 667 429 719 procul
451 679 477 706 a
498 665 626 706 nobis
645 666 770 705 loeus
788 668 870 714 est,
891 665 965 704 ubi
983 664 1175 706 Taurica
1195 666 1288 707 dira

211 733 344 774 Caede
364 734 620 787 pharetratae
641 733 839 785 pascitur
859 744 935 772 ara
962 731 1081 772 Deae.

155 799 270 840 Haec
291 801 427 853 prius,
448 804 494 840 ut
512 803 767 848 memorant,
788 812 872 839 non
892 797 1108 838 invidiosa
1130 798 1345 851 nefandis,

210 866 308 908 Nec
331 868 553 921 cupienda
570 867 717 915 bonis,
741 878 870 917 regna
890 864 1108 905 Thoantis
1131 871 1264 909 erant.

153 932 244 974 Hic
264 947 345 987 pro
366 935 600 988 supposita
620 935 743 986 virgo
764 933 977 985 Pelopeia
997 946 1122 973 cerva

209 1001 348 1042 Sacra
368 1002 477 1042 Deae
501 1002 637 1042 coluit
657 1001 991 1054 qualiacumque
1010 1013 1117 1041 suae.

1546 804 1602 845 65

151 1130 208 1149 nus
222 1130 240 1151 a
255 1120 416 1151 veteribus.

152 1163 235 1192 subit
249 1163 366 1202 quietos
377 1166 494 1203 portus.
542 1164 693 1194 Nationes
705 1165 917 1201 circumstant,
932 1174 999 1203 quoe
1014 1167 1151 1203 quoerant
1165 1166 1301 1203 proedam
1316 1166 1487 1203 sanguine;
1508 1177 1603 1205 neque

150 1208 236 1234 terra
248 1206 347 1235 minus
361 1206 508 1236 metuitur
522 1215 600 1245 aqua
620 1205 730 1246 infida.
777 1206 842 1242 Illi,
856 1215 929 1244 quos
947 1206 1036 1235 audis
1051 1207 1170 1245 epulari
1192 1206 1336 1236 carnibus
1349 1207 1514 1244 hominum,
1531 1213 1602 1239 sunt

140 1247 214 1281 sere
237 1247 291 1277 sub
305 1249 429 1278 cardine
443 1248 576 1285 ejusdem
591 1247 714 1278 sideris.
760 1247 866 1286 Neque
882 1248 963 1277 locus
977 1251 1022 1277 est
1046 1248 1133 1286 louge
1148 1258 1167 1277 ιι
1181 1248 1279 1286 nobis,
1303 1249 1355 1278 ubi
1375 1250 1472 1280 altare
1492 1251 1604 1280 Tauri-

150 1299 218 1318 cnm
232 1290 309 1320 Deae
321 1291 513 1329 pharetratae
528 1289 676 1319 imbuitur
690 1289 758 1318 «liro
773 1290 934 1327 sanguine.
980 1290 1060 1320 Haec
1075 1292 1166 1320 antea
1180 1294 1268 1320 erant
1283 1301 1379 1329 regna
1396 1292 1555 1330 Thoantis,
1566 1297 1602 1323 ut

147 1331 267 1369 dicunt,
293 1342 352 1362 non
376 1332 479 1361 odiosa
499 1331 648 1368 scelestis,
670 1340 764 1371 neque
775 1333 909 1371 optanda
925 1332 1039 1371 probis.
1087 1332 1150 1362 Hic
1164 1334 1263 1373 puella
1281 1334 1426 1373 Pelopeia
1439 1344 1496 1374 pro
1511 1344 1602 1365 cerm

147 1374 304 1414 supposita
333 1373 427 1404 coluit
448 1382 537 1404 sacra
565 1374 795 1414 qualiacumque
816 1384 880 1404 suoe
908 1374 995 1406 Deae.
1043 1374 1112 1409 Quo
1131 1379 1292 1415 postquam
1319 1377 1455 1417 Orestes,
1475 1377 1602 1408 dubium

464 1122 544 1151 Nam
560 1131 654 1161 neque
666 1122 767 1152 maria
783 1122 946 1152 turbantur
961 1122 1077 1152 lenibus
1091 1122 1177 1152 auris
1186 1132 1197 1157 ;
1218 1132 1312 1162 neque
1334 1123 1422 1153 navis
1437 1124 1603 1163 peregrina

755 1459 987 1471 eeeeeeeeeeee

150 1512 285 1551 Frigora
308 1522 366 1543 me.
389 1513 473 1543 Tum
504 1511 601 1543 Leid.
626 1516 738 1551 cogunt
757 1513 963 1542 Euxine—56
993 1512 1129 1553 Mycill.
1147 1512 1277 1552 Gryph.
1301 1516 1336 1543 et
1354 1513 1410 1543 alii
1439 1514 1601 1545 Euxinus:

153 1555 308 1592 Euxinus,
335 1555 470 1593 Eunus,
508 1555 665 1593 Ensimus,
699 1555 867 1591 Euarimus,
891 1553 1032 1584 Axemus
1066 1555 1122 1584 alii
1164 1555 1317 1585 codices:
1357 1555 1425 1585 vid.
1460 1556 1600 1588 Salmas.

150 1597 272 1627 Exere.
289 1597 377 1627 Plin.
394 1606 472 1636 pag.
488 1599 562 1626 203.
608 1596 756 1635 Deinde,
782 1596 834 1625 ille
847 1596 928 1625 locus
944 1597 1070 1627 Lovan.
1086 1601 1121 1627 et
1137 1597 1302 1636 Excerpt.
1319 1597 1418 1627 Voss.
1442 1598 1602 1627 Bur-m.—

152 1642 192 1668 58
215 1639 296 1669 Tres
312 1639 389 1668 libri
415 1639 498 1678 hosp.
521 1639 632 1678 puppis
648 1638 749 1669 habet.
792 1638 932 1677 Vulgati
949 1638 1052 1669 etiam
1069 1638 1173 1669 habet.
1197 1639 1318 1669 Heins.
1342 1639 1518 1679 rescripsit
1534 1642 1601 1671 adit

150 1690 191 1710 ex
208 1690 259 1719 pr.
277 1680 318 1711 V.
334 1685 369 1711 et
386 1681 533 1720 quinque
550 1680 918 1720 castigatioribus.-59
945 1681 1095 1716 Quaerunt
1119 1686 1264 1722 quatuor
1290 1686 1375 1712 vett.
1401 1682 1492 1721 vulg.
1519 1692 1601 1722 qua>-

150 1725 321 1752 rnnt.—6o
346 1722 428 1753 Lov.
455 1729 490 1752 et
517 1728 584 1752 tres
611 1723 667 1753 alii
693 1723 767 1754 min.
782 1723 895 1761 infesta
909 1726 1071 1754 ανῆ-62
1095 1723 1215 1753 Sideris
1229 1733 1287 1754 aare
1313 1724 1431 1755 Heins.
1449 1725 1601 1756 restituit

152 1775 193 1794 «ex
212 1765 331 1795 Comb.
348 1769 384 1795 et
401 1765 530 1795 duobus
546 1765 638 1795 aliis:
664 1765 720 1796 Pr.
745 1765 832 1796 Edd.
859 1771 894 1796 et
912 1766 1028 1806 scripti
1045 1766 1192 1806 quinque
1214 1766 1325 1796 sideris
1341 1767 1433 1805 igne:
1459 1771 1493 1797 at
1510 1768 1600 1808 vulg.

143 1807 280 1845 frigoris
294 1809 447 1837 axa—64
472 1808 617 1838 Pascitur
634 1807 752 1838 Heius.
780 1807 877 1838 dedit
903 1818 943 1839 ex
972 1818 1023 1848 pr.
1043 1809 1082 1839 V.
1100 1818 1150 1848 pr.
1168 1808 1242 1839 Pol.
1259 1813 1330 1847 opt.
1349 1809 1443 1839 Med.
1460 1815 1494 1840 et
1512 1810 1600 1841 Mor.

151 1859 212 1888 pro
230 1858 299 1879 var.
316 1850 395 1880 lect.
418 1850 522 1880 ceteri
541 1859 613 1880 cum
632 1850 777 1889 vulgatis
792 1851 1047 1890 spargitur.-65
1073 1851 1197 1890 Scripti
1215 1855 1249 1881 et
1267 1851 1351 1881 editi
1368 1852 1517 1881 nonnulli
1537 1852 1602 1883 ΙΙὶε

149 1902 197 1930 pr.
232 1892 315 1922 Mox
331 1891 426 1922 Leid.
450 1901 539 1922 mem.
568 1902 620 1922 nec
645 1893 792 1931 cupienda
814 1892 876 1929 nef.
899 1893 940 1923 P.
967 1902 1020 1923 nec
1035 1895 1208 1932 captanda,·
1233 1893 1313 1923 alius
1329 1895 1512 1932 quaerenda:
1535 1894 1599 1924 Be.

802 1988 949 2019 NOTAE

194 2056 233 2083 61
261 2052 420 2093 Gaudere]
444 2052 748 2094 Anthropophagos
764 2052 848 2083 dicit

151 2104 297 2144 Scythiae
315 2105 469 2144 populos.

193 2157 234 2184 62
252 2153 372 2183 Sideris
386 2153 459 2192 axe]
484 2153 550 2183 Sub
568 2152 685 2184 eodem
702 2152 849 2191 climate,

153 2207 276 2240 tractu,
293 2208 349 2233 aut
366 2203 442 2234 coeli
461 2203 570 2243 plaga.

193 2257 234 2284 63
257 2253 402 2292 Taurica]
426 2254 511 2285 Quae
539 2254 572 2283 in
595 2252 742 2283 Taurica
762 2252 848 2292 regi-

151 2313 229 2343 one,
258 2313 316 2335 seu
345 2304 506 2344 Scythica
538 2303 759 2342 Chersoneso,
790 2307 848 2333 aut

150 2354 299 2384 Tartaria
335 2354 476 2394 minore,
508 2353 550 2384 ad
585 2352 688 2384 Ponti
726 2353 847 2383 Euxini

154 2407 283 2443 partem
307 2404 640 2444 Septemtrionalem‚
661 2403 725 2433 sita
749 2408 846 2434 erat:

154 2456 252 2493 atque
282 2453 366 2484 adeo
397 2463 461 2484 non
492 2454 591 2493 longe
622 2464 641 2484 a
666 2453 848 2484 Tomitana

157 2501 251 2539 urbe,
266 2501 322 2531 ubi
340 2503 608 2534 commorabatur
624 2503 730 2534 Naso.

198 2550 294 2590 Dira]
325 2551 496 2591 Siquidem
524 2554 675 2584 humanis
702 2554 847 2585 victimis

155 2597 329 2629 colebatur
344 2599 452 2631 Diana
467 2601 625 2633 Taurica.

199 2649 239 2676 64
264 2646 472 2687 I’haretraeoe]
496 2651 583 2682 Quia
607 2652 721 2683 Diana
747 2662 849 2683 vena-

158 2696 261 2728 tionis
280 2695 366 2726 Dea.

242 2749 354 2789 Delph.
368 2753 397 2780 et
421 2749 494 2781 Vur.
511 2751 592 2782 clus.

836 2755 931 2787 ovid.

945 2056 984 2083 65
1011 2054 1180 2094 Invidiosa]
1202 2055 1351 2085 Passive.
1376 2054 1514 2086 Odiosa.

945 2105 987 2133 66
1013 2104 1178 2144 Thoantis]
1205 2104 1363 2135 Tauricae
1381 2104 1526 2144 regionis
1541 2114 1601 2136 rex

901 2151 965 2182 fuit
978 2153 1103 2189 Thoas,
1117 2154 1253 2192 Trojani
1271 2154 1349 2184 belli
1367 2154 1590 2194 temporibus.

944 2205 984 2232 67
1019 2203 1085 2232 Pro
1110 2204 1284 2243 supposita]
1318 2204 1407 2236 Quia
1434 2215 1509 2235 cum
1534 2206 1601 2237 aris

901 2252 968 2282 suis
984 2252 1119 2283 admota
1134 2258 1224 2284 esset
1238 2253 1412 2294 Iphigenia
1427 2254 1605 2295 Agamem-

903 2302 999 2333 nonis
1016 2302 1097 2342 filia,
1115 2312 1176 2343 pro
1191 2313 1230 2333 ea
1247 2313 1381 2334 cervam
1398 2305 1510 2336 Diana
1527 2315 1603 2346 sup-

902 2354 1029 2393 posuit,
1052 2353 1282 2394 virginemque
1306 2355 1338 2384 in
1353 2355 1529 2386 Tauricam
1553 2365 1604 2387 re·

902 2403 1033 2443 gionem
1064 2404 1250 2441 transtulit,
1275 2404 1331 2435 ubi
1356 2405 1426 2444 ejus
1448 2406 1535 2435 Deae
1551 2414 1602 2435 sa-

901 2453 967 2484 cris
984 2463 1003 2483 a
1019 2453 1174 2485 Thoante
1190 2453 1356 2493 praefecta
1370 2459 1431 2484 est.

951 2504 1063 2543 Virgo]
1088 2504 1267 2543 Iphigenia
1292 2503 1552 2543 Agamemnonis
1565 2502 1603 2534 fi-

902 2553 958 2592 lia,
972 2563 1012 2583 ex
1032 2553 1169 2592 Pelopis
1187 2561 1323 2591 genere.

945 2607 986 2634 68
1026 2602 1144 2640 Coluit]
1181 2601 1268 2631 Illud
1298 2606 1349 2632 est
1377 2601 1466 2642 quod
1499 2602 1601 2635 modo

902 2652 1069 2689 dicebam,
1100 2651 1222 2681 Dianae
1252 2651 1356 2681 saeris
1384 2652 1601 2692 praepositam

903 2701 1125 2742 Iphigeniam.

1437 2755 1513 2787 7N
