1877 3193
203 147 316 189 2616
685 161 727 190 P.
760 160 917 190 ovmn
950 159 1162 192 NAsoms

652 407 1055 457 EPISTOLA
1112 409 1188 456 X.

806 581 1047 623 MACRO.

742 760 1100 793 ARGUMENTUM.

200 856 256 887 Au
274 856 427 888 Macrum
443 856 579 896 poetam
595 856 756 896 germem,
778 856 892 888 multis
910 856 1042 888 indiciis
1063 857 1223 898 ostendit,
1248 858 1374 890 debere
1397 868 1473 890 eum
1489 869 1562 891 esse
1578 868 1644 890 me-

241 919 366 941 morem
384 910 448 948 sui,
463 913 499 940 et
523 909 671 949 pristinae
689 909 868 940 amicitiae:
892 910 990 950 cujus
1006 908 1138 941 fructus
1164 914 1199 940 et
1226 912 1346 941 amoris
1373 912 1479 951 signa,
1493 912 1521 942 si
1543 912 1591 942 illi
1608 913 1642 942 in

239 966 386 993 mentem
403 962 570 1001 venerint,
587 962 673 993 dicit
691 972 725 993 se
739 962 913 994 absentem
930 962 1081 994 futurum
1097 963 1146 994 illi
1163 968 1319 1005 tauquam
1344 969 1543 1004 praesentem
1560 973 1644 995 sem-

240 1025 301 1055 per
317 1019 395 1046 ante
413 1016 545 1047 oculos:
573 1015 660 1055 quod
676 1018 713 1046 ut
725 1015 798 1056 ipse
815 1025 949 1057 quoque
966 1015 1090 1048 efficiat
1105 1017 1257 1057 impense
1272 1020 1433 1057 precatur
1448 1016 1567 1049 Poeta.

198 1105 411 1171 EchD
435 1124 490 1164 ab
513 1124 734 1175 impressae
758 1125 992 1176 cognoscis
1013 1124 1201 1177 imagine
1220 1138 1402 1178 gemmae

255 1190 372 1230 Haec
393 1190 472 1230 tibi
495 1190 719 1230 Nasonem
739 1191 926 1231 scribere
946 1193 1093 1241 verba,
1117 1192 1303 1233 Macer?

197 1255 489 1309 Auctorisque
512 1256 577 1295 sui
595 1256 632 1295 si
653 1268 738 1295 non
758 1260 824 1296 est
844 1258 1025 1297 annulus
1046 1258 1193 1307 index,

256 1322 495 1376 Cognitane
516 1326 582 1362 est
602 1326 750 1362 nostra
769 1323 894 1363 litera
914 1323 1032 1363 facta
1051 1326 1211 1364 manu?

197 1389 269 1430 An
289 1391 369 1430 tibi
387 1389 584 1430 notitiam
603 1402 728 1429 mora
748 1391 955 1442 temporis
977 1391 1109 1443 eripit
1126 1391 1308 1432 horum?

255 1456 352 1496 Nec
374 1459 572 1508 repetunt
593 1455 709 1494 oculi
731 1455 850 1506 signa
870 1458 1042 1495 vetusta
1062 1457 1125 1495 tui
1142 1458 1160 1495 C?

197 1523 267 1563 Sis
288 1522 392 1563 lieet
412 1522 575 1561 oblitus
596 1520 759 1573 pariter
779 1532 1045 1573 gemmaeque
1065 1533 1318 1575 manusque,

251 1587 480 1630 Exciderit
500 1590 668 1628 tantum
688 1599 742 1626 ne
763 1586 842 1626 tibi
859 1599 963 1626 cura
980 1587 1081 1626 mei.

197 1654 341 1704 Quam
363 1659 410 1694 tu
430 1654 501 1695 vel
521 1653 640 1705 longi
661 1652 792 1692 debes
813 1653 1084 1693 convictibus
1104 1653 1205 1703 aevi,

251 1719 338 1760 Vel
359 1732 459 1760 mea
477 1719 595 1772 quod
616 1718 778 1772 conjux
797 1730 884 1758 non
906 1718 1048 1759 aliena
1070 1720 1150 1760 tibi
1168 1733 1179 1771 ;
1592 1721 1644 1764 10

194 1786 281 1827 Vel
301 1786 472 1836 studiis,
491 1785 652 1839 quibus
670 1798 733 1836 es,
755 1798 885 1838 quam
907 1799 999 1835 nos,
1022 1787 1260 1840 sapientius
1281 1800 1413 1840 usus;

253 1853 400 1908 thue
420 1853 558 1903 decet,
579 1853 700 1894 nulla
719 1853 861 1895 sactus
884 1866 933 1894 es
956 1852 1057 1894 Arte
1077 1866 1252 1896 nocens.

1617 1392 1643 1431 Q«

238 1968 358 2008 Macer,
370 1969 475 2008 ecquid
489 1970 643 2008 cognoscis
655 1970 691 2001 ab
697 1970 809 2012 figura
824 1981 902 2003 ceroe
916 1972 1070 2012 impressae
1084 1972 1234 2003 Nasonem
1249 1971 1307 2002 tihi
1318 1971 1448 2002 scribere
1462 1970 1517 2001 has
1532 1980 1616 2002 voces
1627 1970 1644 2003 2

194 2010 238 2040 Et
253 2011 280 2040 si
295 2012 425 2041 annulus
437 2022 495 2042 non
509 2015 555 2042 est
570 2013 665 2043 index
680 2014 728 2044 sui
744 2015 888 2054 auctoris,
906 2015 998 2045 litera
1015 2018 1097 2045 estne
1117 2015 1241 2053 cognita
1258 2015 1374 2053 scripta
1396 2016 1503 2044 nostra
1526 2013 1644 2047 manu?

194 2054 244 2082 An
258 2053 392 2091 spatium
404 2055 548 2092 temporis
562 2054 644 2085 tollit
658 2055 717 2085 tibi
731 2057 907 2088 memoriam
921 2055 1052 2088 horum?
1067 2066 1163 2096 neque
1175 2056 1254 2086 oculi
1266 2057 1313 2086 tui
1327 2059 1468 2087 revocant
1483 2055 1574 2094 signa
1588 2066 1643 2086 an-

194 2093 307 2132 tiqua?
354 2096 430 2124 Esto
445 2096 588 2127 oblivioni
604 2098 773 2128 tradideris
785 2099 906 2137 pariter
921 2100 1059 2137 sigillum
1074 2102 1105 2129 et
1119 2109 1255 2136 manum,
1277 2100 1362 2128 ηιοᾱο
1386 2108 1422 2128 ne
1442 2108 1527 2128 amor
1550 2098 1608 2128 mei
1622 2109 1643 2129 α

194 2139 224 2165 te
240 2137 409 2166 recesserit.
455 2138 554 2171 Quem
578 2142 613 2168 tu
636 2139 726 2169 debes
751 2141 795 2170 vel
820 2142 1006 2172 convictibus
1031 2142 1114 2180 longi
1137 2141 1283 2180 temporis
1295 2151 1305 2175 ‚·
1326 2141 1374 2170 vel
1389 2141 1466 2180 qnod
1480 2149 1546 2169 mea
1562 2149 1642 2169 uxor·

194 2187 253 2207 mm
273 2182 324 2208 est
347 2177 404 2207 tibi
419 2178 532 2218 aliena,
545 2180 591 2209 vel
615 2181 739 2219 studiis,
767 2183 873 2220 quibus
898 2193 929 2213 es
945 2193 1014 2213 usus
1033 2183 1215 2222 prudentius
1230 2192 1319 2221 quam
1339 2191 1402 2221 noS,
1418 2185 1447 2212 et
1464 2182 1547 2212 nulla
1561 2180 1641 2211 Arte

805 2264 1037 2275 eaeeeeaeeae-›oaee

238 2316 253 2343 l
281 2312 419 2343 Gemma·
445 2314 578 2353 Fragm.
606 2314 788 2345 Boxlioruii
819 2319 853 2345 et
882 2315 1039 2346 Francos.
1069 2316 1218 2356 quamvis
1237 2324 1316 2345 vero
1341 2315 1509 2353 vulgatam
1532 2314 1639 2353 [ceroe]

197 2354 334 2386 defendi
359 2365 458 2395 posse
486 2357 602 2395 sciam,
620 2357 743 2388 rectius
774 2361 884 2387 tamen
912 2367 987 2387 meo
1009 2357 1141 2396 judicio
1169 2367 1299 2396 gemma
1328 2357 1452 2387 dicitur
1480 2357 1637 2396 imprimi,

195 2407 292 2436 quam
317 2406 408 2437 cera,
423 2398 477 2428 cui
505 2407 635 2438 gemma
660 2399 823 2438 imprimit
845 2399 1036 2438 imaginem,
1054 2403 1089 2428 et
1115 2400 1177 2430 hoc
1202 2398 1419 2429 confirmatur
1443 2408 1520 2428 mox
1546 2408 1592 2429 VS.
1607 2401 1639 2429 7.

194 2440 256 2470 Vel
274 2439 453 2479 legendum
467 2445 572 2476 esset,
585 2441 730 2480 impressa
744 2442 899 2479 cognoscis
911 2442 1046 2479 imagine
1064 2451 1154 2471 certe.
1179 2442 1356 2471 Burin—4
1382 2441 1439 2471 l’r.
1457 2441 1519 2471 Ed.
1538 2441 1638 2479 Cogn.

193 2492 246 2514 nec
263 2485 421 2513 nostr.-5
446 2482 487 2514 P.
506 2483 591 2518 Quin
613 2483 754 2516 tib.—12
781 2484 849 2514 Pro
873 2493 903 2513 es
926 2484 1040 2513 Burni.
1067 2483 1158 2523 conj.
1185 2484 1247 2520 ab‚·
1270 2492 1345 2513 nam
1369 2483 1436 2514 ‘es'
1461 2483 1493 2512 in
1509 2482 1638 2523 superi-

851 2579 881 2608 N
888 2577 988 2609 OTAE

236 2650 253 2676 5
266 2647 401 2688 Horum]
411 2650 494 2681 Cum
505 2649 616 2692 sigilli,
628 2654 699 2682 tum
708 2650 886 2693 scripturae
982 2653 1003 2680 6
1017 2650 1082 2681 Nec
1093 2650 1249 2690 repetunt]
1267 2652 1437 2682 Revocare
1450 2653 1634 2693 nequeunt,

195 2696 327 2729 Poetae.
941 2702 998 2731 aut
1011 2699 1044 2730 in
1061 2700 1254 2732 memoriam
1268 2700 1443 2733 reducere.
