1877 3193
124 1506 135 1525 ’ἶ

545 188 697 218 EPlS'I'.
734 187 796 217 Ex
832 188 990 217 PON'ro
1025 188 1120 219 Lm.
1153 188 1223 218 111.
1247 178 1288 218 1.
1524 178 1636 219 2629

194 279 362 323 Cuncta
381 281 486 323 licet
505 282 667 332 facias3
699 283 783 323 nisi
805 283 866 323 sis
884 283 1136 333 laudabilis,
1155 296 1282 332 uxor,

251 347 353 388 Non
376 351 535 403 poterit
555 350 673 390 credi
698 350 873 390 Marcia
895 350 1011 390 culta
1032 350 1125 390 tibi.

192 412 290 455 Nec
314 429 462 456 sumus
483 417 673 468 indigni;
705 429 784 456 nec
805 415 867 469 (si
888 417 955 456 vis
976 429 1080 456 vera
1099 416 1244 470 fateri)

251 481 447 522 Debetur
465 483 629 522 meritis
649 483 786 533 gratia
806 481 928 520 nulla
951 481 1072 521 meis.
1584 480 1639 521 80

193 547 409 588 Redditur
429 549 505 588 illa
526 548 704 600 quidem
726 546 878 598 grandi
900 559 1002 586 cum
1021 546 1188 587 foenore
1208 548 1349 596 nobis,

251 614 347 655 Nec
370 618 425 662 te,
448 616 486 654 si
510 615 660 667 cupiat
680 613 853 662 laeclere,
874 613 989 654 livor
1003 613 1150 654 habet.

191 681 278 721 Sed
298 688 438 722 tamen
458 681 540 721 hoc
562 681 692 721 factis
713 680 902 734 adjunge
922 681 1140 733 prioribus
1160 693 1306 729 unum,

249 748 337 789 Pro
358 748 513 788 nostris
532 751 578 789 ut
599 748 662 788 sis
682 748 915 788 ambitiosa
934 747 1079 788 malis.

193 813 254 856 Ut
271 815 414 855 minus
432 815 590 856 infesta
605 813 780 869 jaceam
802 815 990 866 regione,
1007 815 1182 855 labora:
1586 815 1622 855 8.

249 881 420 923 Clauda
440 896 518 923 nec
537 882 665 922 officii
686 895 788 935 pars
808 882 889 922 erit
907 882 998 922 ulla
1018 882 1099 922 tui.

192 947 359 1001 Magna
378 953 495 1002 peto,
519 949 595 989 sed
613 962 699 989 non
720 953 866 989 tamen
887 948 1108 990 invidiosa
1128 949 1291 1001 roganti
1312 962 1321 989 :

248 1014 396 1068 thue
419 1029 472 1056 ea
492 1029 581 1056 non
600 1020 764 1064 teneas,
787 1020 879 1056 tuta
899 1015 1075 1069 repulsa
1090 1018 1166 1056 tua
1186 1019 1267 1056 cst.

191 1080 288 1121 Nec
310 1082 415 1123 mihi
437 1095 667 1131 succense,
689 1084 819 1123 toties
842 1083 880 1122 si
901 1083 1090 1123 carmine
1108 1086 1273 1131 nostro,

249 1147 382 1198 Quod
403 1150 528 1199 facis,
550 1156 599 1191 ut
618 1150 772 1198 facias,
795 1153 922 1203 teque
943 1149 1129 1198 imitere,
1151 1162 1277 1201 rogo.
1583 1150 1638 1188 90

193 1214 399 1256 Fortibus
419 1219 612 1258 assuevit
632 1217 807 1257 tubicen
827 1216 1037 1269 prodesse
1056 1229 1066 1266 3
1100 1229 1273 1269 suoque

247 1282 355 1322 Dux
376 1284 482 1323 bene
502 1288 745 1336 pugnantes
766 1283 916 1323 incitat
935 1295 1008 1323 ore
1030 1282 1164 1323 viros.

189 1401 275 1441 bona,
291 1403 416 1441 conjux,
434 1405 558 1435 Marcia
572 1414 631 1435 non
645 1404 762 1444 poterit
777 1405 860 1434 credi
876 1404 1025 1436 honorata
1040 1416 1058 1435 a
1070 1408 1110 1436 te.
1156 1405 1263 1445 Neque
1283 1413 1387 1435 sumus
1401 1403 1568 1434 immeriti:
1592 1413 1641 1433 ne-

187 1454 256 1483 que,
269 1446 297 1475 si
312 1447 358 1475 vis
371 1456 534 1485 agnoscere
558 1457 676 1485 verum,
700 1448 785 1477 nulla
807 1448 915 1484 gratia
939 1447 1066 1477 debetur
1083 1447 1159 1477 meis
1176 1446 1340 1487 beneficiis.
1384 1446 1446 1476 Illa
1459 1447 1580 1486 quidem
1596 1456 1642 1476 re—

180 1486 288 1523 fertur
303 1489 390 1519 nobis
401 1499 469 1520 cum
481 1500 592 1528 magno
598 1489 710 1526 fructu
722 1499 732 1523 ‚·
754 1498 848 1527 neque
866 1488 990 1518 Invidia
1004 1488 1094 1519 habet
1110 1489 1188 1528 quod
1208 1489 1304 1527 possit
1319 1497 1455 1527 carpere,
1469 1488 1497 1518 si
1512 1489 1615 1527 cupiat
1629 1499 1638 1517 :

189 1539 292 1559 rerum
303 1533 407 1562 tamen
421 1531 519 1568 adjice
533 1531 587 1560 hoc
601 1529 800 1566 unumfactis
813 1530 1066 1569 praecedentibus,
1080 1534 1115 1560 ut
1128 1531 1170 1560 sis
1181 1530 1343 1560 ambitiosa
1354 1539 1411 1569 pro
1429 1530 1543 1559 nostris
1558 1530 1639 1559 cala-

186 1571 359 1602 mitatibus.
406 1573 562 1602 Contende
577 1576 611 1602 ut
618 1572 740 1609 jaceam
763 1571 796 1601 in
810 1571 904 1610 plaga
918 1572 1020 1601 minus
1034 1573 1240 1609 tumultuosa,·
1262 1581 1356 1612 neque
1370 1572 1435 1602 ulla
1457 1581 1533 1611 pars
1547 1572 1641 1613 officii

187 1613 236 1642 tui
249 1613 309 1642 erit
324 1614 458 1653 infirma.
504 1615 600 1644 Posco
626 1614 779 1653 ingentia,
804 1615 858 1644 sed
882 1623 942 1644 non
962 1617 1066 1645 tamen
1092 1615 1244 1645 invidiosa
1269 1614 1391 1650 oranti;
1414 1616 1443 1644 et
1468 1624 1640 1654 quanquam

186 1665 247 1684 non
262 1657 468 1695 consequaris,
482 1658 605 1696 repulsa
618 1660 671 1687 tua
687 1659 731 1686 est
746 1665 862 1686 secura.
910 1656 1017 1696 Neque
1035 1657 1112 1687 mihi
1127 1657 1284 1695 irascaris,
1304 1657 1330 1686 si
1346 1666 1398 1687 oro
1421 1658 1512 1687 toties
1527 1657 1640 1686 nostris

186 1698 324 1727 fersibus
338 1701 373 1728 ut
384 1709 460 1737 agas
475 1699 555 1738 qaod
567 1700 647 1738 agis,
664 1703 693 1729 et
710 1701 740 1729 te
753 1698 916 1729 oemuleris.
965 1698 1098 1730 Tubiccn
1124 1700 1279 1730 consucvit
1307 1700 1469 1729 accendere
1488 1701 1640 1737 strenuos,

186 1744 217 1769 et
233 1740 401 1780 imperator
416 1741 558 1772 hortatur
573 1751 625 1771 suo
638 1751 688 1772 ore
703 1742 786 1771 viros
793 1740 928 1778 fortiter
941 1741 1132 1774 dimicantes.
1178 1742 1326 1773 Probitas
1340 1745 1393 1772 tua
1406 1744 1565 1781 perspecta
1582 1745 1638 1779 ese,

794 1823 1029 1835 eeeeeeeeeee

189 1886 264 1907 cum
281 1878 371 1918 vulg.
387 1878 499 1909 minus.
521 1878 609 1909 Tum
626 1887 678 1918 pr.
696 1877 758 1908 Ed.
775 1878 890 1919 officio:
914 1883 949 1909 et
970 1879 1060 1910 Mor.
1078 1883 1113 1909 et
1137 1884 1204 1910 tres
1220 1879 1274 1909 alii
1291 1889 1381 1918 qaam
1403 1879 1520 1919 pietate
1541 1881 1639 1910 col.—

186 1922 226 1949 77
252 1920 304 1950 Sis
320 1930 362 1951 ex
382 1921 501 1951 Heius.
518 1921 650 1951 emend.
673 1926 708 1950 et
729 1920 777 1951 sic
795 1920 931 1961 quidem
946 1922 988 1952 V.
1004 1927 1039 1951 et
1061 1923 1191 1952 Bersm.
1217 1922 1307 1957 vulg.
1330 1921 1490 1951 eris—78
1514 1921 1639 1952 Marcia

187 1971 247 2000 pro
272 1964 364 2001 vulg.
395 1964 517 1994 Martia
542 1963 662 1993 Heius.
684 1969 798 1993 monet
819 1963 1057 2000 sci·il›endum;
1080 1965 1126 1994 sic
1150 1973 1282 2004 quoque
1299 1963 1515 1995 Arnum—82
1543 1965 1635 1994 Unus

189 2003 274 2034 liber
291 2005 354 2035 Nec
369 2016 425 2045 quo
440 2007 477 2036 si.
516 2006 598 2036 Mox
614 2006 692 2035 livor·
721 2005 839 2036 Heius.
866 2006 1018 2044 reposuit
1047 2016 1087 2036 ex
1113 2007 1227 2036 multis
1255 2011 1339 2036 vett.
1367 2006 1423 2035 alii
1444 2016 1520 2036 cum
1548 2007 1637 2046 vulg.

186 2052 388 2078 rumora-225
414 2047 534 2085 Infesta
551 2048 684 2087 plurimi
698 2047 815 2087 scripti
828 2052 862 2078 et
878 2048 981 2078 editi:
1008 2054 1042 2079 at
1059 2049 1097 2079 V.
1114 2049 1229 2079 hostili.
1264 2049 1345 2078 Mox
1359 2047 1445 2079 Eud.
1463 2048 1584 2088 priscae
1603 2054 1640 2080 et

190 2088 275 2119 Mor.
300 2094 336 2120 et
365 2090 459 2122 Serv.
486 2090 592 2120 Codd.
611 2090 677 2128 jac.
703 2090 823 2128 tellure,
847 2090 992 2121 lua-so
1018 2091 1067 2121 Ex
1087 2091 1200 2122 inultis
1227 2091 1334 2122 Corld.
1362 2091 1479 2121 Burni.
1505 2092 1640 2131 recepit

191 2131 309 2162 Claud«
325 2141 386 2172 pro
404 2133 492 2173 vulg.
513 2134 646 2164 Clausa:
673 2133 726 2163 Fr.
755 2132 857 2164 habet
884 2133 1001 2173 Surda,
1018 2139 1052 2164 at
1071 2135 1190 2164 (lauda
1208 2143 1269 2174 pro
1286 2143 1353 2164 var.
1372 2134 1534 2164 lecu—87
1562 2134 1638 2164 Duo

849 2238 988 2270 NOTAE

186 2311 325 2343 Scilicet
342 2322 456 2344 omnes
474 2312 609 2344 familiae
627 2314 660 2344 in
683 2322 819 2344 censum
834 2323 884 2344 re·
983 2316 1024 2345 88
1050 2313 1179 2353 Tenens]
1206 2314 1443 2354 Cousequaris.

188 2362 396 2395 serebantur.
985 2364 1080 2405 Tuta]
1096 2365 1216 2405 Neque
1231 2373 1270 2394 eo
1287 2365 1467 2405 quicquam
1483 2362 1544 2393 tibi
1559 2363 1638 2393 mali

230 2416 272 2443 78
296 2414 433 2455 Marcia]
450 2414 591 2445 Maximi
605 2412 670 2445 fuit
687 2424 782 2454 uxor,
793 2414 884 2445 Mar·
939 2415 1086 2444 eveniet.

189 2461 230 2491 cii
244 2463 410 2505 Philippi,
425 2465 536 2496 vitrici
552 2464 709 2504 Augusti,
724 2463 803 2495 filia.
981 2467 1023 2493 90
1047 2464 1146 2502 Teque
1160 2461 1295 2501 imitere]
1326 2461 1436 2491 Acute
1454 2469 1532 2490 saue
1557 2470 1638 2492 uxo-

234 2513 274 2540 84
296 2512 482 2554 Ambitiosa]
523 2514 563 2544 Id
580 2519 644 2552 est,
660 2524 733 2555 quae
752 2513 883 2544 solicite
939 2522 1010 2543 rem
1024 2512 1064 2542 ad
1075 2511 1220 2542 officium
1235 2510 1459 2550 praestandum
1471 2510 1637 2542 hortatur.

190 2560 415 2598 quorumlibet
431 2564 572 2601 gratiam
589 2569 623 2594 et
637 2564 799 2604 favorem,
813 2574 886 2595 mea
982 2565 1021 2592 91
1038 2561 1202 2599 Prodesse]
1222 2560 1384 2600 lujurium
1399 2560 1476 2600 quia
1488 2560 1637 2600 videtur,

191 2617 303 2646 causa,
318 2609 445 2639 ambire
461 2620 628 2650 nunquam
642 2613 785 2646 desinas,
941 2621 1050 2651 neque
1067 2610 1138 2640 sinc
1162 2619 1273 2647 causa,
1289 2609 1478 2648 quempiam
1496 2610 1537 2640 ad
1554 2611 1636 2642 illud

234 2661 275 2688 80
301 2659 418 2689 Clauda
434 2660 503 2699 nec]
534 2662 657 2692 Omnia
673 2665 885 2704 praestitcris„
939 2660 1064 2691 hortari
1079 2658 1166 2700 quod
1184 2668 1226 2688 ex
1239 2670 1273 2688 sc
1292 2659 1379 2689 ultro
1393 2665 1556 2699 praestare
1580 2661 1637 2692 de-

191 2719 266 2751 quae
283 2718 324 2740 ex
339 2714 374 2741 te
393 2713 511 2751 optare
524 2710 658 2751 possim.
939 2711 1031 2752 beat,
1055 2709 1131 2741 idco
1159 2709 1323 2750 exemplis
1352 2710 1501 2743 ostendit
1542 2712 1636 2743 Naso
