1877 3193
240 139 354 184 2690

722 155 764 185 P.
796 153 954 184 ovum
986 145 1201 186 NAsoms

237 247 291 288 In
311 259 438 289 coeuo
459 247 583 288 latuit
601 246 787 296 Marius,
809 258 1037 299 cannaque
1055 245 1267 301 palustri:

293 315 478 356 Pertulit
495 318 538 355 et
557 317 678 354 tanto
698 314 834 354 multa
853 313 1056 367 pudenda
1074 314 1185 356 viro.

237 382 374 423 Ludit
392 383 437 423 in
456 381 653 422 humanis
673 381 821 421 divina
841 381 1039 434 potentia
1054 382 1180 422 rebus
1199 394 1212 434 ;

291 451 348 492 Et
367 454 528 492 certam
548 463 744 503 praesens
765 451 844 490 vix
863 450 998 491 habet
1017 451 1122 491 hora
1139 450 1286 492 fidem.

1629 449 1684 490 50

234 518 379 560 Littus
399 518 456 559 ad
477 518 715 567 Euxinum,
742 517 781 557 si
802 518 899 570 quis
920 518 1025 557 mihi
1047 517 1224 568 diceret,
1245 517 1349 568 ibis,

291 585 351 626 Et
368 589 552 634 metues,
575 577 680 626 arcu
699 597 754 625 ne
772 583 928 624 feriare
948 583 1099 635 Getae;

235 651 273 701 I,
294 652 409 702 bibe,
431 652 664 701 dixissem,
685 654 918 703 purgantes
937 654 1115 702 pectora
1130 662 1290 691 succos
1308 662 1319 690 t

292 718 517 772 Quicquid
538 722 581 758 et
600 718 643 758 in
665 721 757 757 tota
774 716 970 756 nascitur
990 715 1216 769 Anticyra.

236 786 343 827 Sum
362 788 505 826 tamen
523 785 621 826 haec
642 795 802 836 passus
819 796 828 823 :
859 794 940 823 nec
961 782 999 822 si
1019 783 1218 823 mortalia
1236 795 1430 836 possem,
1627 782 1686 823 55

292 852 348 894 Et
368 851 524 894 summi
542 854 740 904 poteram
760 849 849 890 tela
870 861 1022 889 cavere
1042 849 1143 889 Dei.

233 920 306 961 Tu
327 931 501 972 quoque
520 917 589 958 fao
610 918 789 968 timeas3
819 920 878 966 et,
897 929 998 968 quae
1019 916 1100 957 tibi
1119 916 1226 956 laeta
1245 915 1455 967 videntur,

294 986 412 1027 Dum
429 985 640 1039 loqueriS,
662 984 755 1025 fieri
775 985 914 1025 tristia
933 996 1068 1036 posse
1089 985 1208 1037 puta.

238 1116 302 1145 sule
322 1115 420 1145 Roma
441 1114 510 1152 suit
525 1114 656 1154 victrix,
671 1114 798 1147 delituit
813 1115 846 1146 in
872 1116 936 1147 luto
951 1119 981 1146 et
996 1115 1103 1154 juncis
1114 1114 1305 1156 palustribus
1316 1125 1328 1152 ,⁹
1350 1117 1441 1154 atque
1465 1122 1624 1154 perpessus
1644 1116 1690 1143 est

238 1158 335 1188 multa
350 1156 551 1188 erubescenda
567 1160 653 1188 tanto
669 1158 747 1189 viro.
791 1159 941 1189 Potentia
965 1159 1071 1189 divina
1095 1159 1175 1189 ludit
1189 1159 1222 1189 in
1239 1158 1328 1189 rebus
1342 1157 1482 1187 humanis
1493 1167 1504 1193 ;
1526 1159 1556 1187 et
1571 1160 1689 1195 tem-pus

236 1208 370 1238 proesens
383 1209 466 1237 aegre
481 1199 683 1239 habetfidem.
713 1200 751 1230 Si
765 1200 835 1240 quis
849 1201 926 1231 mihi
937 1201 1079 1238 dixisset,
1084 1201 1194 1239 fugies
1209 1202 1248 1230 ud
1264 1201 1352 1231 littus
1368 1200 1540 1237 Euxinum,
1555 1202 1584 1229 et
1599 1198 1688 1228 time-

239 1242 286 1271 bis
300 1251 335 1271 ne
356 1241 524 1272 vulnereris
549 1250 622 1271 arcu
649 1242 742 1272 Gelae
753 1252 764 1277 ,·
788 1244 850 1282 Ito,
874 1242 1033 1282 dixissem,
1059 1246 1164 1283 potato
1190 1253 1293 1273 succos
1319 1245 1489 1282 purgantes
1509 1244 1642 1280 pectora,
1657 1242 1687 1270 et

238 1282 383 1323 quicquid
403 1283 562 1322 germinat
588 1283 621 1312 in
646 1286 715 1313 tnta
740 1283 907 1324 Anticyra.
951 1285 1102 1315 Attamen
1125 1285 1242 1324 pertuli
1255 1285 1316 1314 ista
1326 1295 1339 1320 ;
1361 1294 1455 1323 neque
1468 1284 1495 1313 si
1509 1292 1626 1322 possem
1641 1291 1689 1311 me

237 1325 397 1363 defendere
409 1335 428 1355 α
443 1325 513 1355 telis
527 1325 718 1362 mortalibus,
730 1329 868 1365 poteram
882 1325 976 1356 etiam
990 1336 1038 1356 me
1051 1326 1212 1362 defendere
1226 1337 1245 1356 a
1260 1327 1329 1355 telis
1341 1325 1477 1364 supremi
1490 1324 1562 1356 Dei.
1612 1324 1688 1354 Vide

238 1372 274 1399 tu
289 1368 384 1400 etiam
399 1371 528 1408 metuas,
544 1371 574 1399 et
589 1369 678 1399 crede
690 1377 779 1408 posse
783 1367 861 1408 fieri
876 1377 984 1407 aspera
998 1369 1072 1398 dum
1087 1367 1280 1407 verbafacis,
1293 1377 1360 1406 quoe
1372 1367 1432 1397 tibi
1444 1367 1587 1397 videntur
1602 1367 1686 1396 lata.

845 1454 1080 1467 eeeeeeeeeeee

239 1516 321 1544 ——45
345 1512 410 1544 Ed.
428 1522 480 1553 pr.
497 1516 533 1544 et
548 1512 666 1553 scripti
682 1512 833 1544 nonnulli
847 1513 917 1553 Ipse
932 1514 1055 1544 .Ῑ.-47
1077 1512 1187 1544 Latuit
1211 1512 1337 1542 Marius
1357 1516 1502 1552 quatuor
1530 1518 1663 1543 veteres
1678 1523 1687 1551 ;

240 1555 340 1595 paulo
361 1555 500 1586 rectius.
526 1555 636 1586 Heins.
674 1555 773 1595 Vulg.
804 1555 930 1586 Marius
947 1554 1147 1593 jacuit.—-5l
1172 1555 1255 1586 Lov.
1282 1555 1322 1585 ad
1336 1558 1517 1592 extremum,
1543 1554 1581 1584 si.
1605 1554 1687 1585 Mox

241 1597 388 1629 Gerard.
404 1601 439 1628 et
452 1598 494 1629 P.
505 1597 596 1629 Dan.
613 1597 688 1628 mih.
702 1598 822 1628 dixerit
836 1597 993 1630 thia—52
1015 1598 1099 1628 Lov.
1115 1607 1134 1628 a
1149 1606 1201 1638 pr.
1218 1606 1305 1628 man.
1320 1597 1364 1627 Et
1378 1599 1507 1634 metuas,
1520 1605 1582 1626 arc.
1605 1596 1689 1627 Mox

243 1639 362 1671 Heius.
377 1640 496 1671 suadet
514 1640 582 1678 fer.
600 1639 775 1671 Gete.—53
801 1641 869 1672 Pro
881 1650 974 1680 purg.
987 1643 1070 1680 pect.
1091 1649 1170 1670 succ.
1193 1640 1202 1656 ‘
1216 1637 1373 1670 Fraucof.
1389 1638 1568 1677 Purgantia
1580 1640 1690 1677 pocula

239 1691 375 1712 somnos:
392 1682 483 1722 quod
501 1682 580 1722 quid
598 1682 642 1713 sit
657 1682 775 1722 ignoro
791 1693 799 1721 ;
824 1683 911 1714 latet
927 1682 1017 1713 forte
1030 1682 1159 1723 aliquid
1175 1682 1217 1712 de
1234 1690 1404 1721 papavere
1418 1692 1426 1712 :
1451 1690 1492 1711 an
1506 1678 1690 1720 portantia?

240 1724 301 1754 sed
318 1728 460 1764 praestat
476 1724 623 1764 vulgata.
647 1724 787 1756 Petron.
817 1728 869 1757 88.
892 1725 902 1742 ‘
921 1725 1130 1764 Chrysippus
1148 1729 1200 1755 ter
1226 1723 1399 1754 helleboro
1416 1723 1560 1754 animum
1579 1722 1690 1753 deter-

239 1765 307 1797 sit?
353 1766 449 1797 Ebibe
464 1767 612 1797 dixissem
639 1766 777 1798 Junian.
805 1771 840 1798 et
870 1766 936 1798 duo
960 1767 1028 1798 alii.
1051 1767 1251 1798 Bura—56
1273 1767 1369 1797 Unus
1384 1766 1469 1796 liber
1496 1766 1562 1796 Nec
1583 1775 1691 1795 summ.

242 1808 318 1839 Pol.
335 1807 454 1839 Summi
470 1819 524 1840 nec
550 1812 712 1849 poteram
735 1813 771 1841 et
788 1809 900 1850 Marg.
924 1810 1059 1840 Bersm.
1085 1810 1159 1840 Non
1176 1812 1316 1849 poteram
1331 1808 1534 1840 summi—57
1557 1807 1689 1838 Thuan.

243 1856 279 1882 et
296 1851 470 1883 Feschian.
498 1853 546 1883 Tu
559 1852 644 1883 niodo
663 1851 732 1890 sac.

902 1926 1040 1959 NOTAE

244 1990 419 2021 Heinsius.

284 2043 323 2070 45
347 2040 555 2080 Jugurthino]
580 2040 658 2073 Fuit
680 2040 852 2082 Jugurtha
867 2040 940 2073 Nu-

243 2088 406 2120 midarum
418 2099 476 2120 rex
488 2091 519 2121 in
529 2089 646 2122 Africa
655 2090 804 2123 nefarius
816 2101 825 2130 ;
841 2101 940 2132 quem

244 2138 387 2178 Marius,
411 2139 554 2170 obscuro
577 2140 713 2180 quidem
738 2141 812 2172 loco
833 2145 942 2181 natus,

245 2187 305 2217 sed
321 2189 503 2227 praeclarus
528 2190 733 2229 Imperator,
756 2191 840 2222 vicit
855 2196 891 2221 et
907 2191 940 2221 in

247 2235 452 2276 triumphum
469 2238 579 2269 duxit.

291 2287 430 2327 Cimbro]
446 2288 498 2318 De
515 2288 658 2318 Cimbris
674 2288 866 2318 Germaniae
883 2298 940 2328 po-

246 2337 334 2377 pulis
349 2337 479 2367 Marius
497 2337 597 2376 idem,
618 2342 792 2377 postquam
814 2337 888 2367 illos
909 2337 941 2367 iu

247 2386 347 2417 Italia
361 2386 555 2427 delevisset,
568 2397 690 2428 magua
705 2387 812 2427 gloria
827 2387 942 2418 trium-

248 2435 377 2477 phavit.

291 2488 333 2517 46
359 2485 474 2525 Toties]
497 2485 631 2526 Septies
647 2486 734 2517 enim
749 2495 825 2517 eum
841 2486 942 2517 hono-

249 2545 317 2566 rem
341 2535 485 2576 adeptus
513 2541 587 2575 est;
608 2535 698 2577 quod
713 2536 838 2567 nemini
855 2536 942 2568 obti-

248 2589 356 2624 gerat.

291 2637 330 2665 47
356 2636 463 2676 Coeno]
487 2637 521 2668 Is
552 2648 645 2677 vero,
671 2648 748 2669 cum
769 2638 870 2679 Syllae
891 2647 942 2668 ra-

248 2683 335 2715 biem
351 2684 528 2728 effugeret,
542 2688 577 2719 in
597 2687 775 2730 paludibus
800 2687 944 2720 Mintur-

991 1999 1109 2021 narum
1125 1989 1329 2021 delitescere
1346 1992 1484 2020 coactus
1499 1992 1564 2019 est.

1035 2043 1077 2070 48
1100 2040 1265 2080 Pudenda]
1289 2040 1340 2070 Ex
1367 2038 1491 2080 palude
1521 2038 1608 2069 euim
1631 2047 1691 2069 sua

994 2094 1163 2122 retractus
1179 2090 1212 2120 in
1228 2099 1400 2121 carcerem
1423 2089 1597 2130 conjectus
1619 2092 1691 2125 est3

995 2150 1060 2181 quo
1077 2144 1113 2170 et
1137 2139 1304 2171 immissus
1321 2149 1509 2180 percussor,
1524 2147 1623 2180 quem
1643 2142 1692 2168 ta·

995 2200 1072 2221 men
1086 2191 1199 2220 vultus
1216 2189 1421 2220 auctoritate
1436 2188 1615 2219 deterruit.

1037 2243 1078 2269 50
1102 2239 1226 2278 Fidem]
1252 2238 1292 2269 In
1309 2241 1404 2268 tanta
1420 2244 1564 2276 namque
1580 2244 1690 2266 rerum

995 2289 1157 2325 vanitate,
1175 2288 1257 2318 nihil
1275 2291 1327 2318 est
1343 2286 1431 2328 quod
1454 2290 1584 2316 certum
1601 2286 1691 2327 quis-

995 2348 1093 2379 quam
1107 2338 1222 2369 facere
1241 2342 1298 2368 aut
1313 2338 1424 2368 dicere
1441 2338 1561 2377 possit.

1037 2390 1077 2418 51
1103 2387 1247 2427 Diceret]
1277 2388 1357 2428 Pro,
1373 2388 1528 2429 dixisset,
1543 2391 1581 2419 ut
1597 2398 1690 2428 saepe

996 2437 1087 2469 alibi.

1035 2491 1076 2518 53
1114 2487 1210 2527 Bibe]
1257 2487 1430 2529 Siquidem
1467 2488 1602 2519 insanus
1640 2498 1691 2528 es,

994 2541 1162 2578 caputque
1192 2538 1280 2577 geris
1308 2542 1382 2569 atra
1415 2538 1480 2569 bile
1504 2539 1689 2570 turbatum.

993 2588 1149 2619 Intendit
1179 2588 1271 2619 Naso
1299 2588 1425 2628 dicere,
1453 2588 1515 2619 nisi
1543 2587 1688 2619 fortunae

993 2638 1085 2669 vices
1102 2642 1263 2679 expertus
1280 2643 1381 2680 esset,
1405 2648 1575 2680 nunquam
1592 2642 1689 2680 potu·

994 2687 1059 2720 isse
1071 2688 1211 2721 credere
1222 2687 1372 2722 futurum
1384 2692 1421 2722 ut
1430 2688 1531 2721 exilio
1540 2688 1573 2720 in
1580 2688 1688 2720 Getas
