1877 3193
516 199 670 232 EPIS'P.
704 199 770 230 Ex
806 199 967 231 PoN'ro
1003 199 1187 232 11113.1v.
1212 190 1285 232 13.
1515 192 1629 235 2739

172 293 273 336 Nec
294 298 337 335 te
358 295 516 345 mirari,
544 295 583 335 si
605 295 693 336 sint
713 295 891 346 vitiosa,
915 295 1089 337 decebit

227 360 449 412 Carmina,
470 376 570 415 quae
593 362 753 404 faciam
773 376 901 417 paene
922 362 1059 417 poeta
1080 363 1229 405 Getes.

169 426 243 468 Ah
263 428 419 481 pudet!
451 434 494 470 et
518 429 675 470 Getico
697 431 856 483 scripsi
876 441 1070 470 sermone
1090 431 1287 471 libellum
1305 444 1315 471 z

227 495 492 549 Structaque
512 500 610 537 sunt
628 497 790 537 nostris
811 497 999 536 barbara
1016 497 1152 537 verba
1173 498 1332 538 modis.
1574 497 1631 539 20

170 560 228 604 Et
248 563 412 615 placui,
443 562 632 616 (gratare
652 560 795 614 mihi,)
826 563 1032 615 coepique
1051 562 1200 616 po‘etae

223 628 340 670 Inter
356 630 616 670 inhumanos
637 642 798 670 nomen
816 629 978 671 habere
1001 629 1156 671 Getas.

169 693 403 736 Materiam
426 696 623 749 quaeris?
653 696 806 737 laudes
828 696 881 736 de
902 695 1081 738 Caesare
1104 697 1213 740 dixi.

223 761 393 816 Adjuta
413 767 479 804 est
498 763 669 804 novitas
689 764 863 804 numine
884 768 1037 805 nostra
1058 764 1164 806 Dei.

168 827 289 870 Nam
309 830 450 882 patris
473 829 666 882 Augusti
687 831 819 871 docui
840 831 1021 872 mortale
1042 831 1185 872 fuisse
1573 832 1630 874 25

226 895 397 950 Corpus
416 911 426 949 3
458 898 502 937 in
523 898 733 938 aethereas
753 911 914 939 numen
934 898 1080 939 abisse
1101 899 1283 941 domos:

169 962 278 1004 Esse
298 976 450 1017 parem
469 964 627 1005 virtute
649 965 777 1018 patri,
800 966 875 1018 qui
896 965 1032 1005 sraena
1053 970 1236 1008 coactus

226 1030 359 1084 Saepe
379 1032 567 1072 recusati
587 1033 750 1085 ceperit
769 1034 956 1085 imperii.

168 1096 283 1138 Esse
302 1098 564 1151 pudicarum
584 1101 623 1138 te
644 1098 839 1149 Vestam,
863 1099 1007 1149 Livia,
1026 1104 1228 1150 matrum,

226 1163 494 1217 Ambiguum
515 1170 622 1206 nato
644 1166 827 1218 dignior,
850 1180 960 1207 anne
982 1168 1091 1208 viro.
1573 1167 1629 1207 30

170 1231 280 1272 Esse
302 1232 411 1273 duos
425 1233 625 1286 juvenes,
647 1234 770 1273 firma
791 1233 1044 1287 adjumenta
1066 1234 1286 1283 Parentis,

229 1298 318 1349 Qui
336 1299 529 1339 dederint
549 1300 683 1340 animi
704 1300 887 1352 pignora
904 1304 1022 1340 certa
1042 1301 1125 1340 sui.

167 1439 196 1470 si
211 1448 315 1470 versus
329 1439 392 1470 sint
414 1439 561 1479 mendosi,
572 1449 645 1479 quos
660 1449 802 1480 compono
820 1440 893 1478 fere
907 1440 1009 1471 Po'e'ta
1028 1440 1134 1471 Getes.
1177 1439 1230 1470 Ah
1244 1440 1337 1479 pudet
1350 1438 1365 1469 !
1379 1442 1410 1470 et
1426 1440 1575 1471 adornavi
1590 1440 1628 1470 li-

167 1481 277 1513 bellum
291 1482 398 1521 lingua
417 1481 542 1520 Getica,
568 1485 598 1512 et
614 1491 699 1512 voces
722 1483 862 1512 barbara·
884 1486 957 1512 sunt
972 1483 1125 1512 ordinatae
1147 1483 1312 1511 secundum
1338 1485 1457 1511 nostros
1479 1492 1626 1514 numero-5.

166 1524 268 1564 Atque
277 1525 381 1564 placui
395 1525 577 1563 (gratulare
600 1524 699 1562 mihi)
719 1527 748 1553 et
774 1524 850 1562 coepz·
867 1524 980 1554 habere
987 1523 1109 1560 samam
1124 1524 1206 1553 inter
1213 1523 1303 1560 feros
1317 1523 1424 1554 Getas.
1469 1524 1561 1554 Petis
1574 1534 1625 1554 ar-

164 1565 372 1606 gumentum?
418 1566 537 1605 Scripsi
562 1566 717 1605 praeconia
746 1566 889 1596 Coesaris.
936 1567 1054 1596 Nostra
1077 1565 1197 1595 novitas
1233 1568 1278 1595 est
1303 1568 1478 1596 sustentata
1503 1567 1630 1598 numina

166 1607 243 1640 Dei.
291 1609 376 1638 Nam
389 1609 509 1638 ostendi
535 1617 640 1648 corpus
669 1608 817 1639 Parentis
832 1608 971 1646 Augusti
987 1608 1087 1646 fuisse
1102 1608 1196 1638 morti
1216 1607 1380 1638 obnoxium
1391 1618 1402 1644 ;
1425 1608 1561 1638 animam
1572 1617 1628 1639 ex-

167 1650 292 1681 cessisse
307 1651 340 1681 in
355 1651 439 1681 sedes
453 1651 604 1681 coelestes.-
620 1650 734 1689 jllum,
749 1652 801 1689 qui
813 1654 934 1681 coactas
950 1652 1093 1680 sumserit
1103 1650 1234 1680 habenas
1248 1650 1373 1690 imperii
1388 1659 1466 1690 saepe
1481 1651 1628 1690 recusati,

165 1702 230 1723 esse
243 1694 391 1733 (equalem
403 1693 490 1733 patri
505 1693 632 1723 virtute.
673 1693 726 1729 Te,
748 1693 852 1732 Livia,
876 1693 1002 1723 dubium
1023 1693 1149 1730 dignior
1170 1696 1243 1722 nato
1265 1702 1304 1722 an
1319 1692 1398 1731 viro,
1415 1702 1479 1722 esse
1500 1693 1626 1723 Vestam

167 1739 378 1766 matronarum
393 1738 559 1766 castarum.
606 1736 697 1765 Duos
703 1734 835 1772 ¹iuvenes
844 1745 909 1766 esse
911 1735 1010 1776 firma
1022 1735 1172 1775 praesidia
1181 1735 1295 1775 patris,
1309 1734 1361 1774 qui
1378 1735 1568 1775 proebuerint
1581 1735 1626 1766 in-

780 1827 1013 1838 mmm

167 1895 269 1935 Vulg.
283 1894 349 1936 ipse
360 1896 548 1934 pares.--16
569 1894 635 1926 Ms.
649 1893 782 1926 Bersm.
803 1895 904 1930 Quam
917 1895 1027 1934 populo
1045 1895 1173 1926 Ν.--17
1196 1894 1234 1925 Si
1243 1895 1308 1926 sint
1323 1894 1489 1935 plerique.
1514 1894 1625 1926 Heius.

167 1938 272 1977 Vulg.
297 1939 466 1969 sunt.—18
490 1937 556 1968 Ms.
584 1937 714 1968 Bersm.
736 1937 803 1975 feci
830 1946 891 1976 pro
912 1936 1133 1974 faciam—19
1157 1938 1223 1969 Ms.
1248 1938 1379 1968 Bersm.
1404 1938 1438 1967 in
1461 1946 1521 1977 pro
1537 1940 1625 1967 et.—

168 1982 208 2012 21
232 1980 276 2010 Ρ.
291 1981 384 2011 Dan.
397 1979 800 2019 placuit...coepitque.—23
825 1979 914 2009 Mor.
930 1989 1005 2009 eum
1023 1980 1130 2011 tribus
1146 1980 1217 2010 aliis
1235 1985 1270 2011 et
1283 1981 1414 2010 Bersm.
1428 1981 1547 2010 laudem
1563 1988 1624 2018 pro

168 2022 285 2053 laudes.
322 2023 406 2053 Mox
429 2023 545 2053 Burm.
570 2022 659 2061 conj.
680 2022 757 2052 duxi
773 2031 834 2061 pro
849 2021 1014 2051 dixu—27
1040 2023 1172 2052 Coactus
1188 2032 1229 2052 ex
1248 2022 1330 2053 Cod.
1359 2023 1483 2061 Scalig.
1511 2021 1626 2061 placet

167 2064 288 2095 Heins.
303 2073 374 2104 prae
391 2065 481 2103 vulg.
494 2067 718 2102 rogatus.—29
742 2064 807 2094 Ms.
834 2064 966 2094 Bersm.
984 2067 1014 2094 te
1036 2065 1217 2104 exemplum,
1231 2064 1267 2095 L.
1285 2069 1320 2095 et
1336 2065 1431 2095 Leid.
1453 2068 1624 2094 castam.—

170 2108 210 2138 31
234 2106 314 2138 Bas.
331 2107 403 2137 Ess.
421 2106 641 2145 ‹hojum—32
665 2105 754 2139 Edd.
778 2107 893 2147 plures
920 2106 981 2136 Cui
997 2107 1188 2138 aedera—38
1211 2107 1252 2138 P.
1270 2108 1358 2138 Dan.
1375 2107 1463 2137 Mor.
1479 2111 1513 2138 et
1530 2106 1625 2148 quin-

826 2212 966 2246 NOTAE

215 2304 255 2333 18
291 2301 402 2341 Getes]
441 2300 557 2342 Atque
584 2300 670 2331 adeo
697 2299 870 2331 Barbarus
923 2300 973 2330 lus
989 2304 1024 2331 et
1040 2299 1219 2331 insidiosus
1235 2299 1404 2341 Princeps
1419 2300 1476 2330 diu
1491 2298 1623 2340 imperii

172 2351 304 2383 Latinae
320 2351 445 2392 linguae
460 2350 599 2382 oblitus.
924 2360 1086 2382 summam
1102 2350 1282 2382 recusavit.

213 2404 255 2433 2³
279 2401 464 2441 Materiam]
487 2400 660 2432 Poematis
677 2400 803 2432 Getici.
966 2403 1008 2431 29
1037 2401 1173 2441 Vestam]
1198 2401 1274 2431 Hoc
1295 2406 1348 2431 est
1369 2400 1512 2431 maxime
1527 2399 1623 2439 pudi-

214 2453 255 2483 25
279 2451 405 2491 Patris]
434 2451 519 2483 Quae
534 2461 598 2481 vox
615 2455 668 2482 est
685 2451 871 2482 veneratio·
924 2461 1010 2490 cam,
1026 2455 1060 2481 et
1077 2455 1304 2481 matronarum
1322 2450 1443 2480 Deam.

171 2500 223 2531 nis
249 2500 361 2541 plena.
413 2500 553 2531 Patrem
583 2500 711 2532 Patriae
741 2500 871 2532 dictum
968 2504 1009 2531 30
1033 2500 1134 2540 Nato]
1154 2499 1303 2529 Tiberio.

172 2549 364 2590 Augustum
376 2551 449 2590 jam
466 2559 558 2589 saepe
573 2551 815 2583 admonuimus.
972 2551 1061 2590 Viro]
1086 2549 1251 2588 Augusto.

215 2602 260 2631 26
274 2600 412 2639 Numen]
427 2599 583 2631 Animam
594 2601 747 2642 intellige
759 2602 873 2633 divina
969 2603 1007 2630 31
1024 2599 1126 2638 Duos]
1141 2598 1392 2637 Germanicum,
1408 2598 1479 2629 scil.
1494 2597 1622 2630 Tiberii

176 2649 321 2693 quadam
346 2649 526 2691 praeditam
549 2649 674 2682 virtute
697 2656 733 2683 et
755 2656 872 2693 poten·
925 2649 1030 2681 filium
1058 2657 1119 2689 per
1149 2647 1379 2687 adoptionem,
1409 2651 1445 2678 et
1474 2647 1621 2680 Drusum

177 2701 237 2734 tia.
926 2698 1080 2739 ejusdem
1095 2695 1199 2728 filium
1215 2704 1275 2738 per
1287 2701 1452 2729 naturam.

219 2753 262 2783 2¹1
287 2749 487 2792 Quisroena]
509 2750 648 2783 Scilicet
670 2750 728 2783 ine
751 2752 874 2785 subdo-
