1877 3193
651 186 893 220 'riusmm
927 187 1023 219 mn.
1056 188 1100 219 v,
1130 177 1198 220 14.

1528 164 1646 221 2491

199 283 246 325 Si
268 295 355 337 qua
372 285 518 325 tamen
539 283 665 337 pretii
686 284 771 326 sibi
789 297 953 326 merces
974 284 1077 338 ipsa
1095 283 1237 338 petiti,

256 350 396 405 Inque
416 363 573 404 parum
593 351 709 392 laetis
730 352 865 393 ardua
884 354 1014 393 rebus
1034 353 1187 404 adest3

198 416 260 459 Ut
279 421 449 472 tempus
468 430 676 468 numeres,
696 432 774 472 per
795 419 961 460 saecula
981 419 1104 460 nulla
1122 422 1308 469 tacetur,

253 484 312 526 Et
331 486 431 526 loca
450 485 673 536 mirantur,
695 499 781 539 qua
800 490 928 539 patet
948 486 1065 526 orbis
1086 486 1178 526 iter.

197 550 392 606 Aspicis,
414 555 463 592 ut
482 551 614 604 longo
632 557 805 593 maneat
825 551 1058 593 laudabilis
1080 564 1179 594 aevo

256 619 432 660 Nomen
452 619 759 669 inextinctum,
782 619 1055 672 Penelopaea
1075 617 1184 659 fides
1197 618 1217 659 'l

198 686 362 736 Cernis,
384 691 431 728 ut
451 686 629 727 Admeti
651 691 861 736 cantetur,
882 690 928 727 ut
950 686 1163 727 Hectoris
1186 697 1311 735 uxor,

251 752 465 808 Ansaque
484 755 527 795 in
547 767 760 795 accensos
784 754 934 807 Iphias
950 755 1011 794 ire
1034 753 1194 806 rogos?

197 819 259 862 Ut
277 822 401 864 vivat
420 822 538 863 fama
558 822 725 875 conjux
746 821 1002 874 Phylaceia,
1026 821 1156 875 cujus

252 888 434 931 Iliacam
455 890 588 931 celeri
609 890 678 930 vir
698 889 809 943 pede
829 890 995 943 pressit
1013 889 1188 930 humum
1201 888 1225 928 ’ἴ

1594 890 1651 930 40

193 1019 230 1051 Si
245 1031 305 1061 qua
320 1024 421 1052 tamen
435 1021 502 1060 ipsa
517 1021 576 1051 sibi
592 1031 704 1053 merces
717 1022 840 1062 proemii
855 1022 989 1063 quoesiti,
1011 1024 1104 1062 atque
1126 1019 1263 1062 difficilis
1284 1020 1371 1051 adest
1390 1019 1423 1050 in
1438 1018 1529 1050 rebus
1541 1028 1653 1059 parum

191 1065 344 1101 secundis,
369 1073 538 1104 quanquam
554 1074 709 1096 recenseas
724 1068 873 1105 tempora,
894 1075 952 1105 per
976 1066 1059 1095 nulla
1073 1065 1184 1094 saecuca
1200 1063 1345 1094 oblivioni
1370 1062 1520 1098 traditur,
1543 1065 1574 1093 et
1587 1063 1652 1092 loca
1679 1085 1681 1087 .

193 1106 358 1144 mirantur,
383 1117 443 1146 qua
467 1107 529 1136 iter
552 1107 634 1137 orbis
656 1110 797 1147 apertum
822 1111 877 1138 est.
928 1108 1034 1146 Vides,
1057 1111 1092 1137 ut
1111 1106 1194 1148 fides
1219 1106 1400 1144 penelopem
1413 1104 1550 1143 gloriosa
1562 1105 1653 1144 longo

192 1149 301 1178 soeculo
311 1153 490 1188 permaneat
506 1159 612 1180 nomeu
628 1150 801 1181 immortale
811 1149 827 1182 ζ)
875 1150 978 1189 Vides,
993 1153 1026 1179 ut
1041 1149 1155 1187 conjux
1170 1147 1310 1186 Admeti,
1325 1150 1359 1177 ut
1386 1147 1533 1177 Hectoris
1548 1148 1655 1177 laude-

194 1193 258 1228 tur,
275 1195 366 1230 utque
383 1191 492 1230 Iphias
504 1201 561 1221 non
577 1192 678 1222 verita
701 1202 732 1222 se
748 1192 915 1222 immittere
930 1193 965 1222 in
987 1201 1083 1231 pyras
1098 1188 1267 1220 ardentes?
1316 1189 1358 1219 Ut
1373 1199 1454 1219 uxor
1469 1189 1653 1229 Phylaceia,

191 1233 276 1271 cujus
290 1234 421 1264 maritus
440 1234 570 1264 calcat-it
593 1237 711 1264 terram
737 1234 902 1272 Trojanam
926 1234 1022 1264 veloci
1043 1234 1134 1273 pede,
1156 1232 1199 1263 sit
1214 1229 1366 1263 celebris?
1412 1231 1504 1262 Mhil
1518 1240 1592 1271 opus
1608 1234 1654 1262 est

805 1321 1039 1333 mm„

191 1385 266 1419 ΜΗ
300 1386 335 1414 et
361 1391 440 1412 mox
467 1382 603 1422 Quaeque
628 1385 731 1413 manet
755 1382 920 1414 stab.——31
948 1383 1006 1413 Pr.
1033 1383 1077 1414 V.
1101 1386 1137 1414 et
1165 1382 1231 1413 Ro.
1253 1382 1568 1423 pretium...petitum.
1594 1382 1653 1414 Pr.

193 1425 280 1456 Edd.
297 1435 348 1466 pr.
368 1425 442 1456 Pol.
461 1430 497 1456 et
513 1430 596 1456 vett.
614 1426 767 1467 plerique
788 1426 1015 1466 pretii...petiti
1036 1429 1106 1463 est;
1130 1425 1264 1466 quidam
1279 1425 1380 1464 petita
1396 1428 1465 1460 est‚·
1487 1425 1656 1456 Buslidia-

191 1477 253 1498 nus
265 1468 383 1508 petenti
395 1478 405 1498 .-
431 1468 518 1498 unde
536 1469 670 1498 omnino
686 1469 806 1499 Heius.
823 1468 888 1499 hoc
915 1469 1085 1498 distichon
1104 1468 1151 1498 sic
1170 1466 1325 1507 refingit:
1351 1467 1408 1498 Sic
1422 1471 1524 1497 tamen
1539 1471 1568 1498 et
1581 1477 1653 1507 pre-

191 1511 232 1541 tii
246 1520 272 1541 S.
287 1521 326 1542 m.
341 1511 363 1542 i.
378 1510 470 1550 petiti
484 1514 541 1546 est,
558 1510 594 1540 Si
620 1520 681 1550 qua
702 1520 827 1550 parum,
853 1513 905 1549 sse.
953 1511 1081 1541 Nescio
1108 1509 1277 1549 quomodo
1304 1519 1371 1539 non
1397 1509 1534 1549 placeat
1556 1509 1652 1549 illud,

190 1563 304 1584 merces
322 1555 438 1592 pretii:
463 1562 565 1593 quare
587 1553 710 1592 haereo,
736 1562 847 1592 neque
878 1562 942 1592 quo
969 1552 1052 1582 illud
1069 1553 1165 1582 ardua
1180 1551 1325 1581 referam
1343 1551 1454 1590 video,
1470 1560 1547 1581 nam
1574 1552 1583 1568 ‘
1602 1561 1654 1582 ai·-

193 1595 293 1625 duam
310 1594 514 1625 mercedem‘
532 1598 625 1625 recte
639 1594 693 1625 hic
711 1594 778 1625 dici
792 1604 857 1625 non
875 1600 1002 1634 putem.
1049 1595 1089 1625 In
1106 1595 1233 1624 Lovan.
1249 1593 1286 1624 Si
1301 1603 1359 1633 qua
1376 1597 1477 1624 tamen
1490 1593 1588 1633 pretii
1608 1596 1654 1624 est

192 1647 227 1668 ac
243 1638 344 1667 vinces
360 1638 425 1676 ipsa
441 1636 579 1675 petenti:
603 1637 636 1666 in
654 1636 760 1676 Regio
777 1637 895 1668 codice
913 1643 1001 1675 erat,
1018 1637 1054 1667 Si
1080 1641 1183 1667 tamen
1200 1639 1245 1667 est
1258 1636 1394 1676 pretium
1410 1637 1460 1667 cui
1476 1636 1574 1666 virtus
1585 1636 1654 1676 ipsa

190 1679 345 1718 petitum:
369 1680 468 1709 etita
485 1678 568 1709 editi
588 1679 736 1718 quidam.
782 1680 883 1710 Forte
911 1680 960 1711 ita
988 1689 1029 1710 ex
1059 1679 1208 1719 vestigiis
1235 1678 1389 1708 codicum
1412 1684 1449 1709 et
1465 1678 1650 1709 editionum

193 1722 364 1752 variarum
380 1720 459 1761 fingi
477 1726 613 1760 possent
629 1721 660 1751 hi
680 1732 794 1753 versus
808 1733 816 1753 :
850 1722 886 1753 Si
901 1733 960 1763 qua
982 1726 1081 1753 tamen
1099 1723 1236 1762 pretium
1252 1721 1351 1751 virtus
1359 1720 1429 1758 fert
1443 1721 1511 1760 ipsa
1521 1721 1654 1761 petenti,

194 1763 338 1803 Lausque
350 1773 458 1803 parum
475 1765 555 1793 loetis
566 1765 663 1794 ardua
680 1765 768 1795 rebus
784 1765 886 1801 inest3
914 1765 952 1795 Si
968 1769 1088 1805 tempus
1107 1774 1256 1801 numeres,
1270 1773 1326 1804 per
1341 1764 1455 1794 saecula
1470 1764 1555 1794 nulla
1571 1767 1653 1793 tace-

192 1809 255 1844 tur,
271 1806 307 1836 Si
333 1807 408 1843 loca,
433 1807 674 1845 transgreditur,
697 1817 757 1846 qua
779 1811 865 1846 patet
889 1808 983 1846 orbis,
998 1807 1104 1838 honor.
1136 1806 1383 1844 Transgreditur
1408 1806 1440 1836 in
1457 1805 1651 1846 quindecim

192 1849 286 1879 libris
302 1854 337 1879 et
355 1849 419 1879 Ms.
438 1849 570 1878 Bersm.
587 1854 650 1879 est.
669 1850 869 1880 Burm.—33
894 1850 963 1880 Alii
975 1850 1011 1880 Si
1028 1852 1205 1888 tempe-34
1220 1849 1316 1879 Unus
1332 1849 1375 1878 V.
1389 1849 1447 1878 loc.
1463 1851 1653 1882 narrantum

196 1891 316 1923 Heius.
331 1891 420 1932 conj.
437 1892 666 1922 rimulam—35
691 1892 822 1923 Maneat
839 1902 883 1923 ex
900 1902 965 1923 uno
980 1893 1021 1923 V.
1039 1893 1096 1923 alii
1112 1901 1188 1922 cum
1205 1891 1296 1930 vulg.
1318 1892 1518 1921 teneat.-—-39
1534 1890 1652 1921 Heius,

852 1997 991 2030 NOTAE

239 2095 275 2123 31
293 2091 379 2132 Ipsa]
395 2091 591 2123 Mercedem
606 2091 801 2131 ampliorem
816 2101 896 2121 nun-

195 2152 293 2183 quam
306 2143 357 2172 vel
371 2143 551 2182 cogitando
564 2143 714 2172 invenire
724 2142 894 2182 quisquam

194 2194 301 2233 possit
318 2203 415 2233 quam
435 2193 520 2223 bene
538 2191 673 2229 fecisse,
689 2197 723 2222 et
740 2192 790 2221 sui
809 2192 895 2222 bene

193 2243 364 2278 merentis,
377 2242 516 2282 Deoque
532 2241 710 2281 placentis,
724 2240 894 2271 conscium

193 2303 275 2324 esse.
322 2294 482 2324 Ceterum
511 2293 557 2323 ita
584 2303 653 2322 reni
681 2301 753 2322 sese
771 2292 893 2323 habere

193 2343 248 2374 vix
274 2343 470 2374 millesimus
499 2352 540 2372 ex
570 2342 608 2371 iis
632 2352 713 2382 quas
742 2342 894 2372 videmus

193 2392 363 2423 hominum
395 2392 494 2422 larvis
526 2391 658 2422 odorari
694 2392 820 2430 possit3
861 2392 894 2422 in

196 2446 323 2472 tantum
345 2449 420 2473 sunt
448 2442 634 2482 quisquiliis
662 2442 836 2482 occaecati,
860 2448 894 2472 et

197 2493 312 2530 procul
330 2502 348 2522 a
367 2503 401 2522 se
420 2494 562 2532 Deoque
581 2493 736 2533 projecti.

241 2543 280 2570 :32
304 2542 426 2581 Ardua]
452 2543 550 2573 Celsa
575 2548 675 2583 atque
692 2548 820 2582 erecta,
837 2553 895 2574 ue-

197 2598 262 2629 que
278 2589 318 2618 ad
335 2589 503 2620 fortunam
520 2592 690 2622 inclinata.

240 2642 280 2669 33
306 2638 401 2669 Nulla
423 2641 554 2680 tacetur]
578 2642 713 2682 Quippe
737 2643 745 2659 ‘
765 2643 896 2673 intami-

196 2689 285 2719 natis
302 2687 408 2728 fulget
423 2689 628 2730 honoribus,'
643 2695 680 2723 ut
696 2692 828 2724 locutus
844 2698 896 2724 est

199 2740 352 2771 Flaccus.

994 2094 1035 2121 36
1075 2090 1271 2131 Penelopam]
1308 2090 1500 2129 Penelopes
1525 2088 1651 2130 quippe

949 2140 1081 2170 illibata
1096 2142 1128 2169 in
1142 2141 1295 2180 Ulyssem
1311 2141 1433 2170 mansit
1446 2139 1541 2179 fides,
1553 2149 1655 2180 quau-

950 2200 1048 2230 quam
1079 2200 1139 2230 per
1166 2191 1288 2229 viginti
1315 2199 1479 2221 annorum
1505 2191 1652 2231 spatium

950 2240 1216 2271 desideraretur.

992 2294 1032 2320 37
1071 2289 1214 2329 Admeti]
1253 2290 1412 2328 Alcestis,
1447 2290 1519 2321 scil.
1554 2299 1652 2330 quam

950 2342 1051 2380 paulo
1069 2345 1147 2371 aute
1175 2340 1319 2370 vidimus
1346 2346 1490 2370 mortem
1509 2348 1568 2379 pro
1585 2349 1652 2369 ma-

951 2391 1015 2421 rito
1032 2395 1265 2430 oppeteutcui.

999 2441 1156 2480 Hectoris]
1175 2439 1409 2470 Andromache
1422 2441 1487 2474 est,
1499 2437 1651 2467 Eetionis

948 2491 1154 2527 Thebarum,
1169 2490 1200 2519 iu
1219 2488 1351 2524 Cilicia,
1365 2488 1451 2526 regis
1466 2486 1545 2526 tilia,
1561 2485 1652 2518 Hec-

951 2542 1014 2572 tori
1033 2551 1091 2570 suo
1106 2539 1275 2569 fidissima.

993 2594 1033 2620 38
1059 2587 1179 2628 Iphias]
1208 2588 1370 2617 Evannen
1398 2585 1494 2624 dicit,
1522 2585 1651 2625 Iphidis

950 2640 1066 2676 filiam,
1082 2647 1180 2678 quam
1198 2646 1300 2676 supra
1318 2637 1348 2665 in
1367 2636 1516 2675 Capanei
1539 2637 1653 2669 mariti

951 2699 1066 2729 rogum
1084 2698 1154 2719 sese
1173 2688 1381 2727 injicientem
1400 2686 1586 2719 habuimus.

994 2742 1034 2770 30
1071 2738 1205 2778 Conjux]
1242 2737 1459 2769 Laodamiam
1484 2738 1649 2780 intellige,
