1877 3193
559 160 712 191 Episr.
748 160 813 191 Ex
849 160 1008 192 ΡοΝτο
1044 161 1138 192 mn.
1172 161 1205 192 1.
1237 150 1279 192 2.

194 250 268 295 Ira
290 254 374 294 Dei
395 255 512 295 mitis
532 268 617 296 non
636 269 705 296 me
722 257 913 298 misisset
928 258 972 298 in
993 259 1139 308 istam,

250 322 297 362 Si
318 321 425 362 satis
445 322 541 362 haec
565 322 626 362 illi
648 328 755 363 nota
775 324 946 374 fuisset,
969 325 1161 365 humum.

195 388 293 429 Nec
312 402 394 438 me,
416 401 495 428 nec
516 401 769 442 quenquam
791 390 1040 430 Romanum
1060 389 1219 443 gaudet
1237 389 1293 431 ab
1311 389 1452 440 hoste,

250 455 412 510 Meque
431 456 589 504 minus,
612 457 747 496 vitam
767 456 840 496 cui
862 455 982 495 dedit
1000 456 1113 508 ipse,
1134 456 1290 508 premi.

194 522 360 571 Noluit,
380 527 429 563 ut
448 526 632 575 poterat,
654 522 834 561 minimo
856 535 924 561 me
945 522 1124 574 perdere
1142 524 1273 562 nutu:

251 589 329 630 Nil
350 601 465 642 opus
484 593 550 628 est
571 588 669 628 ullis
688 588 731 628 in
750 600 851 628 mea
873 587 964 628 fata
991 587 1134 629 Getis.

192 656 277 697 Sed
298 668 451 708 neque,
466 668 543 695 cur
560 667 763 704 morerer,
780 657 1016 708 quicquam
1034 655 1140 696 mihi
1156 655 1370 709 comperit
1386 659 1531 699 actum
1548 669 1557 697 :
1588 656 1645 697 95

248 722 344 763 Nec
365 722 509 762 minus
530 721 729 772 infestus,
752 735 883 776 quam
903 722 1004 771 fuit,
1026 735 1125 762 esse
1144 726 1302 776 potest.

189 788 303 830 Tum
325 803 500 843 quoque
520 790 583 830 nil
602 789 719 838 fecit,
739 789 825 829 nisi
846 788 966 842 quod
986 789 1129 830 facere
1149 789 1244 843 ipse
1263 788 1404 844 coligi,

248 856 380 897 Paene
403 859 532 898 etiam
555 857 705 897 merito
726 857 904 910 parcior
922 857 986 897 ira
1008 870 1125 898 meo.

191 923 250 964 Di
268 923 434 964 faciant
454 924 600 976 igitur,
624 935 810 975 quorum
830 923 1092 964 mitissimus
1111 924 1212 976 ipse
1234 927 1318 975 est,

246 989 381 1031 Alma
401 991 509 1031 nihil
529 990 675 1043 majus
699 989 878 1030 Caesare
898 994 1011 1031 terra
1030 990 1153 1032 ferat.

191 1057 336 1111 thue
357 1058 432 1098 diu
454 1059 533 1098 sub
555 1070 606 1098 eo
629 1057 687 1098 sit
707 1057 887 1110 publica
908 1058 1080 1098 sarcina
1108 1070 1275 1110 rerum;

246 1124 416 1178 Perque
437 1138 591 1165 manus
610 1125 738 1179 hujus
761 1124 918 1165 tradita
938 1125 1081 1177 gentis
1103 1128 1187 1165 eat.

1560 990 1643 1035 100

187 1254 284 1285 hostis
304 1264 485 1294 persequens
509 1255 607 1284 nullas
630 1253 751 1284 habebit
766 1262 871 1292 aquas.
917 1252 972 1282 Ira
987 1252 1064 1282 lenis
1080 1252 1144 1282 Dei
1158 1261 1217 1282 non
1233 1251 1367 1283 misisset
1381 1261 1428 1282 me
1441 1251 1475 1282 in
1490 1251 1582 1282 istam
1597 1263 1644 1282 re-

186 1297 320 1335 gionem,
335 1297 362 1325 si
383 1296 541 1333 eafuz'sset
555 1296 602 1326 illi
616 1296 694 1326 satis
709 1296 846 1333 cognita.
894 1295 1002 1334 Neque
1019 1303 1080 1331 me,
1091 1304 1186 1334 neque
1211 1295 1309 1324 ullum
1325 1295 1498 1325 Romanum
1517 1295 1644 1324 laetnlw·

187 1338 320 1378 opprimi
335 1338 373 1367 ab
386 1338 494 1374 hoste5
516 1341 607 1377 atque
623 1348 668 1368 me
684 1338 796 1376 minus,
811 1337 860 1368 cui
876 1337 940 1377 ipse
953 1337 1087 1376 praebuit
1101 1337 1209 1367 vitam.
1255 1337 1367 1367 Noluit
1383 1347 1430 1367 me
1445 1337 1543 1367 eaeicio
1559 1339 1644 1374 dare,

186 1383 221 1410 ut
232 1383 355 1420 poterat
372 1381 497 1410 minimo
513 1378 606 1410 nutu]
647 1380 738 1410 Nihil
753 1384 799 1410 est
818 1389 892 1420 opus
909 1380 999 1410 Getis
1016 1380 1048 1409 in
1073 1389 1170 1410 meam
1186 1383 1325 1410 mortem.
1370 1379 1431 1410 Sed
1453 1389 1546 1419 neque
1562 1380 1645 1409 inne-

187 1422 234 1452 nit
257 1422 418 1462 quicquam
444 1425 600 1462 'miratum
617 1433 635 1452 a
652 1433 698 1452 me
720 1424 913 1462 quamobrem
936 1422 1071 1462 perirem
1084 1432 1095 1457 ;
1118 1425 1147 1452 et
1170 1425 1271 1460 potest
1296 1432 1359 1452 esse
1385 1422 1485 1452 minus
1509 1422 1646 1460 infensus

188 1465 363 1504 quamsuil.
413 1466 500 1496 Tunc
516 1466 609 1495 etiam
626 1465 703 1494 m'ln'l
722 1465 818 1503 fecit,
839 1465 900 1495 nisi
924 1465 1002 1503 quod
1018 1465 1080 1503 ipse
1094 1464 1180 1502 coegi
1198 1463 1306 1500 fucere
1318 1474 1327 1492 .·
1350 1464 1400 1493 ira
1416 1474 1528 1503 quoque
1545 1465 1644 1494 minor

188 1517 251 1537 meo
277 1508 396 1538 merito.
446 1507 505 1537 Dii
523 1517 609 1545 ergo,
625 1516 751 1545 quornm
776 1508 839 1545 ipse
855 1510 901 1537 est
925 1506 1110 1544 lenissimus,
1135 1508 1281 1544 proestent
1305 1509 1340 1535 ut
1354 1506 1435 1535 alena
1451 1506 1553 1536 Tellus
1567 1506 1645 1536 nihil

180 1550 270 1587 serat
284 1551 382 1589 majus
400 1550 546 1585 Coesare;
569 1552 598 1578 et
614 1551 647 1578 ut
662 1558 817 1578 commune
833 1557 906 1578 onus
929 1557 1032 1578 rerum
1048 1548 1089 1578 sit
1107 1548 1161 1578 diu
1175 1547 1229 1577 sub
1246 1558 1290 1586 eo,
1305 1550 1334 1578 et
1351 1548 1456 1578 datum
1472 1548 1574 1586 vigeat
1589 1558 1644 1588 pm·

801 1642 1036 1655 eeeeeeeeeeee

190 1708 272 1738 Non
292 1707 390 1738 Laid.
407 1711 492 1738 actus
508 1717 568 1747 pro
585 1710 694 1747 aptus.-
720 1712 755 1738 et
771 1708 838 1738 Ms.
856 1708 989 1738 Bersm.
1017 1717 1107 1747 eques
1130 1716 1193 1746 pro
1211 1709 1400 1746 equus—92
1425 1706 1479 1736 Sa.
1495 1706 1544 1736 cui
1557 1706 1644 1736 dabit

189 1751 247 1789 ips.
264 1755 298 1780 et
316 1750 390 1781 Pol.
407 1751 538 1781 'siluam
557 1756 590 1780 et
609 1751 673 1780 duo
691 1751 743 1780 alii
767 1751 866 1789 premi
883 1760 945 1790 pro
961 1750 1126 1789 capi—93
1150 1749 1277 1789 Scripti
1297 1748 1447 1789 quidam,
1460 1753 1495 1779 et
1515 1758 1565 1788 pr.
1579 1749 1642 1779 Ed.

189 1796 222 1822 nt
235 1796 381 1832 poternt5
404 1793 483 1823 Jun.
501 1796 533 1822 ut
550 1794 682 1833 poterit;
709 1793 796 1823 Mor.
812 1797 846 1823 at
860 1793 974 1832 potuit.
1000 1793 1083 1823 Mox
1107 1792 1185 1822 Pat.
1203 1801 1249 1822 me
1264 1792 1392 1831 prodere
1404 1794 1577 1822 natm—94
1602 1791 1643 1822 P.

190 1835 275 1865 saris
300 1845 360 1874 pro
378 1836 545 1865 allisa—90
570 1835 714 1866 Quidam
733 1835 814 1865 editi
834 1836 876 1865 Et
903 1836 1061 1866 mim—98
1086 1835 1126 1864 P.
1145 1839 1179 1864 et
1202 1834 1268 1863 duo
1284 1834 1340 1863 alii
1363 1843 1447 1873 parc.
1473 1834 1539 1872 ipsa
1554 1843 1643 1868 meo,-

188 1876 277 1907 nnde
293 1878 409 1907 Burni.
426 1877 514 1916 conj.
541 1878 635 1907 Poena
660 1887 684 1907 e.
702 1887 742 1907 m.
766 1879 890 1916 parcior
904 1878 970 1916 ipsa
986 1879 1145 1907 mea—99
1172 1876 1332 1906 Nonnulli
1349 1885 1435 1914 quor.
1449 1875 1643 1913 justissimus

189 1920 212 1950 i.
231 1923 266 1950 et
283 1920 314 1949 in
333 1919 532 1959 quibusdam
563 1920 664 1950 etiam
692 1920 744 1949 ille
772 1929 831 1958 pro
860 1920 1038 1958 ipsa—101
1066 1918 1157 1948 Olim
1187 1917 1364 1957 legebatur
1391 1917 1490 1956 thue
1512 1918 1566 1947 diu
1586 1916 1642 1946 sub

188 1971 233 2000 eo,
251 1962 293 1992 sic
306 1963 348 1992 sit
363 1963 416 1991 sub
434 1963 557 1992 Coesare
571 1965 666 1993 terra.
689 1963 697 1977 ‘
718 1961 796 1999 Alii,
815 1962 934 1995 Roma,-
959 1961 1016 1991 sed
1034 1966 1189 1990 nentrum
1208 1961 1290 1989 bene
1307 1971 1313 1989 :
1339 1964 1430 1989 certe
1449 1962 1539 1989 lerroe
1556 1968 1642 1998 prae-

189 2003 326 2034 cedenti
343 2014 440 2034 versu
464 2005 535 2043 jam
554 2003 767 2034 occurrebat.
813 2004 979 2041 Quatuor‚
1002 2003 1103 2041 thue
1118 2003 1171 2032 diu
1196 2001 1250 2031 sub
1274 2011 1307 2032 eo
1330 2001 1371 2031 sit
1384 2001 1506 2040 publica
1520 2001 1643 2031 sarcina

189 2046 294 2076 mundi
306 2057 316 2076 .·
340 2046 502 2087 quinque,
517 2047 559 2076 sit
573 2046 695 2086 publica
710 2046 834 2077 sarcina
850 2050 961 2076 terrae:
985 2045 1074 2085 quod
1092 2045 1122 2074 iu
1140 2043 1327 2075 Erfurtano
1342 2044 1445 2074 etiam
1465 2043 1643 2074 invenerat

848 2132 989 2163 NOTAE

231 2204 270 2232 92
294 2202 408 2243 Dedit]
439 2201 536 2233 Istud
565 2202 757 2233 acutissime
784 2207 887 2243 atque

186 2252 227 2282 ad
247 2262 316 2282 reni
335 2253 599 2292 appositissime.

228 2304 269 2332 94
295 2302 352 2332 Nil
368 2301 456 2341 opus]
482 2302 637 2342 Namque
661 2311 722 2341 pro
746 2301 886 2332 arbitrio

187 2352 356 2382 Nasonem
389 2352 501 2391 potnit
527 2351 699 2390 Augustus
716 2350 884 2382 occidere.

189 2403 388 2443 Quanquam
411 2407 445 2432 et
475 2402 650 2440 Principes
678 2401 765 2440 aeqni
782 2406 884 2441 atque

189 2450 302 2482 decori
333 2457 491 2482 tenvntnr
518 2451 610 2491 leges
639 2450 800 2490 quasdam
829 2450 884 2481 ob-

189 2509 344 2538 servar03
367 2502 426 2531 nisi
451 2502 585 2540 penitus
611 2511 675 2531 nna
698 2501 884 2541 eademque

191 2549 286 2578 ruina
303 2558 375 2579 sese
392 2560 468 2581 cum
483 2552 617 2591 populis
640 2551 709 2582 suis
725 2550 885 2582 festinant

191 2597 349 2638 perdere.

232 2650 273 2678 96
289 2647 355 2677 Nec
371 2647 486 2686 minus]
498 2649 589 2688 Lego
604 2650 647 2680 Et
660 2651 779 2689 minus;
795 2650 886 2694 quia,

193 2697 263 2729 scil.
282 2697 331 2728 ira
348 2695 566 2729 deferbuerit.

986 2205 1027 2233 97
1055 2201 1157 2241 Fecit]
1182 2201 1222 2231 In
1239 2209 1304 2240 me,
1320 2200 1391 2231 scil.

988 2251 1100 2291 Coegi]
1142 2252 1251 2291 Culpa
1292 2260 1379 2289 mea,
1406 2248 1464 2291 qui
1492 2249 1642 2281 carmina

942 2301 1058 2341 scripsi
1077 2302 1252 2332 amatoria.

984 2356 1045 2383 102
1073 2352 1217 2391 Tradita]
1246 2352 1369 2382 Sensus
1396 2354 1458 2389 est,
1473 2355 1510 2381 ut
1537 2351 1641 2389 inipe-

941 2403 1024 2432 rium
1053 2402 1147 2442 quasi
1172 2411 1232 2441 per
1262 2411 1378 2431 manus
1410 2399 1570 2429 traditum
1597 2399 1639 2428 ab

940 2452 1096 2491 Augusto
1131 2462 1191 2481 suo
1224 2449 1420 2487 successori,
1449 2452 1551 2487 atque
1592 2447 1640 2477 ita

940 2500 1114 2540 deinceps,
1131 2501 1243 2539 vigeat
1259 2504 1292 2528 et
1309 2496 1427 2527 floreat
1447 2505 1508 2535 per
1522 2504 1638 2526 manus

939 2551 1010 2590 ejus
1028 2550 1147 2589 gentis.

985 2602 1046 2630 Per
1063 2608 1168 2628 munus
1184 2598 1249 2637 eat]
1280 2596 1318 2626 Id
1342 2600 1405 2635 est,
1424 2595 1477 2625 Ab
1494 2595 1636 2626 invicem

937 2650 1001 2680 sibi
1020 2647 1281 2679 succedentibus
1308 2655 1350 2675 ex
1373 2645 1517 2685 Augusti
1535 2650 1637 2686 gente

940 2704 1029 2731 terra
1041 2698 1135 2739 quasi
1146 2706 1207 2738 per
1218 2703 1334 2728 manus
1350 2694 1474 2727 tradita
1489 2698 1635 2737 regatur.
