1877 3193
862 210 974 241 lBIS.

192 303 293 344 Pax
311 303 394 345 erit
414 304 511 346 haec
531 306 675 355 nobis,
707 305 847 346 donec
869 305 974 346 mihi
996 305 1086 346 vita
1105 306 1308 356 manebit,

251 369 361 411 Cum
378 384 537 425 pecore
557 372 726 412 infirmo
747 386 845 425 quae
865 373 976 413 solet
995 385 1091 414 esse
1111 373 1244 427 lupis.

193 436 344 477 Prima
364 438 539 491 quidem
561 443 710 492 coepto
732 439 1001 489 committam
1020 441 1175 491 praelia
1195 453 1320 482 versu
1338 454 1348 482 ε

252 503 357 545 Non
377 506 546 547 soleant
566 507 768 560 quamvis
787 506 870 545 hoc
889 505 1003 558 pede
1022 506 1140 546 bella
1159 507 1262 558 geri.

195 568 343 624 thue
364 574 472 625 petit
491 574 631 626 primo
651 573 825 626 plenum
844 572 1046 612 flaventis
1067 585 1208 614 arenae

252 637 461 680 Nondum
482 640 657 680 calfacti
678 638 823 678 velitis
842 638 972 679 hasta
992 638 1162 690 solum3

196 703 270 745 Sic
291 718 370 758 ego
388 711 431 747 te
450 707 566 746 ferro
588 705 782 746 nondum
798 704 1029 758 jaculabor
1048 710 1177 747 acuto
1195 720 1206 758 ;

252 771 454 813 Protinus
473 773 662 814 invisum
683 785 763 813 nec
785 775 902 825 petet
920 771 1052 813 hasta
1072 777 1219 826 caput,

194 837 251 878 Et
270 851 412 892 neque
430 853 590 881 nomen
608 842 653 881 in
673 840 773 889 hoc,
792 852 875 879 nec
897 839 1042 880 dicam
1061 839 1181 882 sacta
1201 841 1347 882 libello
1366 854 1375 882 :

250 905 401 960 Teque
421 908 560 957 brevi,
584 908 659 961 qui
681 908 756 956 sis,
778 907 1050 948 dissimulare
1073 909 1227 949 sinam.

198 971 453 1023 Postmodo,
476 975 514 1014 si
533 988 702 1028 perges,
724 974 768 1014 in
787 978 828 1014 te
852 973 956 1014 mihi
975 974 1084 1015 liber
1105 974 1287 1016 Iambus

255 1038 416 1081 Tincta
437 1040 686 1094 Lycambeo
707 1041 918 1093 sanguine
940 1042 1026 1082 tela
1048 1041 1185 1083 dabit.

199 1149 354 1184 Quamdiu
364 1149 429 1181 vita
436 1150 546 1191 fruar,
557 1161 592 1181 ea
607 1151 667 1182 erit
677 1161 743 1191 pax
754 1151 909 1190 internos,
922 1160 988 1190 (μαῖ’
999 1152 1076 1181 solet
1088 1161 1151 1182 esse
1162 1152 1244 1191 lupis
1256 1161 1323 1181 cum
1337 1151 1501 1190 pecudibus
1510 1150 1541 1180 in
1568 1150 1652 1181 rmis.

199 1192 287 1222 Inibo
303 1194 423 1232 quidem
448 1194 550 1233 prima
573 1195 743 1224 certamina
767 1194 904 1224 carmine
927 1194 1058 1233 incepto,
1084 1204 1256 1233 quanquam
1279 1194 1356 1224 bella
1377 1203 1436 1224 non
1451 1194 1567 1223 soleant
1581 1193 1653 1231 geri

198 1235 256 1265 isto
268 1237 357 1274 pede.
403 1237 448 1266 Et
459 1236 697 1274 sicutijaculum
715 1236 817 1266 velitis
830 1236 960 1265 nondum
972 1236 1091 1266 accensi
1105 1236 1244 1266 mittitur
1256 1236 1358 1275 primo
1373 1236 1405 1266 in
1420 1236 1513 1265 solum
1530 1237 1652 1274 [denum

198 1286 302 1308 arena>
307 1278 404 1318 flavoe
415 1289 426 1314 ;
446 1279 494 1309 ita
519 1288 574 1317 ego
587 1289 645 1309 non
659 1282 689 1309 te
705 1279 848 1308 invadam
863 1278 962 1307 adhuc
967 1278 1057 1313 ferro
1071 1282 1172 1316 acuto,
1187 1288 1282 1318 neque
1296 1279 1386 1308 hasta
1400 1278 1544 1307 mittetur
1559 1277 1654 1307 conti-

197 1329 258 1349 nuo
273 1320 305 1350 in
318 1323 410 1360 caput
423 1321 568 1352 odiosum.
615 1322 660 1350 Et
675 1330 769 1360 neque
779 1319 936 1359 proferam
950 1330 1067 1358 nomen,
1081 1330 1176 1359 neque
1184 1320 1330 1357 facinora
1345 1320 1378 1350 in
1400 1319 1454 1349 hoc
1476 1319 1576 1349 libello
1588 1330 1600 1355 ;
1623 1322 1653 1350 et

195 1362 301 1400 patiar
317 1366 347 1392 te
372 1364 424 1402 qui
438 1364 482 1393 sis
497 1366 598 1401 tegere
614 1363 646 1392 in
659 1363 806 1401 exiguum
821 1366 949 1401 tempus.
993 1362 1031 1391 Si
1046 1362 1171 1392 insistas
1184 1372 1288 1402 porro,
1319 1361 1441 1392 [ambus
1455 1364 1560 1392 andan:
1573 1362 1654 1401 proe‘·

198 1403 279 1434 bebit
303 1404 381 1435 mihi
402 1406 548 1435 adversus
568 1409 599 1436 te
621 1414 707 1435 arma
731 1404 847 1443 infecta
871 1413 979 1435 cruore
994 1404 1173 1445 Lycambeo.
1219 1405 1311 1436 Nunc
1327 1414 1382 1444 ego
1396 1405 1524 1436 devoveo
1535 1407 1566 1435 et
1579 1407 1609 1434 te
1625 1407 1654 1435 et

807 1477 863 1488 oce
867 1476 961 1487 ecoe-e
966 1476 1022 1488 ece
1026 1477 1043 1487 e

199 1517 232 1548 in
248 1517 308 1550 lib.
324 1518 420 1550 Maff.
437 1523 473 1549 et
485 1519 586 1559 plane
602 1519 656 1549 hic
673 1518 818 1549 otiosum
834 1519 914 1548 mihi
929 1528 1004 1549 esse
1021 1519 1167 1550 videtur.
1206 1520 1246 1550 In
1263 1519 1417 1550 omnibus
1431 1520 1525 1550 libris
1554 1520 1654 1560 paulo

199 1559 340 1591 inferius
367 1561 514 1600 legitur:
554 1561 723 1600 apposite.
764 1560 977 1597 Ciqfan.—43
1007 1563 1166 1592 Vincent.
1191 1562 1445 1592 Bellovacensis
1475 1562 1560 1592 citat
1585 1562 1655 1594 nob.

199 1611 317 1643 semper
331 1604 402 1633 dum
416 1603 473 1633 vit.
499 1612 582 1633 unus
601 1602 722 1633 Heius.
738 1604 832 1633 donec
844 1604 931 1633 modo
951 1604 1007 1634 vit.
1030 1609 1065 1634 et
1081 1609 1150 1634 tres
1165 1608 1195 1634 et
1210 1606 1284 1634 dum
1306 1604 1383 1634 milti
1400 1605 1540 1634 viu—45
1566 1605 1656 1636 Mor.

201 1649 304 1676 tamen
319 1654 381 1685 pro
396 1645 615 1685 quidem—47
638 1645 705 1675 Sex
721 1644 797 1675 libri
814 1654 890 1675 cum
908 1655 959 1685 pr.
978 1646 1041 1677 Ed.
1056 1647 1149 1686 prim.
1164 1647 1288 1686 planum
1306 1647 1461 1684 fert-entis
1473 1656 1586 1677 arenae.
1612 1648 1654 1677 R.

201 1688 304 1718 etiam
314 1692 350 1719 et
360 1697 443 1718 unus
458 1686 839 1725 Hcins.ferventis.—48
855 1688 909 1717 Sa.
925 1693 961 1718 et
973 1689 1070 1718 multi
1084 1689 1139 1718 alii
1156 1688 1226 1726 calf.
1238 1688 1350 1719 militis
1361 1689 1548 1719 hasim—50
1565 1689 1656 1720 Mor.

199 1740 260 1761 non
275 1739 337 1771 pro
351 1740 416 1762 nee.
439 1731 523 1761 Mox
538 1739 645 1770 marg.
665 1730 822 1761 Vincent.
837 1730 916 1760 hast.
929 1731 1121 1762 solum-51
1139 1731 1169 1762 Ι.
1184 1732 1245 1762 Sed
1261 1733 1414 1771 neq.—52
1431 1731 1534 1763 Multi
1548 1731 1657 1775 Codd.

860 1814 999 1846 NOTAE

203 1894 239 1922 et
249 1889 450 1930 Polynicem
461 1889 553 1921 vivos
563 1889 673 1930 torsit,
682 1889 753 1921 fato
769 1888 903 1922 functos

204 1942 330 1973 divisit.

245 1996 287 2025 44
312 1994 426 2025 Pecore
437 1992 574 2034 infirmo]
602 1992 904 2032 0vibus‚scilicet.

246 2047 287 2075 45
313 2045 434 2085 coepto]
458 2043 630 2083 Elegiaco‚
645 2043 786 2083 scilicet,
802 2053 906 2084 quan-

206 2103 306 2134 quam
320 2093 449 2124 lambis
464 2093 583 2124 melius
599 2103 653 2123 res
668 2094 734 2123 ista
751 2093 891 2133 geritur.

248 2145 290 2174 47
313 2143 418 2183 Petit]
459 2143 499 2173 In
528 2152 685 2183 aggerem
709 2143 907 2183 jaculantur

207 2193 328 2225 velites
355 2202 429 2224 sese
454 2192 638 2224 exercendi
663 2202 774 2232 causa,
798 2193 905 2232 prius-

207 2254 305 2286 quam
319 2244 360 2275 ad
374 2245 560 2283 legitimum
573 2248 747 2275 certamen
759 2243 904 2274 veniant.

249 2298 292 2327 48
317 2295 466 2334 calfacti]
497 2294 549 2325 Ad
568 2305 711 2334 pugnam
729 2294 865 2324 incensi.

255 2346 382 2385 Velitis]
396 2345 527 2376 Velites
541 2345 743 2376 dicebantur
758 2344 907 2374 vilissimi

207 2395 331 2437 quique
347 2400 381 2426 et
397 2395 478 2425 levis
491 2400 670 2425 armatura),
687 2395 822 2425 milites.

252 2449 292 2478 51
318 2446 452 2485 Nomen]
490 2446 590 2476 Latet
618 2455 696 2476 vero
725 2454 830 2485 usque
853 2444 909 2474 ad-

208 2496 296 2535 huc;
310 2496 374 2527 nisi
386 2496 490 2537 quod,
505 2500 541 2525 nt
556 2496 637 2533 dixi,
650 2496 824 2536 Hyginum
837 2504 908 2525 esse

211 2545 411 2577 indubitatis
437 2554 541 2585 prope
573 2545 776 2586 conjecturis
802 2543 910 2582 suspi-

213 2595 283 2626 cati
298 2600 388 2626 sunt.
420 2595 535 2636 Atque
549 2596 687 2626 credere
701 2600 752 2627 cst
765 2593 909 2625 maxime

213 2644 327 2676 tacitis
342 2645 474 2675 indiciis
499 2650 534 2675 et
549 2645 731 2676 amicorum
754 2652 910 2675 verorum

214 2694 501 2726 susurrationibus
537 2694 580 2724 ad
613 2703 710 2734 quem
741 2695 793 2725 hae
827 2693 911 2723 dira:

215 2747 412 2786 spectarent
422 2745 538 2777 Romae
548 2744 721 2784 cognitum
729 2743 832 2775 fuisse
843 2754 851 2781 ;
866 2748 913 2781 ut,

957 1892 1101 1931 scilicet,
1112 1890 1200 1932 quod
1216 1890 1378 1931 cupiebat
1389 1890 1483 1921 Naso
1497 1888 1609 1928 fieret,
1621 1892 1658 1919 et

959 1943 1044 1973 male
1061 1942 1148 1972 fidus
1160 1942 1285 1973 amicus
1297 1941 1440 1981 denique
1453 1940 1656 1980 quiesceret.

1003 1991 1117 2031 Facta]
1147 1992 1198 2022 Ea
1227 1996 1342 2022 tamen
1370 1999 1471 2030 supra
1498 1988 1659 2030 quodam-

958 2042 1058 2074 modo
1074 2041 1267 2073 insinuavit.

1001 2095 1042 2122 52
1065 2091 1179 2131 Brevi]
1206 2091 1246 2122 In
1263 2100 1388 2132 paucos
1404 2090 1488 2121 dies.

1002 2144 1042 2172 53
1065 2140 1175 2180 Liber]
1217 2141 1295 2172 Non
1313 2145 1381 2171 tam
1397 2139 1498 2170 metri
1514 2139 1658 2178 ratione,

959 2202 1060 2233 quam
1078 2192 1157 2233 quia
1170 2200 1210 2222 eo
1227 2200 1351 2231 genere
1368 2200 1483 2222 versus
1501 2190 1543 2221 ad
1558 2191 1664 2221 male·

960 2243 1053 2275 dicta
1068 2248 1103 2273 et
1121 2242 1246 2283 probra
1258 2240 1443 2281 ingerenda
1455 2240 1653 2271 utebantur.

1002 2296 1042 2324 54
1054 2291 1238 2334 Lycambeo]
1250 2291 1423 2324 Neobules
1431 2291 1554 2331 puellae
1564 2294 1662 2330 pater

961 2341 1025 2373 fuit
1042 2343 1240 2383 Lycamhes‚
1253 2342 1310 2383 qui
1321 2340 1524 2371 Archilocho
1539 2338 1659 2369 Poetae

962 2403 1037 2424 eam
1051 2392 1156 2423 filiam
1167 2402 1259 2423 suain
1273 2390 1466 2429 despondit,
1480 2387 1602 2417 deinde
1617 2387 1660 2417 ob

963 2448 1098 2484 turpem
1126 2442 1232 2473 futuri
1258 2440 1372 2481 generi
1400 2438 1521 2469 faciem
1551 2437 1661 2467 eidem

965 2493 1100 2525 tradere
1116 2490 1234 2523 noluit.
1280 2491 1329 2520 Eo
1352 2492 1525 2528 permotus
1543 2486 1662 2517 Archi-

964 2544 1079 2574 lochus
1097 2540 1298 2580 asperrimos
1314 2539 1345 2568 in
1366 2537 1558 2578 Lycamben
1574 2537 1661 2568 lam-

964 2593 1023 2623 bos
1035 2590 1185 2630 scripsit,
1195 2588 1316 2629 quibus
1329 2587 1528 2627 perstrictus
1540 2587 1662 2627 laqueo

964 2642 1067 2672 vitam
1096 2638 1217 2669 finivit.
1270 2638 1390 2668 Tincta
1416 2636 1566 2677 adeoque
1594 2636 1662 2666 teia

966 2690 1126 2731 sanguine
1167 2687 1373 2727 Lycambeo,
1410 2696 1484 2727 quae
1531 2685 1661 2717 Nasoni

967 2739 1102 2770 Iambus
1140 2737 1306 2778 praebeat,
1343 2741 1422 2767 suut
1452 2745 1566 2767 versus
1600 2735 1663 2776 ipsi
