1877 3193
241 147 357 190 2798
731 161 769 189 P.
806 158 964 188 ovum
999 159 1212 191 NAsoms

244 252 306 295 Ut
325 253 406 296 fuit
428 254 578 296 OEtaeo
601 252 835 307 quondam,
857 265 1104 306 generoque
1117 254 1380 306 draconum,

299 321 614 374 Tisamenique
636 319 764 374 patri,
787 319 1116 374 Callirhoesque
1137 321 1249 363 viro.

243 387 341 429 Nec
362 390 440 429 tibi
460 389 682 441 contingat
702 389 902 428 matrona
921 387 1121 441 pudicior
1135 388 1227 440 illa,

301 456 406 507 Qua
426 457 569 510 potuit
589 455 770 509 Tydeus
790 456 1016 496 erubuisse
1036 470 1157 498 nuru.

243 522 450 577 Quaeque
472 525 541 565 sui
557 523 778 565 Venerem
793 523 942 576 junxit
963 537 1062 564 cum
1082 525 1215 566 fratre
1234 525 1393 575 mariti,

299 591 453 632 Locris
474 592 519 631 in
539 591 708 631 ancillae
731 590 1007 631 dissimulata
1025 605 1188 634 necem.

243 658 303 699 Di
325 672 498 712 quoque
518 663 605 698 tam
627 658 792 698 faciant
813 659 966 710 possis
985 660 1171 711 gaudere
1194 660 1313 702 fideli

299 725 513 778 Corijuge,
537 738 666 778 quam
688 725 834 774 Talai,
862 724 1167 779 Tyndareique
1184 740 1329 779 gener.

1620 321 1704 362 350

1617 660 1703 701 355

240 871 340 900 cauus
355 872 422 899 erat
434 868 598 899 dissimilis
613 867 646 898 in
661 869 736 908 pale
748 868 883 906 gemino.
931 867 1192 902 Quemadmodum
1208 869 1309 899 evenit
1323 869 1396 899 olim
1414 869 1529 908 OEtoeo,
1544 873 1574 900 et
1588 879 1704 909 genero

240 914 418 950 draconum,
433 915 463 942 et
475 912 561 951 patri
581 910 746 949 Tisameni,
762 914 791 941 et
808 911 922 941 marito
940 911 1121 942 Callirho'e's.
1171 912 1275 951 Neque
1292 922 1370 942 uxor·
1386 912 1505 943 eveniat
1519 913 1577 943 tibi
1593 913 1705 943 castior

240 955 306 993 illa,
323 964 381 995 qua
395 964 475 985 nuru
495 955 616 994 Tydeus
630 954 732 994 potuit
749 952 889 994 suffundi
901 955 1028 993 pudore.
1066 955 1109 984 Et
1126 964 1194 994 quoe
1206 955 1315 984 Locris
1328 955 1453 984 miscuit
1473 955 1620 986 Venerem
1635 965 1704 986 cum

233 997 340 1034 fratre
357 998 461 1028 mariti
483 998 543 1035 sui,
559 996 645 1028 tecm
661 1006 718 1037 per
733 998 845 1027 ccedem
860 997 991 1027 ancillae.
1036 997 1097 1027 Dii
1115 997 1241 1036 fuciunt
1268 997 1362 1028 etiam
1376 997 1474 1038 possis
1489 998 1593 1028 loetari
1608 1007 1704 1028 uxore

853 1093 989 1105 ‘eonon
992 1093 1066 1104 ‘m
1070 1094 1088 1104 e

242 1168 326 1188 unus
345 1163 377 1188 et
396 1158 458 1189 Ed.
478 1159 622 1190 Domitii
638 1159 769 1198 Ingenio
785 1158 867 1190 haud
887 1159 1114 1199 &span—1349
1137 1159 1192 1190 Sa.
1217 1162 1252 1190 et
1268 1162 1336 1190 tres
1353 1168 1428 1189 cum
1446 1168 1498 1199 pr.
1515 1158 1578 1189 Ed.
1596 1157 1704 1188 Actoeo

241 1211 302 1240 pro
322 1202 547 1232 (Eme—350
573 1202 735 1233 Nonnulli
754 1207 839 1233 vett.
868 1202 1102 1242 Callirho'e'que:
1131 1201 1267 1242 quidam
1295 1202 1396 1233 etiam
1423 1202 1542 1240 legunt
1568 1201 1703 1239 Colligo-

240 1246 467 1282 uesque.-—352
491 1244 587 1275 Unus
614 1245 734 1275 Heius.
762 1245 846 1275 erub.
873 1255 1006 1282 nurum‚·
1033 1245 1090 1275 sed
1121 1250 1193 1276 tum
1221 1245 1335 1275 Burni.
1371 1249 1490 1275 monet
1518 1243 1702 1283 legendum

242 1285 344 1320 Quam
371 1292 430 1323 pro
461 1287 651 1321 Qum—354
679 1285 772 1316 Unus
804 1287 924 1318 Heius.
949 1287 1054 1318 Sacris
1084 1288 1116 1317 iu
1143 1288 1244 1317 ancill.
1291 1287 1434 1317 Plurimi
1462 1287 1572 1317 Locris
1597 1285 1705 1317 ancill.

239 1328 360 1358 omisso
376 1328 429 1358 in:
454 1338 505 1367 pr.
523 1328 585 1359 Ed,
609 1332 639 1358 et
658 1338 718 1368 pro
736 1329 886 1358 ἑτι-355
912 1329 952 1358 In
970 1329 1121 1367 plurimis
1140 1329 1225 1359 Edd.
1254 1330 1330 1359 Tam
1350 1339 1438 1368 quoq.
1456 1330 1513 1359 Di.
1552 1330 1604 1359 Fr.
1625 1328 1704 1359 Tum.

241 1370 301 1401 tibi
318 1370 484 1401 Di.-355
511 1371 598 1401 Mor.
614 1381 704 1410 quam
723 1371 814 1407 Tam·
838 1371 892 1401 Sa.
918 1371 1047 1408 Damnst·
1071 1376 1105 1402 et
1129 1372 1215 1402 alter
1233 1372 1272 1402 R.
1291 1371 1527 1401 Thauai.—357
1554 1371 1612 1401 Pr.
1639 1370 1703 1402 Ed.

907 1487 939 1517 N
946 1486 1046 1517 OTAE

296 1562 493 1604 Rhodopeia]
535 1563 693 1602 Thracia,
730 1574 749 1595 a
780 1563 946 1604 Rhodope

239 1614 396 1645 Tllraciae
415 1618 540 1645 monte.

284 1666 347 1694 349
373 1663 493 1702 OEtoeo]
517 1664 567 1693 De
587 1664 737 1695 Hercule
752 1663 875 1704 agitur,
891 1664 947 1705 qui

241 1714 273 1743 in
301 1713 383 1744 OEta
407 1713 590 1744 Thessaliae
617 1719 744 1753 monte,
761 1713 876 1745 furens
905 1725 946 1746 ex

240 1773 306 1804 quo
322 1763 470 1794 tunicam
488 1763 649 1794 Centauri
667 1764 768 1795 Nessi
783 1765 945 1805 sanguine

242 1818 345 1854 atque
366 1813 494 1854 Hydrae
511 1823 644 1845 veneno
662 1815 804 1845 tinctam
822 1815 944 1855 induit,

240 1862 382 1894 {lammis
421 1864 583 1894 insaniam
621 1869 657 1895 et
687 1865 790 1896 vitam
824 1864 944 1896 finivit.

241 1914 349 1946 Quam
377 1924 448 1945 rem
473 1924 515 1945 ex
540 1915 704 1956 Epistolis
736 1916 944 1947 Heroidibus

239 1964 322 1995 licet
339 1969 510 2004 repetere.

287 2015 424 2055 Geuero]
448 2015 610 2047 Athamas
627 2021 689 2056 est,
705 2016 826 2048 Cadmi
843 2021 944 2058 atque

242 2064 437 2096 Hermionae
472 2076 588 2106 gener,
622 2067 679 2108 qui
712 2067 745 2098 in
779 2067 946 2098 dracones

240 2115 376 2155 mutati,
398 2120 435 2146 ut
459 2117 588 2148 dictum
612 2117 644 2147 in
670 2119 813 2148 Metam.
838 2117 945 2149 Atha-

241 2164 364 2193 mantis
396 2171 508 2196 autem
533 2167 573 2197 ab
596 2167 733 2199 Junone
766 2169 943 2199 immissam

242 2211 368 2242 rabiem
388 2216 520 2252 prolixe
536 2217 677 2247 vidimus
694 2219 726 2248 in
743 2220 886 2249 Metam.

284 2264 346 2293 350
373 2263 586 2304 Tisamenique
600 2268 699 2305 patri]
724 2269 865 2300 Orestes
881 2273 945 2307 est,

242 2312 299 2351 qui
325 2322 367 2342 ex
393 2313 578 2345 Hermione
596 2316 815 2347 'visamennm
833 2329 944 2348 susce·

242 2363 310 2402 pit:
337 2363 379 2394 de
396 2364 493 2404 cujus
515 2365 648 2395 Orestae
668 2365 763 2396 furiis
784 2367 855 2406 jain
881 2378 942 2398 sae-

242 2413 317 2453 pius
336 2413 475 2446 dictum.
736 2424 739 2428 ¹

287 2464 472 2504 Gallu-lines]
500 2465 585 2495 Haec
611 2464 749 2495 Acheloi
773 2465 838 2496 fuit
862 2465 943 2498 filia.

243 2514 325 2543 liam
343 2518 457 2544 autem
475 2524 614 2544 uxorem
632 2514 728 2545 duxit
755 2515 943 2555 Alcmaeon,

246 2563 436 2603 Amphiarai
467 2565 574 2604 tilius3
608 2566 663 2607 qui
690 2572 830 2607 propter
858 2567 944 2597 occi-

243 2624 312 2644 sam
342 2615 528 2655 Eriphylen
558 2622 699 2647 inatrem
731 2617 764 2647 in
795 2616 942 2648 furorem

244 2673 358 2693 versus
375 2670 439 2695 est.

287 2715 349 2743 352
375 2714 513 2755 Tydeus]
539 2716 716 2748 Diomedis
742 2716 806 2748 fuit
833 2720 943 2758 pater,

1001 1562 1058 1604 qui
1075 1562 1212 1603 quidem
1230 1561 1414 1594 Diomedes
1437 1561 1590 1601 AEgialen
1608 1561 1704 1593 duxit

1000 1622 1154 1651 uxorem,
1181 1618 1277 1643 tanto
1302 1612 1416 1643 furore
1445 1622 1462 1642 a
1483 1613 1618 1643 Venere
1645 1613 1705 1644 im-

1000 1662 1099 1693 misso
1117 1663 1281 1702 percitam
1297 1667 1333 1693 ut
1358 1672 1393 1692 se
1410 1662 1533 1703 passim
1549 1662 1702 1693 omnibus

994 1715 1178 1755 juvenibus
1210 1716 1447 1755 prostitueret.
1507 1715 1593 1746 Haec.
1620 1715 1703 1746 Dio-

1000 1766 1089 1796 medi
1129 1766 1238 1796 relata
1277 1766 1399 1805 gratia,
1435 1765 1492 1805 qui
1532 1765 1702 1795 Venerem

999 1816 1112 1846 AEneae
1143 1825 1202 1846 suo
1234 1815 1406 1846 faventem
1437 1815 1526 1845 bello
1551 1814 1702 1854 Trojano

999 1867 1247 1897 vulneraverat.

1053 1921 1114 1949 353
1149 1918 1302 1958 Quaeque]
1337 1917 1436 1948 Hanc
1459 1916 1561 1948 fuisse
1584 1917 1703 1948 volunt

1000 1968 1303 2008 Hypermnestrani
1317 1969 1702 2007 Loc¹·ensen1‚quaemln1

999 2016 1116 2048 fratris
1133 2017 1244 2048 mariti
1272 2017 1323 2048 sui
1351 2017 1570 2048 concubitum
1598 2027 1702 2058 appe-

1001 2072 1103 2107 teret,
1118 2069 1201 2098 clam
1218 2073 1385 2098 nocturno
1403 2073 1555 2107 tempore
1568 2067 1601 2097 id
1615 2076 1704 2098 asse-

1000 2123 1093 2156 cuta,
1111 2128 1208 2148 mane
1229 2118 1358 2158 pudore
1386 2116 1520 2154 affecta,
1537 2122 1573 2148 ut
1591 2117 1701 2148 scelus

1000 2178 1096 2198 suum
1130 2168 1370 2207 dissimularet,
1407 2168 1578 2206 ancillam,
1609 2166 1703 2207 quasi

999 2228 1072 2248 eam
1111 2218 1143 2248 in
1182 2219 1366 2249 concubitu
1406 2217 1700 2258 deprehendisset,

999 2278 1120 2298 necare
1138 2278 1203 2298 non
1221 2269 1400 2298 dubitavit.

1042 2321 1105 2347 356
1145 2318 1251 2356 Talai]
1291 2317 1514 2355 Amphiaraus
1549 2318 1613 2353 est,
1642 2314 1700 2355 qui

997 2366 1181 2405 Eriphylen
1205 2366 1299 2394 'l'alai
1315 2365 1417 2393 filiam
1435 2364 1531 2394 (luxit
1549 2374 1701 2405 uxorem,

997 2424 1015 2444 a
1032 2425 1098 2454 (lua.
1123 2415 1235 2444 monili
1263 2419 1422 2453 corrupta
1451 2415 1606 2453 proditus
1635 2419 1700 2455 est,

997 2468 1203 2504 coactusque
1219 2463 1260 2493 ad
1279 2464 1400 2493 bellum
1413 2463 1607 2494 Tin-bannui
1627 2474 1702 2504 pro-

998 2513 1117 2553 ficisci,
1134 2514 1189 2544 ubi
1207 2514 1300 2543 vivus
1319 2520 1412 2543 terra
1425 2514 1602 2553 ab-orptus
1620 2518 1684 2545 est.

1044 2564 1254 2604 Tyndareique
1278 2564 1386 2603 χρηεν]
1412 2564 1700 2602 Agamemnonem

998 2614 1093 2652 dicit,
1123 2614 1179 2654 qui
1216 2615 1512 2654 Clytarmnesss‘alu
1549 2613 1699 2653 Tyndari

996 2665 1096 2696 fllium
1111 2666 1231 2696 habuit
1255 2675 1409 2703 uxorem,
1423 2675 1442 2695 a
1458 2675 1537 2706 qua,
1555 2663 1697 2704 AEgisthi

998 2715 1143 2746 adulteri
1161 2725 1239 2757 ope,
1254 2715 1320 2747 fuit
1335 2714 1550 2746 interfectus.
