1877 3193
527 163 682 197 Ems'r.
715 165 781 196 Ex
814 165 973 196 PoN'ro
1006 166 1098 198 ΜΒ.
1130 166 1185 198 ιι.
1214 156 1255 198 1.
1500 158 1612 202 2561

163 256 341 300 Gaudia
362 257 578 300 Caesareae
599 262 758 302 mentis
777 274 857 315 pro
876 265 999 315 parte
1019 261 1132 303 virili

219 324 330 366 Sunt
348 338 444 366 mea
463 338 474 367 ε
503 327 661 379 privati
680 328 744 368 nil
763 328 894 369 habet
915 328 991 368 illa
1011 329 1186 369 domus.

162 390 331 443 Gratia,
353 392 507 443 Fama,
527 393 606 434 tibi
624 409 633 436 :
665 408 740 448 per
760 408 894 448 quam
915 399 1113 447 spectata
1132 393 1338 448 triumphi

217 458 396 500 Incluso
415 459 570 500 mediis
590 465 657 501 est
675 461 782 500 mihi
803 473 970 512 pompa
990 459 1129 501 Getis.
1555 462 1613 503 20

158 523 308 567 Indice
327 529 369 567 te
391 526 543 575 didici,
567 539 705 579 nuper
725 526 908 566 visenda
926 526 1072 566 coisse

216 591 469 633 Innumeras
487 595 631 645 gentes
653 592 709 633 ad
731 592 870 634 Ducis
893 605 972 633 ora
992 593 1085 645 sui3

157 656 357 712 Quaeque
378 658 498 711 capit
517 659 653 700 vastis
674 660 936 701 immensum
956 660 1176 702 moenibus
1195 662 1364 714 orbem,

212 724 438 778 Hospitiis
459 725 649 767 Romam
666 728 744 769 vix
763 728 971 768 habuisse
991 727 1155 770 locum.

153 790 223 832 Tu
239 792 343 832 mihi
363 794 564 844 narrasti,
588 808 688 836 cum
706 794 854 834 multis
872 793 1044 835 lucibus
1066 797 1164 836 ante
1554 797 1611 839 25

211 858 389 900 Fuderit
407 860 612 901 assiduas
632 861 806 901 nubilus
827 859 991 902 Auster
1011 873 1169 914 aquas,

153 925 340 968 Lumine
360 927 530 969 coelesti
553 927 701 968 Solem
717 927 895 968 fulsisse
915 939 1126 978 serenum,

210 992 324 1034 Cum
344 994 500 1047 populi
520 995 646 1036 vultu
669 994 950 1036 conveniente
970 993 1054 1036 die.

149 1057 299 1113 Atque
318 1060 380 1100 ita
399 1060 625 1110 victorem,
649 1074 750 1102 cum
769 1073 928 1114 magno
950 1061 1075 1102 vocis
1094 1060 1269 1113 honore,

207 1126 380 1168 Bellica
399 1127 592 1168 laudatis
615 1129 729 1169 dona
751 1128 927 1169 dedisse
950 1128 1055 1169 viris
1074 1141 1084 1168 ε
1552 1131 1611 1174 30

151 1192 365 1247 Claraque
385 1199 632 1235 sumturum
653 1196 796 1249 pictas
817 1194 1007 1246 insignia
1027 1197 1182 1245 vestes,

206 1260 356 1302 Thura
375 1261 497 1314 prius
518 1262 684 1303 sanctis
705 1261 975 1315 imposuisse
995 1260 1110 1301 focis
1127 1273 1139 1312 3

148 1382 295 1420 quantum
310 1389 402 1420 queo.-
425 1379 480 1411 illa
506 1381 612 1413 domus
635 1381 719 1413 nihil
742 1381 833 1413 habet
845 1381 1018 1422 proprium.
1065 1380 1164 1412 Fama
1178 1380 1238 1412 tibi
1253 1385 1305 1413 est
1318 1383 1437 1423 gratia,
1449 1393 1507 1424 per
1517 1395 1608 1426 quam

144 1432 256 1462 pompa
283 1422 434 1462 triumphi
457 1426 502 1453 est
525 1424 591 1454 visa
610 1434 629 1455 a
652 1435 698 1456 me
720 1426 822 1456 clauso
847 1425 881 1455 in
903 1425 1014 1455 mediis
1041 1423 1144 1455 Getis,
1188 1424 1337 1454 Intellexi
1353 1428 1383 1456 te
1399 1427 1536 1467 docente,
1551 1438 1606 1459 nu-

146 1464 245 1496 tiones
269 1464 446 1495 innumeras
461 1467 635 1497 convenisse
661 1477 760 1506 nuper
784 1468 825 1498 ad
849 1467 1029 1506 spectandos
1051 1467 1155 1496 vultus
1175 1466 1225 1495 sui
1248 1466 1472 1505 Imperatoris.-
1495 1472 1525 1499 ει
1545 1470 1606 1500 Ro-

146 1516 229 1538 mam
251 1516 319 1546 quae
344 1508 573 1546 comprehendit
587 1510 698 1547 amplis
715 1509 812 1539 muris
826 1509 928 1538 orbem
943 1508 1123 1537 immensum
1139 1516 1222 1544 «ες-νε
1237 1507 1376 1538 habuisse
1390 1510 1487 1539 locum
1506 1511 1608 1551 hospi-

146 1549 212 1580 tiis.
258 1549 305 1580 Tu
320 1549 397 1579 mihi
412 1549 562 1587 retulisti,
578 1559 646 1579 cum
666 1550 772 1580 multis
787 1549 894 1579 diebus
908 1552 980 1579 ante
994 1549 1097 1578 Notus
1109 1548 1231 1578 nubilus
1245 1550 1394 1588 sparserit
1408 1551 1521 1583 imbres
1535 1562 1606 1584 con-

148 1591 261 1629 tinuos,
275 1591 368 1620 solem
381 1600 493 1629 purum
513 1591 700 1630 splenduisse
724 1591 849 1622 numine
869 1591 996 1630 coelesti,
1024 1591 1073 1620 die
1094 1594 1280 1629 congruente
1302 1602 1370 1622 cum
1388 1594 1475 1624 vultu
1487 1595 1605 1634 populi.

148 1634 251 1672 Atque
265 1632 311 1662 ita
325 1632 470 1662 rictorem
481 1632 648 1672 praebuisse
663 1633 742 1663 dona
758 1632 869 1664 bellica
886 1633 964 1663 viris
978 1632 1140 1663 celebratis
1158 1642 1225 1662 cum
1241 1642 1352 1672 magno
1368 1635 1481 1666 honore
1495 1646 1606 1668 sermo-

147 1675 197 1704 nis
207 1685 220 1711 ;
243 1677 273 1705 et
289 1674 384 1704 illum
399 1677 561 1713 capturum
578 1678 675 1705 vestes
682 1676 796 1716 pictas,
810 1675 946 1706 illustria
960 1675 1111 1715 insignia,
1127 1675 1291 1707 immisisse
1300 1677 1386 1716 prius
1401 1677 1493 1709 thura
1507 1680 1605 1711 sacris

757 1759 992 1771 eeeeeeeeeeee

149 1815 298 1845 tun—15
323 1812 400 1844 Duo
415 1811 490 1844 libri
509 1823 597 1854 quoq.
604 1813 811 1852 fructiferum
826 1816 990 1846 sent.-—16
1015 1813 1136 1845 Heius.
1150 1823 1212 1854 pro
1228 1824 1308 1855 soepe
1324 1814 1470 1846 malebat
1485 1825 1602 1856 nempe.

147 1856 228 1887 Duo
244 1855 320 1886 libri
335 1865 409 1895 saep.
419 1855 567 1893 fruamur
581 1860 713 1896 o1›.-—l7
731 1857 849 1888 Heius.
863 1863 898 1888 et
914 1856 1075 1888 Bartliius
1092 1856 1265 1888 malebant
1276 1858 1382 1896 gentis
1395 1866 1457 1897 pro
1470 1858 1603 1895 mentis,-

148 1897 233 1928 etin
249 1897 346 1937 hujus
363 1898 565 1928 membranis
591 1903 667 1929 erat
690 1899 881 1930 victis—22
905 1900 984 1930 Bas.
1008 1904 1043 1929 et
1070 1899 1205 1929 Barthii
1229 1898 1283 1928 sub
1306 1908 1369 1939 pro
1395 1900 1534 1930 ach—23
1558 1900 1601 1931 P.

146 1940 238 1972 Dan.
258 1941 336 1975 Quae
348 1941 432 1980 capit
448 1940 492 1970 in.
525 1941 609 1971 Tum
626 1941 722 1971 rastis
738 1940 898 1972 Ciofanus
914 1939 1050 1981 profert
1069 1950 1110 1972 ex
1126 1941 1295 1972 nonnullis
1309 1944 1394 1972 vett.
1410 1942 1501 1981 vulg.
1517 1942 1601 1973 latis.

146 1982 230 2012 Mox
247 1982 325 2014 Jun.
342 1982 460 2013 viribus
473 1992 535 2022 pro
552 1983 793 2014 maenibus—24
818 1983 859 2014 P.
878 1988 912 2013 et
929 1983 994 2014 duo
1008 1982 1065 2013 alii
1082 1983 1226 2023 Hospitii
1243 1981 1283 2013 R.
1300 1987 1432 2022 septem
1456 1984 1600 2024 Hospiti-

146 2023 293 2055 bna—25
319 2024 360 2055 P.
377 2030 413 2055 et
430 2025 548 2055 Comb.
575 2027 662 2056 mult.
681 2025 814 2065 flatibus
839 2028 1008 2056 anta—26
1034 2025 1129 2055 Serv.
1153 2029 1189 2054 et
1212 2024 1289 2056 Pat.
1317 2026 1476 2056 Funderet
1501 2027 1599 2058 assid.

145 2065 231 2097 Tum
251 2066 344 2096 Leid.
358 2071 392 2096 et
406 2067 554 2107 quinque
570 2067 626 2098 alii
643 2073 678 2098 et
696 2068 761 2098 Ed.
778 2068 909 2098 Bersm.
924 2067 1053 2098 nubibus
1069 2068 1198 2098 A.—27
1214 2067 1346 2098 Lumine
1364 2068 1484 2099 Heius.
1501 2068 1599 2100 dedit

146 2117 188 2139 ex
206 2108 312 2139 tribus
326 2109 461 2148 scriptis
479 2119 540 2149 pro
559 2110 648 2150 vulg.
668 2110 824 2140 Numine.-
848 2109 938 2140 idem
962 2110 1050 2149 conj.
1076 2110 1216 2140 Munere.
1240 2110 1282 2140 P.
1300 2110 1391 2140 Dan.
1417 2110 1555 2141 Numine
1570 2121 1598 2142 c„

144 2150 407 2190 lmnenfluxisse;
431 2151 487 2181 ubi
504 2152 618 2182 Burm.
637 2152 723 2192 conj.
738 2152 872 2182 Limine.
900 2152 940 2182 R.
969 2156 1004 2182 et
1031 2151 1097 2181 duo
1121 2152 1176 2181 alii
1193 2152 1307 2182 luxisse
1322 2155 1505 2183 serem—28
1530 2154 1597 2184 Pro

143 2191 231 2223 vultu
248 2193 365 2225 Heius.
380 2194 496 2224 manet
512 2195 692 2226 cuum—29
718 2194 836 2234 Magno
852 2204 894 2225 ex
912 2203 978 2225 uno
995 2194 1035 2225 V.
1053 2194 1142 2234 vulg.
1159 2204 1300 2233 magnae3
1323 2199 1358 2225 et
1375 2195 1431 2225 Fr.
1448 2196 1598 2227 multo.—

799 2283 943 2315 NOTAE

187 2349 227 2378 17
253 2346 419 2386 Caesareae]
458 2347 543 2380 Quae
568 2346 683 2379 Caesar
706 2357 748 2379 ex
773 2348 841 2379 vic·
894 2348 1042 2390 itemque
1056 2348 1159 2379 duces
1171 2348 1595 2389 victores,victosque‚&c.

143 2397 230 2428 toria
243 2398 414 2437 concepit.
937 2403 977 2431 23
1004 2399 1111 2440 Capit]
1128 2400 1217 2432 Quia
1229 2400 1331 2430 etiam
1347 2400 1442 2438 regit,
1454 2403 1489 2429 et
1502 2399 1596 2438 quic-

186 2450 226 2477 18
250 2448 307 2478 Nil
335 2448 440 2488 habet]
473 2448 647 2490 Siquidem
672 2458 734 2489 pro
760 2454 840 2480 voto
894 2451 973 2491 qnid
1005 2451 1037 2481 in
1076 2450 1157 2481 orbe
1195 2456 1245 2480 est
1277 2448 1593 2490 praestantissimum

144 2495 247 2526 etiam
270 2496 417 2538 Augusti
440 2509 553 2530 omues
581 2499 623 2529 (le
652 2499 748 2530 bonis
764 2500 838 2540 ejus
895 2509 991 2530 suum
1008 2499 1102 2530 facit.

144 2544 328 2586 gaudeant,
344 2552 447 2588 atquc
462 2559 520 2580 sua
535 2549 674 2581 faciant.
935 2551 977 2579 28
1003 2545 1221 2584 Convenientc]
1254 2546 1415 2576 Serenum
1433 2555 1511 2577 vero
1527 2556 1592 2578 coe·

185 2597 225 2625 21
256 2594 404 2634 visenda]
432 2599 584 2638 Romam,
601 2601 747 2641 scilicet,
761 2611 840 2633 con·
893 2599 960 2628 lum
977 2597 1119 2634 laetitia‘,
1135 2605 1231 2634 quani
1247 2595 1395 2625 nubilum
1409 2596 1593 2635 autpluvia

143 2643 293 2676 fluebant
309 2644 458 2684 undique
476 2648 591 2685 populi
617 2649 660 2679 ad
681 2650 840 2691 triumphi
894 2647 1132 2684 deformatum,
1150 2645 1266 2674 nwlins
1278 2645 1382 2675 inulto
1395 2646 1591 2686 respondet.

142 2692 365 2736 spectandum
391 2699 591 2733 apparatum
614 2701 650 2728 et
674 2707 843 2741 pompam,
937 2701 978 2729 30
1001 2695 1108 2736 Dona]
1124 2694 1294 2735 Armillas,
1308 2695 1430 2735 hastas,
1444 2700 1592 2739 torques,

230 2745 344 2787 Delph.
357 2749 388 2777 et
411 2745 486 2779 Var.
502 2747 585 2780 ctus.
831 2751 927 2783 ovid.
1430 2752 1449 2781 7
1476 2749 1503 2780 Ζ
