<?xml version="1.0" encoding="UTF-8"?>
<!DOCTYPE html PUBLIC "-//W3C//DTD XHTML 1.0 Transitional//EN"
    "http://www.w3.org/TR/xhtml1/DTD/xhtml1-transitional.dtd">
<html xmlns="http://www.w3.org/1999/xhtml" xml:lang="en" lang="en">
 <head>
  <title>
</title>
<meta http-equiv="Content-Type" content="text/html;charset=utf-8" />
  <meta name='ocr-system' content='tesseract 3.04.00' />
  <meta name='ocr-capabilities' content='ocr_page ocr_carea ocr_par ocr_line ocrx_word'/>
</head>
<body>
  <div class='ocr_page' id='page_1' title='image "./operaomniaexedit05oviduoft/operaomniaexedit05oviduoft_0266.png"; bbox 0 0 1877 3193; ppageno 0'>
   <div class='ocr_carea' id='block_1_1' title="bbox 245 158 1211 207">
    <p class='ocr_par' dir='ltr' id='par_1_1' title="bbox 245 158 1211 207">
     <span class='ocr_line' id='line_1_1' title="bbox 245 158 1211 207; baseline 0.009 -9"><span class='ocrx_word' id='word_1_1' title='bbox 245 158 360 201; x_wconf 64' lang='lat'><strong>2470</strong></span> <span class='ocrx_word' id='word_1_2' title='bbox 731 176 772 206; x_wconf 82' lang='lat' dir='ltr'><strong>P.</strong></span> <span class='ocrx_word' id='word_1_3' title='bbox 806 177 963 207; x_wconf 80' lang='lat' dir='ltr'><strong>ovmn</strong></span> <span class='ocrx_word' id='word_1_4' title='bbox 997 176 1211 207; x_wconf 70' lang='lat' dir='ltr'><strong>NAsoms</strong></span> 
     </span>
    </p>
   </div>
   <div class='ocr_carea' id='block_1_2' title="bbox 731 394 1216 443">
    <p class='ocr_par' dir='ltr' id='par_1_2' title="bbox 731 394 1216 443">
     <span class='ocr_line' id='line_1_2' title="bbox 731 394 1216 443; baseline 0.002 -1"><span class='ocrx_word' id='word_1_5' title='bbox 731 394 1052 443; x_wconf 88' lang='lat' dir='ltr'><strong>ELEGIA</strong></span> <span class='ocrx_word' id='word_1_6' title='bbox 1110 396 1216 443; x_wconf 84' lang='lat' dir='ltr'><strong>IX.</strong></span> 
     </span>
    </p>
   </div>
   <div class='ocr_carea' id='block_1_3' title="bbox 803 526 1163 561">
    <p class='ocr_par' dir='ltr' id='par_1_3' title="bbox 803 526 1163 561">
     <span class='ocr_line' id='line_1_3' title="bbox 803 526 1163 561; baseline 0.008 -3"><span class='ocrx_word' id='word_1_7' title='bbox 803 526 1163 561; x_wconf 82' lang='lat' dir='ltr'><strong>ARGUMENTUM.</strong></span> 
     </span>
    </p>
   </div>
   <div class='ocr_carea' id='block_1_4' title="bbox 249 611 1702 760">
    <p class='ocr_par' dir='ltr' id='par_1_4' title="bbox 249 611 1702 760">
     <span class='ocr_line' id='line_1_4' title="bbox 249 611 1700 656; baseline 0.002 -14"><span class='ocrx_word' id='word_1_8' title='bbox 249 612 399 644; x_wconf 69' lang='lat' dir='ltr'><strong>LAUDAT</strong></span> <span class='ocrx_word' id='word_1_9' title='bbox 422 611 521 643; x_wconf 83' lang='lat' dir='ltr'><strong>amici</strong></span> <span class='ocrx_word' id='word_1_10' title='bbox 543 611 657 652; x_wconf 84' lang='lat' dir='ltr'><strong>fidem,</strong></span> <span class='ocrx_word' id='word_1_11' title='bbox 681 611 879 655; x_wconf 84' lang='lat' dir='ltr'><strong>fateturque</strong></span> <span class='ocrx_word' id='word_1_12' title='bbox 903 615 974 655; x_wconf 84' lang='lat' dir='ltr'><strong>ejus</strong></span> <span class='ocrx_word' id='word_1_13' title='bbox 1000 614 1165 647; x_wconf 86' lang='lat' dir='ltr'><strong>beneficio</strong></span> <span class='ocrx_word' id='word_1_14' title='bbox 1189 624 1225 646; x_wconf 86' lang='lat' dir='ltr'><strong>se</strong></span> <span class='ocrx_word' id='word_1_15' title='bbox 1247 616 1351 647; x_wconf 85' lang='lat' dir='ltr'><strong>vitam</strong></span> <span class='ocrx_word' id='word_1_16' title='bbox 1375 615 1512 653; x_wconf 85' lang='lat' dir='ltr'><strong>ducere,</strong></span> <span class='ocrx_word' id='word_1_17' title='bbox 1538 614 1700 656; x_wconf 82' lang='lat' dir='ltr'><strong>simulque</strong></span> 
     </span>
     <span class='ocr_line' id='line_1_5' title="bbox 294 665 1702 708; baseline 0.002 -13"><span class='ocrx_word' id='word_1_18' title='bbox 294 665 420 705; x_wconf 81' lang='lat' dir='ltr'>gratias</span> <span class='ocrx_word' id='word_1_19' title='bbox 436 666 516 704; x_wconf 84' lang='lat' dir='ltr'><strong>agit.</strong></span> <span class='ocrx_word' id='word_1_20' title='bbox 560 665 740 696; x_wconf 87' lang='lat' dir='ltr'><strong>Postremo</strong></span> <span class='ocrx_word' id='word_1_21' title='bbox 750 665 835 697; x_wconf 89' lang='lat' dir='ltr'><strong>dicit</strong></span> <span class='ocrx_word' id='word_1_22' title='bbox 849 675 885 697; x_wconf 86' lang='lat' dir='ltr'><strong>se</strong></span> <span class='ocrx_word' id='word_1_23' title='bbox 900 667 1046 698; x_wconf 80' lang='lat' dir='ltr'>libenter</span> <span class='ocrx_word' id='word_1_24' title='bbox 1062 668 1135 708; x_wconf 87' lang='lat' dir='ltr'><strong>ejus</strong></span> <span class='ocrx_word' id='word_1_25' title='bbox 1148 667 1315 700; x_wconf 83' lang='lat' dir='ltr'><strong>beneficia</strong></span> <span class='ocrx_word' id='word_1_26' title='bbox 1331 673 1412 700; x_wconf 82' lang='lat' dir='ltr'><strong>nota</strong></span> <span class='ocrx_word' id='word_1_27' title='bbox 1425 667 1578 700; x_wconf 83' lang='lat' dir='ltr'><strong>omnibus</strong></span> <span class='ocrx_word' id='word_1_28' title='bbox 1595 667 1702 699; x_wconf 76' lang='lat' dir='ltr'><strong>factu-</strong></span> 
     </span>
     <span class='ocr_line' id='line_1_6' title="bbox 294 716 1276 760; baseline 0.004 -12"><span class='ocrx_word' id='word_1_29' title='bbox 294 728 367 749; x_wconf 84' lang='lat' dir='ltr'><strong>rum</strong></span> <span class='ocrx_word' id='word_1_30' title='bbox 381 717 498 757; x_wconf 84' lang='lat' dir='ltr'><strong>fuisse,</strong></span> <span class='ocrx_word' id='word_1_31' title='bbox 513 716 540 748; x_wconf 84' lang='lat' dir='ltr'><strong>si</strong></span> <span class='ocrx_word' id='word_1_32' title='bbox 553 717 609 747; x_wconf 90' lang='lat' dir='ltr'><strong>ille</strong></span> <span class='ocrx_word' id='word_1_33' title='bbox 626 717 692 747; x_wconf 88' lang='lat' dir='ltr'><strong>suis</strong></span> <span class='ocrx_word' id='word_1_34' title='bbox 706 727 742 747; x_wconf 86' lang='lat' dir='ltr'><strong>se</strong></span> <span class='ocrx_word' id='word_1_35' title='bbox 760 718 897 757; x_wconf 81' lang='lat' dir='ltr'><strong>scriptis</strong></span> <span class='ocrx_word' id='word_1_36' title='bbox 910 719 1074 750; x_wconf 83' lang='lat' dir='ltr'><strong>nominari</strong></span> <span class='ocrx_word' id='word_1_37' title='bbox 1088 724 1276 760; x_wconf 86' lang='lat' dir='ltr'><strong>pateretur.</strong></span> 
     </span>
    </p>
   </div>
   <div class='ocr_carea' id='block_1_5' title="bbox 248 802 1711 1879">
    <p class='ocr_par' dir='ltr' id='par_1_5' title="bbox 248 802 1711 1879">
     <span class='ocr_line' id='line_1_7' title="bbox 250 802 1244 875; baseline 0.004 -16"><span class='ocrx_word' id='word_1_38' title='bbox 250 802 309 859; x_wconf 85' lang='grc' dir='ltr'>Ο</span> <span class='ocrx_word' id='word_1_39' title='bbox 332 831 433 861; x_wconf 85' lang='lat' dir='ltr'><strong>TUA</strong></span> <span class='ocrx_word' id='word_1_40' title='bbox 455 820 493 860; x_wconf 88' lang='lat' dir='ltr'><strong>si</strong></span> <span class='ocrx_word' id='word_1_41' title='bbox 514 820 679 860; x_wconf 79' lang='lat' dir='ltr'><strong>sineres</strong></span> <span class='ocrx_word' id='word_1_42' title='bbox 698 818 745 859; x_wconf 90' lang='lat' dir='ltr'><strong>in</strong></span> <span class='ocrx_word' id='word_1_43' title='bbox 760 819 919 860; x_wconf 87' lang='lat' dir='ltr'><strong>nostris</strong></span> <span class='ocrx_word' id='word_1_44' title='bbox 939 820 1118 861; x_wconf 85' lang='lat' dir='ltr'><strong>nomina</strong></span> <span class='ocrx_word' id='word_1_45' title='bbox 1137 823 1244 875; x_wconf 89' lang='lat' dir='ltr'><strong>poni</strong></span> 
     </span>
     <span class='ocr_line' id='line_1_8' title="bbox 306 886 1370 943; baseline 0.003 -16"><span class='ocrx_word' id='word_1_46' title='bbox 306 886 596 935; x_wconf 82' lang='lat' dir='ltr'><strong>Carminibus,</strong></span> <span class='ocrx_word' id='word_1_47' title='bbox 616 887 785 940; x_wconf 86' lang='lat' dir='ltr'><strong>positus</strong></span> <span class='ocrx_word' id='word_1_48' title='bbox 804 899 935 941; x_wconf 87' lang='lat' dir='ltr'><strong>quam</strong></span> <span class='ocrx_word' id='word_1_49' title='bbox 956 888 1061 929; x_wconf 89' lang='lat' dir='ltr'><strong>mihi</strong></span> <span class='ocrx_word' id='word_1_50' title='bbox 1082 901 1206 943; x_wconf 86' lang='lat' dir='ltr'><strong>saepe</strong></span> <span class='ocrx_word' id='word_1_51' title='bbox 1226 889 1343 930; x_wconf 88' lang='lat' dir='ltr'><strong>fores</strong></span> <span class='ocrx_word' id='word_1_52' title='bbox 1361 891 1370 930; x_wconf 87' lang='lat'><strong>!</strong></span> 
     </span>
     <span class='ocr_line' id='line_1_9' title="bbox 248 953 1403 1011; baseline 0.003 -17"><span class='ocrx_word' id='word_1_53' title='bbox 248 953 313 994; x_wconf 87' lang='lat' dir='ltr'><strong>Te</strong></span> <span class='ocrx_word' id='word_1_54' title='bbox 331 954 473 995; x_wconf 86' lang='lat' dir='ltr'><strong>solum</strong></span> <span class='ocrx_word' id='word_1_55' title='bbox 493 954 633 995; x_wconf 89' lang='lat' dir='ltr'><strong>meriti</strong></span> <span class='ocrx_word' id='word_1_56' title='bbox 655 967 852 996; x_wconf 85' lang='lat' dir='ltr'><strong>canerem</strong></span> <span class='ocrx_word' id='word_1_57' title='bbox 868 968 1058 1009; x_wconf 82' lang='lat' dir='ltr'><strong>memor3</strong></span> <span class='ocrx_word' id='word_1_58' title='bbox 1089 957 1222 1011; x_wconf 91' lang='lat' dir='ltr'><strong>inque</strong></span> <span class='ocrx_word' id='word_1_59' title='bbox 1242 957 1403 998; x_wconf 81' lang='lat' dir='ltr'><strong>libellis</strong></span> 
     </span>
     <span class='ocr_line' id='line_1_10' title="bbox 305 1019 1162 1075; baseline 0.001 -14"><span class='ocrx_word' id='word_1_60' title='bbox 305 1019 529 1062; x_wconf 89' lang='lat' dir='ltr'><strong>Crevisset</strong></span> <span class='ocrx_word' id='word_1_61' title='bbox 549 1021 643 1061; x_wconf 89' lang='lat' dir='ltr'><strong>sine</strong></span> <span class='ocrx_word' id='word_1_62' title='bbox 663 1024 704 1062; x_wconf 85' lang='lat' dir='ltr'><strong>te</strong></span> <span class='ocrx_word' id='word_1_63' title='bbox 725 1022 884 1075; x_wconf 84' lang='lat' dir='ltr'><strong>pagina</strong></span> <span class='ocrx_word' id='word_1_64' title='bbox 901 1023 1019 1063; x_wconf 86' lang='lat' dir='ltr'><strong>nulla</strong></span> <span class='ocrx_word' id='word_1_65' title='bbox 1038 1024 1162 1065; x_wconf 88' lang='lat' dir='ltr'><strong>meis.</strong></span> 
     </span>
     <span class='ocr_line' id='line_1_11' title="bbox 253 1086 1708 1138; baseline 0.005 -10"><span class='ocrx_word' id='word_1_66' title='bbox 253 1086 375 1138; x_wconf 84' lang='lat' dir='ltr'><strong>Quid</strong></span> <span class='ocrx_word' id='word_1_67' title='bbox 395 1088 472 1129; x_wconf 89' lang='lat' dir='ltr'><strong>tibi</strong></span> <span class='ocrx_word' id='word_1_68' title='bbox 491 1088 690 1129; x_wconf 81' lang='lat' dir='ltr'><strong>deberem</strong></span> <span class='ocrx_word' id='word_1_69' title='bbox 710 1093 806 1131; x_wconf 90' lang='lat' dir='ltr'><strong>tota</strong></span> <span class='ocrx_word' id='word_1_70' title='bbox 826 1090 1010 1132; x_wconf 86' lang='lat' dir='ltr'><strong>sciretur</strong></span> <span class='ocrx_word' id='word_1_71' title='bbox 1027 1091 1072 1132; x_wconf 89' lang='lat' dir='ltr'><strong>in</strong></span> <span class='ocrx_word' id='word_1_72' title='bbox 1091 1091 1214 1133; x_wconf 82' lang='lat' dir='ltr'><strong>Urbe</strong></span> <span class='ocrx_word' id='word_1_73' title='bbox 1233 1106 1241 1133; x_wconf 95' lang='lat'><strong>:</strong></span> <span class='ocrx_word' id='word_1_74' title='bbox 1681 1092 1708 1130; x_wconf 89' lang='grc'><em>5</em></span> 
     </span>
     <span class='ocr_line' id='line_1_12' title="bbox 309 1154 1199 1211; baseline 0.007 -17"><span class='ocrx_word' id='word_1_75' title='bbox 309 1154 426 1195; x_wconf 85' lang='lat' dir='ltr'><strong>Exul</strong></span> <span class='ocrx_word' id='word_1_76' title='bbox 445 1155 491 1194; x_wconf 91' lang='lat' dir='ltr'><strong>in</strong></span> <span class='ocrx_word' id='word_1_77' title='bbox 510 1156 675 1196; x_wconf 80' lang='lat' dir='ltr'><strong>amissa</strong></span> <span class='ocrx_word' id='word_1_78' title='bbox 694 1156 731 1196; x_wconf 87' lang='lat' dir='ltr'><strong>si</strong></span> <span class='ocrx_word' id='word_1_79' title='bbox 752 1159 897 1196; x_wconf 86' lang='lat' dir='ltr'><strong>tamen</strong></span> <span class='ocrx_word' id='word_1_80' title='bbox 919 1156 1042 1198; x_wconf 86' lang='lat' dir='ltr'><strong>Urbe</strong></span> <span class='ocrx_word' id='word_1_81' title='bbox 1062 1158 1199 1211; x_wconf 86' lang='lat' dir='ltr'><strong>legor.</strong></span> 
     </span>
     <span class='ocr_line' id='line_1_13' title="bbox 249 1212 1256 1274; baseline 0.005 -13"><span class='ocrx_word' id='word_1_82' title='bbox 249 1212 315 1261; x_wconf 84' lang='lat' dir='ltr'><strong>Te</strong></span> <span class='ocrx_word' id='word_1_83' title='bbox 334 1233 529 1274; x_wconf 87' lang='lat' dir='ltr'><strong>praesens</strong></span> <span class='ocrx_word' id='word_1_84' title='bbox 546 1221 713 1271; x_wconf 82' lang='lat' dir='ltr'><strong>mitem,</strong></span> <span class='ocrx_word' id='word_1_85' title='bbox 731 1227 772 1263; x_wconf 91' lang='lat' dir='ltr'><strong>te</strong></span> <span class='ocrx_word' id='word_1_86' title='bbox 792 1227 941 1264; x_wconf 88' lang='lat' dir='ltr'><strong>nosset</strong></span> <span class='ocrx_word' id='word_1_87' title='bbox 962 1225 1098 1265; x_wconf 89' lang='lat' dir='ltr'><strong>serior</strong></span> <span class='ocrx_word' id='word_1_88' title='bbox 1117 1228 1228 1266; x_wconf 83' lang='lat' dir='ltr'><strong>aetas</strong></span> <span class='ocrx_word' id='word_1_89' title='bbox 1245 1240 1256 1266; x_wconf 78' lang='grc' dir='ltr'><strong><em>ε</em></strong></span> 
     </span>
     <span class='ocr_line' id='line_1_14' title="bbox 307 1286 1329 1341; baseline 0.004 -13"><span class='ocrx_word' id='word_1_90' title='bbox 307 1286 483 1341; x_wconf 86' lang='lat' dir='ltr'><strong>Scripta</strong></span> <span class='ocrx_word' id='word_1_91' title='bbox 502 1291 764 1329; x_wconf 84' lang='lat' dir='ltr'><strong>vetustatem</strong></span> <span class='ocrx_word' id='word_1_92' title='bbox 783 1288 821 1329; x_wconf 89' lang='lat' dir='ltr'><strong>si</strong></span> <span class='ocrx_word' id='word_1_93' title='bbox 841 1288 974 1330; x_wconf 89' lang='lat' dir='ltr'><strong>modo</strong></span> <span class='ocrx_word' id='word_1_94' title='bbox 994 1294 1150 1331; x_wconf 86' lang='lat' dir='ltr'><strong>nostra</strong></span> <span class='ocrx_word' id='word_1_95' title='bbox 1169 1291 1329 1332; x_wconf 89' lang='lat' dir='ltr'><strong>ferent.</strong></span> 
     </span>
     <span class='ocr_line' id='line_1_15' title="bbox 250 1353 1315 1402; baseline 0.005 -7"><span class='ocrx_word' id='word_1_96' title='bbox 250 1353 349 1396; x_wconf 87' lang='lat' dir='ltr'><strong>Nec</strong></span> <span class='ocrx_word' id='word_1_97' title='bbox 368 1355 445 1396; x_wconf 90' lang='lat' dir='ltr'><strong>tibi</strong></span> <span class='ocrx_word' id='word_1_98' title='bbox 464 1358 655 1396; x_wconf 82' lang='lat' dir='ltr'><strong>cessaret</strong></span> <span class='ocrx_word' id='word_1_99' title='bbox 672 1354 828 1395; x_wconf 86' lang='lat' dir='ltr'><strong>doctus</strong></span> <span class='ocrx_word' id='word_1_100' title='bbox 848 1356 957 1396; x_wconf 90' lang='lat' dir='ltr'><strong>bene</strong></span> <span class='ocrx_word' id='word_1_101' title='bbox 977 1356 1125 1397; x_wconf 83' lang='lat' dir='ltr'><strong>dicere</strong></span> <span class='ocrx_word' id='word_1_102' title='bbox 1144 1356 1285 1398; x_wconf 86' lang='lat' dir='ltr'><strong>lector</strong></span> <span class='ocrx_word' id='word_1_103' title='bbox 1303 1370 1315 1402; x_wconf 86' lang='grc'>;</span> 
     </span>
     <span class='ocr_line' id='line_1_16' title="bbox 310 1421 1708 1464; baseline 0.001 -2"><span class='ocrx_word' id='word_1_104' title='bbox 310 1421 401 1463; x_wconf 82' lang='grc' dir='ltr'><strong>Ηίο</strong></span> <span class='ocrx_word' id='word_1_105' title='bbox 422 1422 501 1463; x_wconf 89' lang='lat' dir='ltr'><strong>tibi</strong></span> <span class='ocrx_word' id='word_1_106' title='bbox 525 1425 698 1464; x_wconf 87' lang='lat' dir='ltr'><strong>servato</strong></span> <span class='ocrx_word' id='word_1_107' title='bbox 718 1426 819 1463; x_wconf 85' lang='lat' dir='ltr'><strong>vate</strong></span> <span class='ocrx_word' id='word_1_108' title='bbox 838 1427 1024 1464; x_wconf 87' lang='lat' dir='ltr'><strong>maneret</strong></span> <span class='ocrx_word' id='word_1_109' title='bbox 1039 1423 1194 1464; x_wconf 92' lang='lat' dir='ltr'><strong>honor.</strong></span> <span class='ocrx_word' id='word_1_110' title='bbox 1655 1425 1708 1464; x_wconf 76' lang='lat'><strong>10</strong></span> 
     </span>
     <span class='ocr_line' id='line_1_17' title="bbox 253 1486 1478 1542; baseline 0.002 -14"><span class='ocrx_word' id='word_1_111' title='bbox 253 1486 445 1530; x_wconf 72' lang='lat' dir='ltr'><strong>Caesaris</strong></span> <span class='ocrx_word' id='word_1_112' title='bbox 462 1492 532 1529; x_wconf 89' lang='lat' dir='ltr'><strong>est</strong></span> <span class='ocrx_word' id='word_1_113' title='bbox 549 1489 738 1542; x_wconf 89' lang='lat' dir='ltr'><strong>primum</strong></span> <span class='ocrx_word' id='word_1_114' title='bbox 757 1501 932 1538; x_wconf 83' lang='lat' dir='ltr'><strong>munuS,</strong></span> <span class='ocrx_word' id='word_1_115' title='bbox 955 1489 1075 1541; x_wconf 87' lang='lat' dir='ltr'><strong>quod</strong></span> <span class='ocrx_word' id='word_1_116' title='bbox 1098 1490 1301 1531; x_wconf 87' lang='lat' dir='ltr'><strong>ducimus</strong></span> <span class='ocrx_word' id='word_1_117' title='bbox 1321 1502 1451 1531; x_wconf 83' lang='lat' dir='ltr'><strong>auras</strong></span> <span class='ocrx_word' id='word_1_118' title='bbox 1470 1504 1478 1531; x_wconf 81' lang='lat' dir='ltr'>z</span> 
     </span>
     <span class='ocr_line' id='line_1_18' title="bbox 259 1553 1353 1609; baseline 0.002 -14"><span class='ocrx_word' id='word_1_119' title='bbox 259 1602 261 1605; x_wconf 23' lang='lat'>¹</span> <span class='ocrx_word' id='word_1_120' title='bbox 311 1553 470 1597; x_wconf 86' lang='lat' dir='ltr'><strong>Gratia</strong></span> <span class='ocrx_word' id='word_1_121' title='bbox 489 1558 590 1609; x_wconf 92' lang='lat' dir='ltr'><strong>post</strong></span> <span class='ocrx_word' id='word_1_122' title='bbox 607 1567 791 1609; x_wconf 87' lang='lat' dir='ltr'><strong>magnos</strong></span> <span class='ocrx_word' id='word_1_123' title='bbox 809 1558 876 1596; x_wconf 91' lang='lat' dir='ltr'><strong>est</strong></span> <span class='ocrx_word' id='word_1_124' title='bbox 894 1555 972 1596; x_wconf 90' lang='lat' dir='ltr'><strong>tibi</strong></span> <span class='ocrx_word' id='word_1_125' title='bbox 992 1555 1194 1597; x_wconf 86' lang='lat' dir='ltr'><strong>habenda</strong></span> <span class='ocrx_word' id='word_1_126' title='bbox 1213 1555 1353 1598; x_wconf 86' lang='lat' dir='ltr'><strong>Deos.</strong></span> 
     </span>
     <span class='ocr_line' id='line_1_19' title="bbox 254 1621 1340 1675; baseline 0.002 -12"><span class='ocrx_word' id='word_1_127' title='bbox 254 1622 335 1664; x_wconf 92' lang='lat' dir='ltr'><strong>Ille</strong></span> <span class='ocrx_word' id='word_1_128' title='bbox 354 1622 472 1663; x_wconf 85' lang='lat' dir='ltr'><strong>dedit</strong></span> <span class='ocrx_word' id='word_1_129' title='bbox 491 1622 658 1674; x_wconf 88' lang='lat' dir='ltr'><strong>vitam;</strong></span> <span class='ocrx_word' id='word_1_130' title='bbox 689 1627 755 1673; x_wconf 87' lang='lat' dir='ltr'><strong>tu,</strong></span> <span class='ocrx_word' id='word_1_131' title='bbox 779 1634 912 1675; x_wconf 88' lang='lat' dir='ltr'><strong>quam</strong></span> <span class='ocrx_word' id='word_1_132' title='bbox 932 1621 1051 1662; x_wconf 84' lang='lat' dir='ltr'><strong>dedit</strong></span> <span class='ocrx_word' id='word_1_133' title='bbox 1073 1622 1160 1674; x_wconf 90' lang='lat' dir='ltr'><strong>ille,</strong></span> <span class='ocrx_word' id='word_1_134' title='bbox 1181 1624 1340 1665; x_wconf 88' lang='lat' dir='ltr'><strong>tueris:</strong></span> 
     </span>
     <span class='ocr_line' id='line_1_20' title="bbox 311 1687 1171 1744; baseline 0.001 -16"><span class='ocrx_word' id='word_1_135' title='bbox 311 1687 369 1730; x_wconf 90' lang='lat' dir='ltr'><strong>Et</strong></span> <span class='ocrx_word' id='word_1_136' title='bbox 388 1689 499 1731; x_wconf 87' lang='lat' dir='ltr'><strong>facis</strong></span> <span class='ocrx_word' id='word_1_137' title='bbox 521 1694 705 1744; x_wconf 82' lang='lat' dir='ltr'><strong>accepto</strong></span> <span class='ocrx_word' id='word_1_138' title='bbox 725 1702 901 1731; x_wconf 88' lang='lat' dir='ltr'><strong>munere</strong></span> <span class='ocrx_word' id='word_1_139' title='bbox 921 1702 1055 1742; x_wconf 87' lang='lat' dir='ltr'><strong>posse</strong></span> <span class='ocrx_word' id='word_1_140' title='bbox 1072 1690 1171 1731; x_wconf 84' lang='lat' dir='ltr'><strong>frui.</strong></span> 
     </span>
     <span class='ocr_line' id='line_1_21' title="bbox 255 1755 1711 1812; baseline 0.002 -15"><span class='ocrx_word' id='word_1_141' title='bbox 255 1755 452 1812; x_wconf 85' lang='lat' dir='ltr'><strong>Cumque</strong></span> <span class='ocrx_word' id='word_1_142' title='bbox 472 1756 760 1811; x_wconf 85' lang='lat' dir='ltr'><strong>perhorruerit</strong></span> <span class='ocrx_word' id='word_1_143' title='bbox 779 1769 910 1798; x_wconf 83' lang='lat' dir='ltr'><strong>casus</strong></span> <span class='ocrx_word' id='word_1_144' title='bbox 929 1770 1032 1811; x_wconf 84' lang='lat' dir='ltr'><strong>pars</strong></span> <span class='ocrx_word' id='word_1_145' title='bbox 1051 1758 1250 1801; x_wconf 83' lang='lat' dir='ltr'><strong>maxima</strong></span> <span class='ocrx_word' id='word_1_146' title='bbox 1268 1763 1454 1810; x_wconf 84' lang='lat' dir='ltr'><strong>nostros,</strong></span> <span class='ocrx_word' id='word_1_147' title='bbox 1657 1761 1711 1802; x_wconf 83' lang='lat'><strong>15</strong></span> 
     </span>
     <span class='ocr_line' id='line_1_22' title="bbox 313 1823 1150 1879; baseline 0.002 -14"><span class='ocrx_word' id='word_1_148' title='bbox 313 1823 424 1866; x_wconf 87' lang='lat' dir='ltr'><strong>Pars</strong></span> <span class='ocrx_word' id='word_1_149' title='bbox 443 1824 576 1866; x_wconf 88' lang='lat' dir='ltr'><strong>etiam</strong></span> <span class='ocrx_word' id='word_1_150' title='bbox 595 1824 712 1866; x_wconf 89' lang='lat' dir='ltr'><strong>credi</strong></span> <span class='ocrx_word' id='word_1_151' title='bbox 732 1825 1009 1879; x_wconf 87' lang='lat' dir='ltr'><strong>pertimuisse</strong></span> <span class='ocrx_word' id='word_1_152' title='bbox 1028 1826 1150 1876; x_wconf 89' lang='lat' dir='ltr'><strong>velit,</strong></span> 
     </span>
    </p>
   </div>
   <div class='ocr_carea' id='block_1_6' title="bbox 245 1933 1714 2312">
    <p class='ocr_par' dir='ltr' id='par_1_6' title="bbox 245 1933 1714 2187">
     <span class='ocr_line' id='line_1_23' title="bbox 301 1933 1714 1976; baseline 0.001 -12"><span class='ocrx_word' id='word_1_153' title='bbox 301 1934 331 1964; x_wconf 93' lang='grc' dir='ltr'><em>Ο</em></span> <span class='ocrx_word' id='word_1_154' title='bbox 353 1933 383 1965; x_wconf 80' lang='lat' dir='ltr'><strong>si</strong></span> <span class='ocrx_word' id='word_1_155' title='bbox 405 1935 580 1966; x_wconf 80' lang='lat' dir='ltr'><strong>concederes</strong></span> <span class='ocrx_word' id='word_1_156' title='bbox 601 1937 656 1966; x_wconf 74' lang='lat' dir='ltr'><strong>tua</strong></span> <span class='ocrx_word' id='word_1_157' title='bbox 671 1935 796 1967; x_wconf 80' lang='lat' dir='ltr'><strong>nomina</strong></span> <span class='ocrx_word' id='word_1_158' title='bbox 810 1935 906 1967; x_wconf 79' lang='lat' dir='ltr'><strong>inseri</strong></span> <span class='ocrx_word' id='word_1_159' title='bbox 920 1935 1036 1967; x_wconf 75' lang='lat' dir='ltr'><strong>nostris</strong></span> <span class='ocrx_word' id='word_1_160' title='bbox 1050 1935 1199 1976; x_wconf 79' lang='lat' dir='ltr'><strong>versibus,</strong></span> <span class='ocrx_word' id='word_1_161' title='bbox 1224 1945 1316 1976; x_wconf 82' lang='lat' dir='ltr'><strong>quam</strong></span> <span class='ocrx_word' id='word_1_162' title='bbox 1337 1944 1417 1975; x_wconf 85' lang='lat' dir='ltr'><strong>saepe</strong></span> <span class='ocrx_word' id='word_1_163' title='bbox 1431 1943 1510 1965; x_wconf 78' lang='lat' dir='ltr'><strong>esses</strong></span> <span class='ocrx_word' id='word_1_164' title='bbox 1523 1944 1542 1964; x_wconf 86' lang='lat' dir='ltr'><em>a</em></span> <span class='ocrx_word' id='word_1_165' title='bbox 1559 1944 1604 1964; x_wconf 78' lang='lat' dir='ltr'><strong>me</strong></span> <span class='ocrx_word' id='word_1_166' title='bbox 1619 1933 1714 1966; x_wconf 73' lang='lat' dir='ltr'><strong>inser-</strong></span> 
     </span>
     <span class='ocr_line' id='line_1_24' title="bbox 254 1976 1712 2019; baseline 0.001 -12"><span class='ocrx_word' id='word_1_167' title='bbox 254 1979 307 2007; x_wconf 75' lang='lat' dir='ltr'><strong>tus</strong></span> <span class='ocrx_word' id='word_1_168' title='bbox 320 1976 335 2008; x_wconf 92' lang='lat'><em>!</em></span> <span class='ocrx_word' id='word_1_169' title='bbox 379 1978 558 2009; x_wconf 80' lang='lat' dir='ltr'><strong>Recordans</strong></span> <span class='ocrx_word' id='word_1_170' title='bbox 572 1977 786 2019; x_wconf 84' lang='lat' dir='ltr'><strong>beneficiorum</strong></span> <span class='ocrx_word' id='word_1_171' title='bbox 801 1981 832 2009; x_wconf 87' lang='lat' dir='ltr'><strong>te</strong></span> <span class='ocrx_word' id='word_1_172' title='bbox 846 1987 942 2009; x_wconf 82' lang='lat' dir='ltr'><strong>unum</strong></span> <span class='ocrx_word' id='word_1_173' title='bbox 955 1979 1136 2015; x_wconf 83' lang='lat' dir='ltr'><strong>laudarem;</strong></span> <span class='ocrx_word' id='word_1_174' title='bbox 1150 1988 1245 2019; x_wconf 81' lang='lat' dir='ltr'><strong>neque</strong></span> <span class='ocrx_word' id='word_1_175' title='bbox 1266 1977 1330 2008; x_wconf 79' lang='lat' dir='ltr'><strong>ulla</strong></span> <span class='ocrx_word' id='word_1_176' title='bbox 1349 1977 1465 2019; x_wconf 74' lang='lat' dir='ltr'><strong>pagina</strong></span> <span class='ocrx_word' id='word_1_177' title='bbox 1479 1980 1569 2007; x_wconf 77' lang='lat' dir='ltr'><strong>aucta</strong></span> <span class='ocrx_word' id='word_1_178' title='bbox 1585 1980 1662 2008; x_wconf 82' lang='lat' dir='ltr'><strong>esset</strong></span> <span class='ocrx_word' id='word_1_179' title='bbox 1679 1979 1712 2008; x_wconf 79' lang='lat' dir='ltr'><strong>in</strong></span> 
     </span>
     <span class='ocr_line' id='line_1_25' title="bbox 255 2018 1711 2061; baseline 0 -12"><span class='ocrx_word' id='word_1_180' title='bbox 255 2019 331 2050; x_wconf 80' lang='lat' dir='ltr'><strong>meis</strong></span> <span class='ocrx_word' id='word_1_181' title='bbox 344 2018 455 2051; x_wconf 81' lang='lat' dir='ltr'><strong>libellis</strong></span> <span class='ocrx_word' id='word_1_182' title='bbox 466 2020 533 2051; x_wconf 81' lang='lat' dir='ltr'><strong>sine</strong></span> <span class='ocrx_word' id='word_1_183' title='bbox 547 2024 589 2052; x_wconf 85' lang='lat' dir='ltr'><strong>te.</strong></span> <span class='ocrx_word' id='word_1_184' title='bbox 636 2022 877 2059; x_wconf 78' lang='lat' dir='ltr'><strong>Cognosceretur</strong></span> <span class='ocrx_word' id='word_1_185' title='bbox 891 2021 925 2051; x_wconf 83' lang='lat' dir='ltr'><strong>in</strong></span> <span class='ocrx_word' id='word_1_186' title='bbox 940 2024 1006 2052; x_wconf 81' lang='lat' dir='ltr'><strong>tota</strong></span> <span class='ocrx_word' id='word_1_187' title='bbox 1026 2021 1107 2052; x_wconf 88' lang='lat' dir='ltr'><strong>Urbe</strong></span> <span class='ocrx_word' id='word_1_188' title='bbox 1122 2021 1196 2061; x_wconf 81' lang='lat' dir='ltr'><strong>quid</strong></span> <span class='ocrx_word' id='word_1_189' title='bbox 1210 2020 1269 2051; x_wconf 80' lang='lat' dir='ltr'><strong>tibi</strong></span> <span class='ocrx_word' id='word_1_190' title='bbox 1282 2020 1421 2051; x_wconf 84' lang='lat' dir='ltr'><strong>deberem</strong></span> <span class='ocrx_word' id='word_1_191' title='bbox 1432 2030 1444 2056; x_wconf 91' lang='lat'><strong>‚·</strong></span> <span class='ocrx_word' id='word_1_192' title='bbox 1466 2019 1495 2049; x_wconf 74' lang='lat' dir='ltr'><strong>si</strong></span> <span class='ocrx_word' id='word_1_193' title='bbox 1516 2023 1619 2050; x_wconf 80' lang='lat' dir='ltr'><strong>tamen</strong></span> <span class='ocrx_word' id='word_1_194' title='bbox 1641 2029 1711 2060; x_wconf 78' lang='lat' dir='ltr'><strong>pro-</strong></span> 
     </span>
     <span class='ocr_line' id='line_1_26' title="bbox 245 2061 1713 2105; baseline 0 -13"><span class='ocrx_word' id='word_1_195' title='bbox 245 2061 350 2100; x_wconf 73' lang='lat' dir='ltr'><strong>fugus</strong></span> <span class='ocrx_word' id='word_1_196' title='bbox 364 2063 450 2101; x_wconf 82' lang='lat' dir='ltr'><strong>legor</strong></span> <span class='ocrx_word' id='word_1_197' title='bbox 472 2063 507 2093; x_wconf 76' lang='lat' dir='ltr'><strong>in</strong></span> <span class='ocrx_word' id='word_1_198' title='bbox 532 2063 616 2094; x_wconf 85' lang='lat' dir='ltr'><strong>Urbe</strong></span> <span class='ocrx_word' id='word_1_199' title='bbox 627 2063 752 2094; x_wconf 80' lang='lat' dir='ltr'><strong>amissa.</strong></span> <span class='ocrx_word' id='word_1_200' title='bbox 797 2063 868 2094; x_wconf 79' lang='lat' dir='ltr'><strong>Hoc</strong></span> <span class='ocrx_word' id='word_1_201' title='bbox 881 2064 1025 2095; x_wconf 79' lang='lat' dir='ltr'><strong>soeculum</strong></span> <span class='ocrx_word' id='word_1_202' title='bbox 1040 2064 1133 2095; x_wconf 79' lang='lat' dir='ltr'><strong>sciret</strong></span> <span class='ocrx_word' id='word_1_203' title='bbox 1148 2067 1179 2095; x_wconf 82' lang='lat' dir='ltr'><strong>te</strong></span> <span class='ocrx_word' id='word_1_204' title='bbox 1197 2063 1373 2105; x_wconf 73' lang='lat' dir='ltr'><strong>beneficum,</strong></span> <span class='ocrx_word' id='word_1_205' title='bbox 1387 2062 1587 2093; x_wconf 79' lang='lat' dir='ltr'><strong>novissimum</strong></span> <span class='ocrx_word' id='word_1_206' title='bbox 1600 2065 1631 2092; x_wconf 76' lang='lat' dir='ltr'><strong>te</strong></span> <span class='ocrx_word' id='word_1_207' title='bbox 1646 2072 1713 2093; x_wconf 83' lang='lat' dir='ltr'><strong>nos·</strong></span> 
     </span>
     <span class='ocr_line' id='line_1_27' title="bbox 255 2104 1713 2146; baseline 0.002 -13"><span class='ocrx_word' id='word_1_208' title='bbox 255 2107 327 2139; x_wconf 70' lang='lat' dir='ltr'><strong>set,-</strong></span> <span class='ocrx_word' id='word_1_209' title='bbox 349 2105 377 2134; x_wconf 77' lang='lat' dir='ltr'><strong>si</strong></span> <span class='ocrx_word' id='word_1_210' title='bbox 401 2105 509 2135; x_wconf 82' lang='lat' dir='ltr'><strong>saltem</strong></span> <span class='ocrx_word' id='word_1_211' title='bbox 532 2109 638 2135; x_wconf 79' lang='lat' dir='ltr'><strong>nostra</strong></span> <span class='ocrx_word' id='word_1_212' title='bbox 663 2106 781 2145; x_wconf 83' lang='lat' dir='ltr'><strong>scripta</strong></span> <span class='ocrx_word' id='word_1_213' title='bbox 797 2106 958 2145; x_wconf 81' lang='lat' dir='ltr'><strong>patientur</strong></span> <span class='ocrx_word' id='word_1_214' title='bbox 971 2109 1167 2138; x_wconf 80' lang='lat' dir='ltr'><strong>vetustatem.</strong></span> <span class='ocrx_word' id='word_1_215' title='bbox 1211 2106 1319 2146; x_wconf 84' lang='lat' dir='ltr'><strong>Neque</strong></span> <span class='ocrx_word' id='word_1_216' title='bbox 1333 2106 1440 2135; x_wconf 82' lang='lat' dir='ltr'><strong>doctus</strong></span> <span class='ocrx_word' id='word_1_217' title='bbox 1454 2106 1550 2136; x_wconf 78' lang='lat' dir='ltr'><strong>lector</strong></span> <span class='ocrx_word' id='word_1_218' title='bbox 1563 2104 1713 2135; x_wconf 83' lang='lat' dir='ltr'><strong>desineret</strong></span> 
     </span>
     <span class='ocr_line' id='line_1_28' title="bbox 256 2145 1711 2187; baseline 0.001 -12"><span class='ocrx_word' id='word_1_219' title='bbox 256 2145 316 2175; x_wconf 71' lang='lat' dir='ltr'><strong>tibi</strong></span> <span class='ocrx_word' id='word_1_220' title='bbox 330 2146 402 2176; x_wconf 84' lang='lat' dir='ltr'><strong>bene</strong></span> <span class='ocrx_word' id='word_1_221' title='bbox 414 2147 557 2186; x_wconf 77' lang='lat' dir='ltr'><strong>precari:</strong></span> <span class='ocrx_word' id='word_1_222' title='bbox 580 2147 630 2176; x_wconf 77' lang='lat' dir='ltr'><strong>hic</strong></span> <span class='ocrx_word' id='word_1_223' title='bbox 661 2147 755 2177; x_wconf 79' lang='lat' dir='ltr'><strong>honor</strong></span> <span class='ocrx_word' id='word_1_224' title='bbox 777 2147 836 2177; x_wconf 76' lang='lat' dir='ltr'><strong>tibi</strong></span> <span class='ocrx_word' id='word_1_225' title='bbox 858 2151 996 2178; x_wconf 82' lang='lat' dir='ltr'><strong>maneret</strong></span> <span class='ocrx_word' id='word_1_226' title='bbox 1019 2149 1117 2178; x_wconf 72' lang='lat' dir='ltr'><strong>Poeta</strong></span> <span class='ocrx_word' id='word_1_227' title='bbox 1138 2151 1269 2179; x_wconf 85' lang='lat' dir='ltr'><strong>servato.</strong></span> <span class='ocrx_word' id='word_1_228' title='bbox 1314 2148 1458 2178; x_wconf 77' lang='lat' dir='ltr'><strong>Primum</strong></span> <span class='ocrx_word' id='word_1_229' title='bbox 1473 2150 1519 2177; x_wconf 80' lang='lat' dir='ltr'><strong>est</strong></span> <span class='ocrx_word' id='word_1_230' title='bbox 1535 2146 1711 2187; x_wconf 68' lang='lat' dir='ltr'><strong>beneficium</strong></span> 
     </span>
    </p>

    <p class='ocr_par' dir='ltr' id='par_1_7' title="bbox 258 2187 1713 2312">
     <span class='ocr_line' id='line_1_29' title="bbox 262 2187 1713 2228; baseline 0.001 -12"><span class='ocrx_word' id='word_1_231' title='bbox 262 2187 397 2218; x_wconf 73' lang='lat' dir='ltr'><strong>Caesaris</strong></span> <span class='ocrx_word' id='word_1_232' title='bbox 422 2189 501 2227; x_wconf 78' lang='lat' dir='ltr'><strong>quod</strong></span> <span class='ocrx_word' id='word_1_233' title='bbox 515 2188 581 2217; x_wconf 81' lang='lat' dir='ltr'><strong>vita</strong></span> <span class='ocrx_word' id='word_1_234' title='bbox 589 2187 730 2225; x_wconf 82' lang='lat' dir='ltr'><strong>fruimur</strong></span> <span class='ocrx_word' id='word_1_235' title='bbox 741 2198 751 2218; x_wconf 87' lang='lat'><strong>.·</strong></span> <span class='ocrx_word' id='word_1_236' title='bbox 771 2189 879 2226; x_wconf 82' lang='lat' dir='ltr'><strong>gratia</strong></span> <span class='ocrx_word' id='word_1_237' title='bbox 894 2193 939 2219; x_wconf 85' lang='lat' dir='ltr'><strong>est</strong></span> <span class='ocrx_word' id='word_1_238' title='bbox 954 2189 1013 2219; x_wconf 75' lang='lat' dir='ltr'><strong>tibi</strong></span> <span class='ocrx_word' id='word_1_239' title='bbox 1029 2190 1168 2219; x_wconf 76' lang='lat' dir='ltr'><strong>habenda</strong></span> <span class='ocrx_word' id='word_1_240' title='bbox 1181 2193 1252 2228; x_wconf 79' lang='lat' dir='ltr'><strong>post</strong></span> <span class='ocrx_word' id='word_1_241' title='bbox 1265 2198 1393 2226; x_wconf 81' lang='lat' dir='ltr'><strong>magnos</strong></span> <span class='ocrx_word' id='word_1_242' title='bbox 1413 2188 1508 2218; x_wconf 83' lang='lat' dir='ltr'><strong>Deos.</strong></span> <span class='ocrx_word' id='word_1_243' title='bbox 1554 2188 1611 2217; x_wconf 86' lang='lat' dir='ltr'><strong>Ille</strong></span> <span class='ocrx_word' id='word_1_244' title='bbox 1631 2197 1713 2226; x_wconf 70' lang='grc' dir='ltr'><strong>μνω-</strong></span> 
     </span>
     <span class='ocr_line' id='line_1_30' title="bbox 258 2227 1711 2269; baseline 0.002 -11"><span class='ocrx_word' id='word_1_245' title='bbox 258 2227 326 2259; x_wconf 73' lang='lat' dir='ltr'><strong>buit</strong></span> <span class='ocrx_word' id='word_1_246' title='bbox 339 2229 435 2259; x_wconf 78' lang='lat' dir='ltr'><strong>vitam</strong></span> <span class='ocrx_word' id='word_1_247' title='bbox 446 2239 458 2265; x_wconf 92' lang='lat'><em>;</em></span> <span class='ocrx_word' id='word_1_248' title='bbox 481 2232 515 2260; x_wconf 81' lang='lat' dir='ltr'><strong>lu</strong></span> <span class='ocrx_word' id='word_1_249' title='bbox 529 2228 669 2266; x_wconf 81' lang='lat' dir='ltr'><strong>defendis</strong></span> <span class='ocrx_word' id='word_1_250' title='bbox 681 2239 772 2268; x_wconf 80' lang='lat' dir='ltr'><strong>quam</strong></span> <span class='ocrx_word' id='word_1_251' title='bbox 786 2230 838 2260; x_wconf 82' lang='lat' dir='ltr'><strong>ille</strong></span> <span class='ocrx_word' id='word_1_252' title='bbox 852 2230 985 2269; x_wconf 76' lang='lat' dir='ltr'><strong>largitus</strong></span> <span class='ocrx_word' id='word_1_253' title='bbox 999 2234 1045 2260; x_wconf 78' lang='lat' dir='ltr'><strong>est</strong></span> <span class='ocrx_word' id='word_1_254' title='bbox 1058 2242 1067 2260; x_wconf 88' lang='grc'><strong>.-</strong></span> <span class='ocrx_word' id='word_1_255' title='bbox 1091 2231 1214 2266; x_wconf 80' lang='lat' dir='ltr'><strong>etfacis</strong></span> <span class='ocrx_word' id='word_1_256' title='bbox 1228 2233 1262 2260; x_wconf 77' lang='lat' dir='ltr'><strong>ut</strong></span> <span class='ocrx_word' id='word_1_257' title='bbox 1278 2230 1369 2260; x_wconf 80' lang='lat' dir='ltr'><strong>liceat</strong></span> <span class='ocrx_word' id='word_1_258' title='bbox 1387 2229 1460 2266; x_wconf 76' lang='lat' dir='ltr'><strong>frui</strong></span> <span class='ocrx_word' id='word_1_259' title='bbox 1475 2231 1553 2259; x_wconf 79' lang='lat' dir='ltr'><strong>dono</strong></span> <span class='ocrx_word' id='word_1_260' title='bbox 1577 2233 1711 2268; x_wconf 75' lang='lat' dir='ltr'><strong>accepto.</strong></span> 
     </span>
     <span class='ocr_line' id='line_1_31' title="bbox 261 2270 1712 2312; baseline 0 -10"><span class='ocrx_word' id='word_1_261' title='bbox 261 2271 305 2301; x_wconf 78' lang='lat' dir='ltr'><strong>Et</strong></span> <span class='ocrx_word' id='word_1_262' title='bbox 331 2280 400 2302; x_wconf 83' lang='lat' dir='ltr'><strong>cum</strong></span> <span class='ocrx_word' id='word_1_263' title='bbox 426 2281 500 2312; x_wconf 86' lang='lat' dir='ltr'><strong>pars</strong></span> <span class='ocrx_word' id='word_1_264' title='bbox 528 2271 665 2301; x_wconf 75' lang='lat' dir='ltr'><strong>maxima</strong></span> <span class='ocrx_word' id='word_1_265' title='bbox 692 2271 849 2302; x_wconf 75' lang='lat' dir='ltr'><strong>horruerit</strong></span> <span class='ocrx_word' id='word_1_266' title='bbox 875 2271 1047 2308; x_wconf 80' lang='lat' dir='ltr'><strong>infortunia</strong></span> <span class='ocrx_word' id='word_1_267' title='bbox 1073 2275 1192 2310; x_wconf 79' lang='lat' dir='ltr'><strong>nostra,</strong></span> <span class='ocrx_word' id='word_1_268' title='bbox 1214 2280 1288 2311; x_wconf 84' lang='lat' dir='ltr'><strong>pars</strong></span> <span class='ocrx_word' id='word_1_269' title='bbox 1310 2280 1423 2311; x_wconf 79' lang='lat' dir='ltr'><strong>quoque</strong></span> <span class='ocrx_word' id='word_1_270' title='bbox 1447 2270 1521 2301; x_wconf 69' lang='lat' dir='ltr'><strong>velit</strong></span> <span class='ocrx_word' id='word_1_271' title='bbox 1535 2271 1712 2302; x_wconf 72' lang='lat' dir='ltr'><strong>existimari</strong></span> 
     </span>
    </p>
   </div>
   <div class='ocr_carea' id='block_1_7' title="bbox 870 2354 1103 2365">
    <p class='ocr_par' dir='ltr' id='par_1_8' title="bbox 870 2354 1103 2365">
     <span class='ocr_line' id='line_1_32' title="bbox 870 2354 1103 2365; baseline -0.004 0"><span class='ocrx_word' id='word_1_272' title='bbox 870 2354 1103 2365; x_wconf 63' lang='lat' dir='ltr'><strong>eeeeeeeeee</strong></span> 
     </span>
    </p>
   </div>
   <div class='ocr_carea' id='block_1_8' title="bbox 304 2406 1712 2448">
    <p class='ocr_par' dir='ltr' id='par_1_9' title="bbox 304 2406 1712 2448">
     <span class='ocr_line' id='line_1_33' title="bbox 304 2406 1712 2448; baseline 0 -10"><span class='ocrx_word' id='word_1_273' title='bbox 304 2411 322 2438; x_wconf 87' lang='lat'>5</span> <span class='ocrx_word' id='word_1_274' title='bbox 348 2408 513 2448; x_wconf 85' lang='lat' dir='ltr'><strong>Excerpt.</strong></span> <span class='ocrx_word' id='word_1_275' title='bbox 542 2408 641 2439; x_wconf 89' lang='lat' dir='ltr'><strong>Voss.</strong></span> <span class='ocrx_word' id='word_1_276' title='bbox 667 2412 703 2439; x_wconf 86' lang='lat' dir='ltr'><strong>et</strong></span> <span class='ocrx_word' id='word_1_277' title='bbox 729 2411 798 2438; x_wconf 86' lang='lat' dir='ltr'><strong>tres</strong></span> <span class='ocrx_word' id='word_1_278' title='bbox 829 2407 949 2448; x_wconf 82' lang='lat' dir='ltr'><strong>scripti</strong></span> <span class='ocrx_word' id='word_1_279' title='bbox 975 2406 1223 2439; x_wconf 79' lang='lat' dir='ltr'><strong>toto...0rbe.—6</strong></span> <span class='ocrx_word' id='word_1_280' title='bbox 1247 2406 1350 2438; x_wconf 84' lang='lat' dir='ltr'><strong>Multi</strong></span> <span class='ocrx_word' id='word_1_281' title='bbox 1375 2407 1460 2446; x_wconf 73' lang='lat' dir='ltr'><strong>legar</strong></span> <span class='ocrx_word' id='word_1_282' title='bbox 1487 2416 1548 2446; x_wconf 90' lang='lat' dir='ltr'><strong>pro</strong></span> <span class='ocrx_word' id='word_1_283' title='bbox 1571 2407 1712 2446; x_wconf 74' lang='lat' dir='ltr'><strong>legor.—</strong></span> 
     </span>
    </p>
   </div>
   <div class='ocr_carea' id='block_1_9' title="bbox 262 2448 1712 2533">
    <p class='ocr_par' dir='ltr' id='par_1_10' title="bbox 262 2448 1712 2533">
     <span class='ocr_line' id='line_1_34' title="bbox 264 2448 1712 2491; baseline -0.001 -10"><span class='ocrx_word' id='word_1_284' title='bbox 264 2455 283 2482; x_wconf 77' lang='grc' dir='ltr'>ὃ</span> <span class='ocrx_word' id='word_1_285' title='bbox 312 2450 423 2482; x_wconf 82' lang='lat' dir='ltr'><strong>Ferent</strong></span> <span class='ocrx_word' id='word_1_286' title='bbox 442 2451 563 2481; x_wconf 78' lang='lat' dir='ltr'><strong>Heius.</strong></span> <span class='ocrx_word' id='word_1_287' title='bbox 580 2450 676 2481; x_wconf 86' lang='lat' dir='ltr'><strong>dedit</strong></span> <span class='ocrx_word' id='word_1_288' title='bbox 691 2460 734 2481; x_wconf 89' lang='lat' dir='ltr'><strong>ex</strong></span> <span class='ocrx_word' id='word_1_289' title='bbox 750 2451 896 2491; x_wconf 85' lang='lat' dir='ltr'><strong>quinque</strong></span> <span class='ocrx_word' id='word_1_290' title='bbox 914 2454 998 2481; x_wconf 89' lang='lat' dir='ltr'><strong>vett.</strong></span> <span class='ocrx_word' id='word_1_291' title='bbox 1013 2459 1074 2491; x_wconf 88' lang='lat' dir='ltr'><strong>pro</strong></span> <span class='ocrx_word' id='word_1_292' title='bbox 1089 2450 1179 2489; x_wconf 83' lang='lat' dir='ltr'><strong>vulg.</strong></span> <span class='ocrx_word' id='word_1_293' title='bbox 1197 2449 1405 2488; x_wconf 82' lang='lat' dir='ltr'><strong>ferunt.—10</strong></span> <span class='ocrx_word' id='word_1_294' title='bbox 1429 2448 1497 2479; x_wconf 84' lang='lat' dir='ltr'><strong>Alii</strong></span> <span class='ocrx_word' id='word_1_295' title='bbox 1514 2452 1544 2480; x_wconf 85' lang='lat' dir='ltr'><strong>te</strong></span> <span class='ocrx_word' id='word_1_296' title='bbox 1563 2459 1623 2488; x_wconf 80' lang='lat' dir='ltr'><strong>pro</strong></span> <span class='ocrx_word' id='word_1_297' title='bbox 1639 2450 1712 2481; x_wconf 82' lang='lat' dir='ltr'><strong>tibi.</strong></span> 
     </span>
     <span class='ocr_line' id='line_1_35' title="bbox 262 2492 1710 2533; baseline 0 -9"><span class='ocrx_word' id='word_1_298' title='bbox 262 2496 344 2524; x_wconf 81' lang='lat' dir='ltr'><strong>-u</strong></span> <span class='ocrx_word' id='word_1_299' title='bbox 371 2494 451 2524; x_wconf 89' lang='lat' dir='ltr'><strong>Lov.</strong></span> <span class='ocrx_word' id='word_1_300' title='bbox 467 2495 546 2533; x_wconf 80' lang='lat' dir='ltr'><strong>quod</strong></span> <span class='ocrx_word' id='word_1_301' title='bbox 569 2493 716 2523; x_wconf 81' lang='lat' dir='ltr'><strong>duximus</strong></span> <span class='ocrx_word' id='word_1_302' title='bbox 731 2503 799 2525; x_wconf 83' lang='lat' dir='ltr'><strong>aur.</strong></span> <span class='ocrx_word' id='word_1_303' title='bbox 823 2499 859 2524; x_wconf 86' lang='lat' dir='ltr'><strong>et</strong></span> <span class='ocrx_word' id='word_1_304' title='bbox 877 2498 945 2524; x_wconf 79' lang='lat' dir='ltr'><strong>tres</strong></span> <span class='ocrx_word' id='word_1_305' title='bbox 962 2492 1039 2523; x_wconf 83' lang='lat' dir='ltr'><strong>libri</strong></span> <span class='ocrx_word' id='word_1_306' title='bbox 1064 2495 1267 2523; x_wconf 65' lang='lat' dir='ltr'><strong>auram—13</strong></span> <span class='ocrx_word' id='word_1_307' title='bbox 1293 2492 1345 2523; x_wconf 81' lang='lat' dir='ltr'><strong>Ex</strong></span> <span class='ocrx_word' id='word_1_308' title='bbox 1359 2492 1401 2522; x_wconf 93' lang='lat' dir='ltr'><strong>V.</strong></span> <span class='ocrx_word' id='word_1_309' title='bbox 1428 2496 1464 2522; x_wconf 83' lang='lat' dir='ltr'><strong>et</strong></span> <span class='ocrx_word' id='word_1_310' title='bbox 1480 2492 1541 2523; x_wconf 85' lang='lat' dir='ltr'><strong>Ed.</strong></span> <span class='ocrx_word' id='word_1_311' title='bbox 1560 2493 1710 2524; x_wconf 83' lang='lat' dir='ltr'><strong>Plantin.</strong></span> 
     </span>
    </p>
   </div>
   <div class='ocr_carea' id='block_1_10' title="bbox 262 2534 1713 2620">
    <p class='ocr_par' dir='ltr' id='par_1_11' title="bbox 262 2534 1713 2620">
     <span class='ocr_line' id='line_1_36' title="bbox 262 2534 1713 2576; baseline 0 -9"><span class='ocrx_word' id='word_1_312' title='bbox 262 2535 423 2567; x_wconf 84' lang='lat' dir='ltr'><strong>Ciofanus</strong></span> <span class='ocrx_word' id='word_1_313' title='bbox 450 2534 581 2576; x_wconf 85' lang='lat' dir='ltr'><strong>profert</strong></span> <span class='ocrx_word' id='word_1_314' title='bbox 600 2536 802 2576; x_wconf 82' lang='lat' dir='ltr'><strong>quam...ille,·</strong></span> <span class='ocrx_word' id='word_1_315' title='bbox 827 2536 916 2576; x_wconf 83' lang='lat' dir='ltr'><strong>vulg.</strong></span> <span class='ocrx_word' id='word_1_316' title='bbox 940 2535 1156 2575; x_wconf 76' lang='lat' dir='ltr'><strong>quam...ipse,·</strong></span> <span class='ocrx_word' id='word_1_317' title='bbox 1180 2535 1218 2565; x_wconf 90' lang='lat' dir='ltr'><strong>P.</strong></span> <span class='ocrx_word' id='word_1_318' title='bbox 1246 2534 1435 2574; x_wconf 79' lang='lat' dir='ltr'><strong>quod...z&#39;11e,·</strong></span> <span class='ocrx_word' id='word_1_319' title='bbox 1459 2535 1541 2566; x_wconf 85' lang='lat' dir='ltr'><strong>Lov.</strong></span> <span class='ocrx_word' id='word_1_320' title='bbox 1564 2535 1713 2568; x_wconf 80' lang='lat' dir='ltr'><strong>cui...ille.</strong></span> 
     </span>
     <span class='ocr_line' id='line_1_37' title="bbox 263 2577 1712 2620; baseline -0.001 -10"><span class='ocrx_word' id='word_1_321' title='bbox 263 2581 346 2610; x_wconf 77' lang='lat'><strong>-15</strong></span> <span class='ocrx_word' id='word_1_322' title='bbox 370 2578 592 2610; x_wconf 76' lang='lat' dir='ltr'><strong>Perhorruerit</strong></span> <span class='ocrx_word' id='word_1_323' title='bbox 608 2588 651 2609; x_wconf 89' lang='lat' dir='ltr'><strong>ex</strong></span> <span class='ocrx_word' id='word_1_324' title='bbox 667 2582 797 2620; x_wconf 86' lang='lat' dir='ltr'><strong>septem</strong></span> <span class='ocrx_word' id='word_1_325' title='bbox 815 2578 1009 2610; x_wconf 84' lang='lat' dir='ltr'><strong>melioribus</strong></span> <span class='ocrx_word' id='word_1_326' title='bbox 1025 2578 1175 2618; x_wconf 84' lang='lat' dir='ltr'><strong>reposuit</strong></span> <span class='ocrx_word' id='word_1_327' title='bbox 1190 2577 1308 2608; x_wconf 80' lang='lat' dir='ltr'><strong>Heius.</strong></span> <span class='ocrx_word' id='word_1_328' title='bbox 1326 2586 1386 2617; x_wconf 87' lang='lat' dir='ltr'><strong>pro</strong></span> <span class='ocrx_word' id='word_1_329' title='bbox 1403 2577 1492 2618; x_wconf 86' lang='lat' dir='ltr'><strong>vulg.</strong></span> <span class='ocrx_word' id='word_1_330' title='bbox 1503 2578 1712 2618; x_wconf 76' lang='lat' dir='ltr'><strong>perhorreret.</strong></span> 
     </span>
    </p>
   </div>
   <div class='ocr_carea' id='block_1_11' title="bbox 310 2653 1709 2759">
    <p class='ocr_par' dir='ltr' id='par_1_12' title="bbox 310 2653 1709 2759">
     <span class='ocr_line' id='line_1_38' title="bbox 918 2653 1060 2687; baseline -0.014 0"><span class='ocrx_word' id='word_1_331' title='bbox 918 2653 1060 2687; x_wconf 84' lang='lat' dir='ltr'>NOTAE</span> 
     </span>
     <span class='ocr_line' id='line_1_39' title="bbox 310 2713 1709 2759; baseline 0.001 -14"><span class='ocrx_word' id='word_1_332' title='bbox 310 2718 349 2746; x_wconf 88' lang='lat'><strong>10</strong></span> <span class='ocrx_word' id='word_1_333' title='bbox 379 2716 471 2759; x_wconf 74' lang='lat' dir='ltr'><strong>Vate]</strong></span> <span class='ocrx_word' id='word_1_334' title='bbox 496 2718 554 2749; x_wconf 88' lang='lat' dir='ltr'><strong>Me</strong></span> <span class='ocrx_word' id='word_1_335' title='bbox 569 2717 704 2750; x_wconf 82' lang='lat' dir='ltr'><strong>Ovidio.</strong></span> <span class='ocrx_word' id='word_1_336' title='bbox 1055 2720 1094 2747; x_wconf 78' lang='lat'><strong>10</strong></span> <span class='ocrx_word' id='word_1_337' title='bbox 1123 2716 1219 2756; x_wconf 72' lang='lat' dir='ltr'><strong>Velit]</strong></span> <span class='ocrx_word' id='word_1_338' title='bbox 1248 2717 1296 2748; x_wconf 82' lang='lat' dir='ltr'><strong>Ut</strong></span> <span class='ocrx_word' id='word_1_339' title='bbox 1309 2716 1372 2748; x_wconf 87' lang='lat' dir='ltr'><strong>hoc</strong></span> <span class='ocrx_word' id='word_1_340' title='bbox 1389 2716 1489 2749; x_wconf 87' lang='lat' dir='ltr'><strong>modo</strong></span> <span class='ocrx_word' id='word_1_341' title='bbox 1505 2714 1589 2747; x_wconf 84' lang='lat' dir='ltr'><strong>male</strong></span> <span class='ocrx_word' id='word_1_342' title='bbox 1605 2713 1709 2746; x_wconf 78' lang='lat' dir='ltr'><strong>lidum</strong></span> 
     </span>
    </p>
   </div>
  </div>
 </body>
</html>
