1877 3193
251 162 366 206 2388
737 173 778 204 Ρ.
809 172 969 203 ovln11
1002 169 1214 201 NAsoms

251 269 477 322 Tempora
496 267 697 310 Phoebea
715 268 841 308 lauro
863 267 1084 319 cingetur3
1115 264 1272 318 quue,

308 336 460 386 Miles,
481 336 547 385 Io,
567 348 724 387 magna
743 348 870 383 voce,
892 334 1144 386 Triumphe,
1167 335 1308 373 canet.

252 404 359 458 Ipse
381 416 491 444 sono
512 402 755 456 plausuque
777 403 907 443 simul
926 402 1191 454 fremituque
1213 403 1448 442 canentum

311 471 610 524 Quadrijugos
631 483 779 510 cernes
801 483 921 522 saepe
941 470 1142 510 resistere
1164 480 1320 520 equos.

253 538 360 579 Inde
381 542 505 591 petes
527 550 685 587 arcem,
706 537 889 577 delubra
907 536 1098 578 faventia
1118 536 1257 587 votis;
1647 531 1707 572 55

311 604 368 645 Et
387 604 563 644 dabitur
581 604 734 644 merito
750 604 900 644 laurea
918 608 1024 644 vota
1044 602 1072 643 J
1077 604 1164 643 ovi.

255 672 371 713 Haec
392 685 470 723 ego
491 674 749 719 summotus,
771 683 859 722 qua
877 683 1073 722 possum,
1094 673 1238 711 mente
1258 669 1444 712 videbo:

312 738 462 791 Erepti
483 738 611 777 nobis
624 737 700 789 jus
717 737 851 777 habet
870 738 948 777 illa
965 737 1067 776 loci.

256 805 340 845 llla
360 818 438 858 per
458 805 694 844 immensas
715 803 931 856 spatiatur
951 803 1088 843 libera
1107 806 1268 843 terras:

314 871 368 911 In
387 871 553 911 coelum
575 871 706 911 celeri
728 870 926 923 pervenit
945 869 1019 909 illa
1038 869 1155 921 suga.
1651 868 1708 909 60

257 938 341 978 Illa
360 950 481 978 meos
502 937 657 977 oculos
678 936 868 976 mediam
889 935 1068 977 deducit
1088 936 1131 975 in
1152 935 1318 976 Urbem
1337 947 1347 985 ;

312 1003 540 1045 Immunes
561 1005 670 1045 tanti
690 1016 770 1045 nec
789 1004 893 1045 sinit
911 1016 1009 1045 esse
1026 1003 1143 1044 boni.

256 1134 403 1164 redimita
418 1134 505 1164 lauro
524 1133 667 1172 Phoebea,
682 1137 712 1164 et
727 1134 878 1173 cantabit,
895 1134 942 1171 Io,
960 1134 996 1164 Io
1015 1133 1191 1174 Triumphe,
1208 1135 1290 1164 elata
1305 1142 1384 1164 voce.
1403 1132 1474 1173 Ipse
1489 1131 1606 1164 videbis
1622 1141 1711 1172 equos

256 1175 457 1215 quadrijugos
482 1186 559 1215 soepe
585 1176 726 1206 resistere
748 1177 880 1215 strepitu
894 1180 925 1206 et
943 1178 1055 1215 plausu
1069 1180 1159 1215 atque
1167 1176 1302 1213 fremitu
1317 1176 1519 1207 cantantium.
1565 1175 1642 1206 Inde
1654 1174 1715 1205 ibis

256 1220 288 1248 in
303 1227 403 1248 arcem
419 1223 454 1248 et
475 1219 587 1258 templa
597 1217 740 1255 faventia
754 1219 854 1248 eolis.-
876 1221 907 1248 et
933 1219 1037 1248 laurea
1058 1218 1208 1257 promissa
1230 1217 1377 1258 offeretur
1392 1218 1466 1248 Jorz‘
1479 1218 1598 1249 merito.
1642 1217 1714 1255 Ego

256 1261 361 1300 pulsus
375 1270 410 1290 ea
425 1260 571 1300 aspiciam
586 1260 687 1290 animo
709 1270 766 1299 quo
781 1270 922 1300 possum:
943 1260 995 1290 ille
1023 1260 1111 1289 habet
1129 1260 1185 1297 jus
1206 1261 1263 1289 loci
1285 1260 1371 1290 nobis
1392 1260 1518 1291 sublati.
1562 1261 1621 1291 Ille
1637 1258 1715 1289 liber

257 1303 405 1333 discurrit
434 1313 489 1341 per
514 1305 617 1332 rastas
641 1305 761 1333 terras:
783 1303 836 1332 ille
860 1303 1033 1332 conscendit
1058 1303 1163 1332 caelum
1190 1301 1272 1331 bret-i
1288 1302 1376 1333 calle.
1422 1302 1480 1331 Ille
1494 1303 1619 1332 deducit
1634 1310 1716 1331 meos

258 1345 358 1375 oculos
372 1345 404 1375 in
425 1345 536 1375 Urbem
550 1345 680 1375 mediam
692 1355 704 1382 ;
727 1354 822 1385 neque
833 1345 957 1385 patitur
978 1354 1039 1375 esse
1059 1344 1199 1384 privatos
1224 1344 1304 1374 tanti
1330 1343 1409 1375 boni.
1454 1344 1557 1383 Atque
1581 1342 1716 1383 reperiet

871 1439 1102 1450 meet-eme

258 1508 300 1535 47
324 1504 365 1536 P.
385 1507 419 1534 et
437 1507 505 1534 tres
523 1503 580 1534 alii
596 1503 668 1534 vict.
685 1503 912 1535 traheris.-—-51
936 1503 1067 1535 Arund.
1089 1505 1167 1534 laur.
1183 1503 1318 1542 cingeris
1330 1515 1341 1540 ;
1366 1503 1514 1543 qu.—53
1543 1504 1716 1534 Canentum

262 1546 381 1577 Heius.
397 1546 493 1577 dedit
509 1555 552 1576 ex
568 1556 620 1586 pr.
637 1546 712 1576 Pol.
730 1555 780 1586 pr.
794 1547 837 1577 V.
852 1556 903 1586 pr.
917 1547 992 1577 Pal.
1006 1551 1040 1576 et
1053 1555 1112 1576 sex
1129 1546 1200 1576 aliis
1217 1555 1279 1585 pro
1295 1546 1385 1585 vulg.
1400 1547 1559 1582 cunentis;
1584 1546 1650 1577 duo
1666 1556 1716 1577 ca·

259 1592 386 1623 nentem
410 1588 526 1619 Comi).
540 1591 781 1628 paventes—54
797 1588 901 1619 Multi
919 1588 1129 1627 Quadrijuges
1144 1591 1311 1619 cerm—55
1330 1589 1391 1619 Be.
1402 1588 1498 1618 Serv.
1513 1593 1549 1620 et
1563 1592 1633 1619 tres
1644 1589 1716 1619 Ina.

258 1634 366 1671 petent
381 1641 443 1661 arc.
468 1636 536 1661 tres
554 1631 609 1660 alii
627 1634 749 1670 petunt.
802 1630 891 1661 Olim
912 1631 1126 1661 scribebatur
1141 1641 1203 1661 arc.
1220 1632 1249 1661 et
1263 1630 1380 1661 delubr.
1405 1630 1527 1661 Heius.
1550 1634 1666 1661 monet
1680 1629 1719 1660 τὸ

261 1677 292 1703 et
318 1673 505 1703 tollendum
528 1682 602 1703 cum
627 1679 761 1713 septem
787 1673 935 1713 scriptis,
962 1678 999 1704 ut
1024 1674 1068 1704 sit
1093 1673 1361 1713 appositio—56
1385 1673 1455 1703 Pro
1479 1676 1550 1703 rota
1573 1677 1718 1713 uterque

263 1715 338 1745 Pol.
354 1724 404 1754 pr.
420 1715 494 1745 Pal.
511 1720 544 1745 et
560 1715 657 1745 multi
674 1716 730 1745 alii
753 1716 854 1750 Νῆις
876 1716 957 1746 Jun.
987 1719 1022 1745 et
1043 1716 1084 1746 P.
1109 1719 1202 1746 serta.
1246 1716 1254 1731 ‘
1272 1716 1312 1745 In
1336 1713 1618 1746 Francofurtensi
1643 1718 1719 1746 erat

262 1759 366 1788 laurea
391 1760 508 1796 tenera,
534 1757 595 1786 snb
625 1767 688 1796 quo
717 1757 809 1787 aliud
836 1757 917 1797 quid
942 1758 1049 1789 latere
1071 1758 1240 1797 suspicor:
1266 1758 1299 1788 in
1321 1758 1395 1787 aliis
1412 1763 1485 1788 erat
1500 1758 1608 1795 multa,
1622 1760 1718 1797 mota,

262 1800 358 1838 ricta,
372 1798 497 1838 juncta,
512 1803 605 1835 nonu
630 1799 719 1839 quod
735 1800 891 1830 ultimum
909 1809 973 1831 non
991 1801 1116 1830 malum
1132 1800 1312 1831 videbatur
1330 1800 1487 1839 Heinsio,
1509 1804 1547 1830 ut
1562 1799 1718 1830 aduletur

265 1842 428 1880 Augusto,
451 1842 505 1882 qui
524 1852 613 1881 saepe
630 1842 708 1872 Jovi
726 1843 854 1872 laurum
872 1842 1037 1873 dederat?
1056 1843 1254 1873 Barim-58
1281 1843 1396 1873 ssurm.
1414 1843 1561 1882 conj.jus
1573 1842 1659 1871 dabit
1674 1841 1720 1872 ill.

263 1886 348 1914 —59
371 1884 441 1914 Pro
468 1887 568 1914 terras
594 1885 675 1914 Lov.
702 1894 815 1921 curas;
838 1885 956 1915 Burni.
981 1886 1069 1924 conj.
1089 1888 1296 1923 gentem—60
1320 1885 1359 1915 In
1382 1886 1523 1924 vulgatis
1539 1883 1717 1923 legebatur

262 1927 316 1957 illa
344 1926 413 1957 via:
437 1926 496 1957 sed
521 1926 600 1967 quia
626 1936 702 1956 mox
731 1927 884 1967 sequitur
909 1929 917 1943 “’
936 1927 1128 1968 Invenietq.
1147 1928 1243 1958 viam’
1266 1928 1381 1958 Burm.
1405 1927 1459 1957 hie
1487 1936 1528 1957 ex
1555 1925 1654 1956 Leid.
1683 1930 1719 1956 et

265 1968 416 2009 plurimis
440 1972 526 1999 vett.
551 1968 638 1999 Edd.
673 1970 808 2009 reponit
835 1969 1014 2009 fuga—61
1039 1970 1100 2001 Be.
1125 1970 1186 2000 Illa
1210 1980 1290 2000 meos
1312 1969 1443 2000 mediam
1467 1970 1548 2000 risus
1570 1969 1719 1999 deduc.—

925 2056 1065 2088 NOTAE

307 2130 347 2157 51
384 2127 531 2167 Phoebea]
571 2128 700 2158 Plioebo
727 2138 785 2159 seu
813 2128 965 2168 Apollini
1064 2135 1103 2162 55
1119 2130 1545 2171 Arcem]Capitolium;ubi
1556 2129 1719 2170 templum

268 2186 397 2207 sacram
425 2178 564 2216 laurum,
590 2177 632 2207 ob
650 2179 820 2217 Daphnen
837 2179 869 2208 in
893 2188 966 2209 eam
1021 2180 1127 2210 Jovis.

268 2226 423 2257 arborem
438 2227 691 2265 mutatam,jam
706 2237 795 2266 saxpe
813 2228 967 2258 diximus.
1065 2228 1232 2266 faventia]
1276 2227 1365 2258 Quia
1395 2229 1468 2267 ipse
1501 2227 1651 2266 Jupiter,
1685 2227 1719 2258 in

266 2276 376 2307 Lauro
410 2285 490 2306 vero
528 2276 680 2305 coronari
724 2276 968 2315 triumphantes
1024 2277 1150 2316 templo
1168 2277 1360 2315 Capitolino
1374 2277 1496 2314 cultus,
1513 2276 1642 2307 favens.

268 2326 380 2357 notius
398 2331 450 2356 est
467 2335 565 2365 quam
583 2330 619 2355 nt
633 2335 717 2365 opus
734 2326 776 2356 sit
793 2326 917 2357 dicere.
1066 2329 1106 2355 50
1142 2325 1295 2365 Dabitur]
1342 2327 1397 2356 De
1439 2335 1529 2356 more
1545 2338 1552 2356 2
1605 2327 1721 2358 trium·

311 2378 352 2406 52
377 2375 427 2414 Io]
462 2375 536 2405 Vox
555 2380 629 2405 erat
646 2376 903 2406 acclamantium
920 2380 968 2407 at·
1024 2376 1166 2416 pliantes
1183 2376 1272 2406 enim
1290 2385 1446 2406 coronam
1471 2387 1619 2415 auream,
1643 2387 1720 2409 cum

270 2425 636 2466 queapplaudentinm.
1023 2427 1180 2466 pretiosis
1212 2427 1376 2456 manubiis
1407 2427 1482 2458 Jovi
1519 2427 1650 2466 dicatis,
1685 2428 1719 2458 in

311 2477 352 2505 53
379 2475 566 2515 Canentnm]
595 2475 862 2505 Citharoedornm
877 2475 967 2506 enim
1022 2476 1193 2516 Capitolio
1211 2476 1305 2516 quasi
1323 2476 1355 2505 in
1377 2477 1449 2506 sinu
1474 2477 1545 2516 ejus
1569 2477 1718 2518 depone-

270 2536 310 2558 ae
324 2526 498 2557 tibicinum
515 2526 614 2556 turba
631 2526 891 2566 triumphantem
905 2527 969 2557 Im-
1022 2527 1114 2557 bant.

269 2582 462 2618 peratorem
480 2577 742 2608 comitabantur.
1064 2580 1105 2606 59
1129 2576 1205 2616 Illa]
1237 2576 1347 2616 Mens,
1369 2578 1514 2616 scilicet,
1537 2588 1624 2618 quae,
1648 2577 1720 2609 ubi-

312 2630 352 2657 54
392 2627 565 2666 Resistere]
609 2627 722 2658 Turba
753 2627 882 2660 scilicet
910 2627 968 2659 ob·
1023 2635 1165 2666 cumque
1183 2626 1240 2665 sit,
1255 2636 1377 2666 corpus
1389 2628 1622 2669 quodcumque
1637 2627 1720 2659 libet

271 2680 399 2718 stante,
413 2676 618 2718 fremituque
635 2681 798 2710 terrente.
1023 2675 1151 2716 agitare
1178 2680 1281 2718 atque
1311 2676 1396 2708 adeo
1423 2687 1563 2709 cernere
1594 2681 1719 2719 potest.
