1877 3193
256 132 371 174 9:384

744 142 783 171 Ρ.
816 139 871 169 OV
885 138 974 169 [Du
1010 135 1168 166 NASON
1182 134 1223 165 {S

258 238 446 291 Altaque
465 236 659 277 velentur
680 235 861 277 fortasse
883 231 1061 273 Palatia
1082 229 1236 280 sertis;

316 305 550 358 Thuraque
570 306 616 344 in
636 304 736 355 igne
759 306 928 350 sonent,
948 299 1230 351 inficiantque
1251 294 1362 336 diem
1382 308 1393 345 3

260 372 543 425 Candidaque
562 371 753 412 adducta
773 369 931 410 collum
953 378 1167 420 percussa
1188 366 1329 406 securi
1684 356 1713 394 5

316 438 512 480 Victima
531 449 748 492 purpureo
770 434 978 487 sanguine
1000 433 1138 484 tingat
1156 433 1330 472 humum
1347 447 1356 472 :

262 507 482 559 [Donaque
505 506 740 546 amicorum
760 501 936 554 templis
956 500 1175 553 promissa
1193 499 1387 539 Deorum

320 573 518 615 Reddere
540 573 736 627 victores¹
753 570 905 611 Caesar
925 573 1108 620 uterque
1130 571 1302 619 parent:

260 641 318 682 Et
339 642 414 694 qui
435 639 640 681 Caesareo
654 638 837 691 juvenes
858 636 939 675 sub
959 635 1133 675 nomine
1155 636 1369 681 creseunt,

319 708 539 761 Perpetuo
561 709 700 745 terras
719 706 767 743 ut
789 702 944 742 domus
963 702 1049 741 ista
1067 704 1212 752 regat:
1657 696 1713 738 10

262 775 461 827 Cumque
482 772 610 813 bonis
629 769 809 810 nuribus
829 781 910 821 pro
933 768 1099 819 sospite
1122 767 1250 807 Livia
1267 769 1371 807 nato

320 841 510 882 Munera
530 838 605 879 det
624 836 809 887 meritis,
832 848 955 888 saepe
974 834 1147 882 datura,
1174 833 1312 874 Deis:

261 972 339 1001 dus:
363 972 392 1000 et
412 968 500 1007 sorte
520 969 639 1000 excelsa
666 966 792 998 Palatia
806 966 989 997 decorentur
1002 965 1130 1005 aaronis,
1151 968 1181 995 et
1197 964 1287 995 thura
1309 960 1458 1004 crepitent
1474 963 1506 995 in
1521 963 1605 1004 igne,
1622 968 1649 995 et
1666 962 1711 1001 of-

254 1013 377 1051 fuscent
394 1012 495 1043 diem:
520 1015 550 1042 et
578 1010 707 1042 victima
734 1009 804 1040 alba
826 1011 890 1040 icta
914 1009 1062 1040 cervicem
1089 1008 1211 1048 bipenni
1233 1008 1316 1038 elata
1338 1007 1457 1047 inficiat
1475 1010 1591 1038 terram
1606 1017 1714 1038 cruore

263 1056 354 1086 rubr-0
367 1066 375 1085 .·
399 1058 428 1085 et
445 1058 571 1094 uterque
588 1054 694 1083 Caesar
709 1053 840 1083 victores
853 1061 917 1082 sese
931 1051 1094 1090 accingant
1118 1052 1158 1081 acl
1184 1050 1399 1081 exsolvendum
1414 1060 1539 1080 munera
1554 1052 1623 1080 vota
1638 1052 1714 1080 tem-

259 1098 320 1137 plis
337 1098 472 1129 Deorum
478 1095 657 1133 faventium
670 1106 682 1132 ,·
703 1095 836 1134 itemque
861 1095 1063 1125 adolescentes
1077 1093 1129 1133 qui
1144 1095 1281 1123 crescunt
1295 1092 1351 1122 sub
1369 1092 1488 1123 nomine
1505 1093 1656 1129 Coesarco,
1678 1094 1712 1122 ut

263 1142 322 1171 ista
339 1142 442 1171 domus
456 1148 574 1179 semper
589 1139 718 1178 imperet
734 1137 847 1168 terris:
869 1140 960 1176 atque
984 1137 1077 1167 Lz'vz'a
1105 1145 1172 1167 cum
1192 1134 1277 1166 bonis
1298 1135 1424 1166 nuribus
1447 1144 1528 1174 soepe
1544 1133 1716 1174 praebitura

870 1223 1107 1237 eeeeeeeeeeee

306 1282 326 1319 '2
350 1288 443 1320 Potes
458 1287 553 1318 dedit
569 1286 690 1318 Heius.
707 1295 748 1317 ex
771 1284 959 1323 Hamburg.
979 1287 1014 1314 et
1042 1283 1151 1314 tribus
1168 1283 1242 1313 aliis
1259 1293 1319 1323 pro
1334 1284 1424 1323 vulg.
1439 1286 1549 1322 potest.
1592 1282 1602 1299 ‘
1619 1283 1712 1314 Ρτεε·

263 1330 386 1362 ferrem
409 1331 514 1362 etiarn
539 1339 615 1361 cum
639 1329 786 1370 quinque
813 1326 1001 1365 codicibus,
1024 1326 1241 1365 procubuisse,·
1264 1331 1299 1355 ut
1317 1326 1480 1365 respiciat
1503 1325 1546 1355 ad
1562 1324 1713 1355 habitum

265 1383 331 1414 quo
346 1374 425 1404 victi
443 1382 540 1412 reges
561 1377 596 1402 et
613 1375 729 1412 gentes
743 1371 776 1401 in
793 1369 936 1401 nummis
959 1367 1050 1399 flexo
1067 1378 1155 1408 genu
1173 1368 1409 1408 procumbunt.
1453 1367 1508 1398 Sic
1523 1368 1556 1397 in
1572 1367 1713 1398 nummis

264 1416 450 1446 Domitiani
481 1414 666 1446 Germania
691 1417 727 1444 et
752 1412 920 1443 Sarmatia
942 1410 1145 1451 procumbit,
1174 1410 1349 1450 porrigens
1375 1409 1433 1439 illa
1456 1413 1602 1447 scutum,
1639 1409 1713 1440 haec

263 1459 378 1498 signa:
405 1457 470 1488 vid.
484 1457 566 1487 Tab.
584 1456 703 1487 Arsch.
728 1463 835 1486 xxxr.
854 1457 904 1484 12.
931 1458 966 1484 et
983 1455 1033 1483 14.
1049 1456 1084 1483 et
1100 1449 1247 1483 Parthus
1259 1453 1352 1491 signa
1365 1450 1511 1482 reddens
1525 1448 1614 1482 flexo
1627 1461 1714 1491 genu

264 1500 348 1531 ibid.
361 1499 449 1531 Tab.
465 1507 546 1529 xm.
563 1508 595 1529 n.
613 1501 664 1529 11.
680 1496 888 1528 Procumbere
903 1505 984 1526 vero
999 1494 1140 1525 verbum
1158 1494 1346 1534 supplicum
1362 1504 1371 1532 ;
1393 1498 1431 1524 ut
1446 1503 1487 1525 11.
1503 1503 1544 1524 ex
1562 1493 1662 1524 Pont.
1680 1496 1711 1524 2.

262 1545 271 1558 ‘
289 1542 362 1573 Nec
378 1542 460 1572 lieet
476 1547 555 1572 ante
570 1542 659 1581 ipsos
672 1538 887 1580 procubuisse
904 1536 1020 1568 Deos:
1045 1536 1110 1567 vid.
1127 1537 1237 1576 Epist.
1261 1545 1312 1566 rx.
1329 1539 1379 1567 82.
1396 1545 1462 1566 xri.
1485 1539 1556 1567 186.
1584 1536 1669 1567 Met.
1687 1544 1712 1566 ῐ.

266 1587 340 1616 187.
358 1588 392 1615 et
408 1584 501 1615 alibi.
546 1583 601 1614 Ita
616 1583 649 1613 in
667 1582 733 1613 alia
749 1591 785 1612 re
801 1580 946 1612 eandem
958 1580 991 1610 in
1007 1579 1057 1609 his
1071 1578 1184 1609 verbis
1198 1579 1399 1609 varietatem
1417 1578 1605 1608 notavimus
1621 1579 1641 1610 1.
1657 1587 1713 1609 111.

263 1627 370 1658 Trist.
386 1635 433 1658 xv.
450 1630 479 1657 2.
496 1626 686 1666 supposuisse
711 1623 833 1655 Vatic.'
857 1623 970 1654 Burm.
999 1621 1100 1661 Vulg.
1126 1621 1391 1652 succubuisse—3
1422 1621 1566 1651 Velentur
1589 1630 1630 1650 ex
1645 1630 1713 1651 me-

262 1669 402 1700 lioribus
418 1670 551 1708 recepit
566 1669 684 1700 Heins.
701 1677 761 1707 pro
790 1666 878 1705 viilg.
904 1665 1062 1696 velantur.-
1084 1664 1159 1695 Pol.
1174 1668 1208 1694 et
1223 1664 1320 1694 Voss.
1342 1663 1572 1693 vallantmu—zt
1596 1662 1717 1694 Melio-

265 1721 332 1748 res,
361 1716 450 1742 teste
483 1711 603 1741 Heius.
633 1713 739 1741 sonent
766 1708 987 1750 inficiantque;
1021 1706 1127 1736 ceteri
1157 1709 1267 1736 sonunt
1293 1705 1573 1747 inficiantque—6
1597 1704 1715 1744 Tingat

267 1753 387 1784 Heius.
402 1753 521 1784 scribit
537 1762 612 1783 cum
639 1762 690 1792 pr.
705 1752 748 1781 V.
775 1751 867 1790 vulg.
884 1750 1002 1788 ting'it‚·
1026 1748 1124 1779 multi
1142 1748 1197 1778 alii
1222 1749 1342 1788 pulset.-
1366 1748 1483 1778 Burm.
1498 1747 1600 1778 etiam
1616 1745 1716 1786 putat

264 1797 368 1835 tingat
384 1795 565 1826 convenire
580 1795 697 1825 melius
709 1795 752 1832 τῷ
765 1792 915 1832 sanguine
931 1800 1029 1832 quam
1037 1789 1216 1830 pulset.-—8
1242 1791 1361 1821 Parent
1373 1788 1562 1830 Hamburg.
1579 1793 1614 1820 et
1630 1798 1714 1820 unus

265 1838 421 1869 Italicus:
446 1838 503 1868 alii
517 1839 707 1878 parant.—9
731 1837 771 1867 In
789 1835 876 1866 notis
893 1834 1021 1874 Myeilli
1037 1837 1111 1864 erat
1120 1833 1271 1871 gaudent,
1288 1842 1348 1873 pro
1368 1834 1529 1867 cresczmt,·
1551 1831 1609 1862 sed
1624 1831 1714 1862 unde

264 1879 348 1912 illud
379 1880 513 1912 venerit
540 1880 657 1911 Burm.
688 1878 892 1910 nescit.—12
916 1876 982 1908 Det
1008 1875 1176 1916 meliores,
1202 1879 1292 1906 teste
1318 1874 1438 1906 Heius.
1469 1873 1577 1906 ceteri
1602 1875 1714 1906 dat.—

915 1967 1058 2000 NOTAE

265 2044 417 2073 noverat.
439 2038 562 2082 Neque
575 2044 686 2073 tamen
704 2041 797 2072 illum
811 2050 869 2072 sua
883 2049 961 2071 con—

261 2092 397 2131 jectura
411 2082 559 2129 fefellit;
583 2091 749 2131 siquidem
768 2100 832 2120 non
848 2090 962 2120 hostes

266 2144 396 2171 tantum
420 2138 688 2179 profligaverunt
711 2139 771 2176 illi,
786 2147 852 2178 quo
875 2146 962 2167 anno

263 2189 391 2228 ejectus
407 2191 461 2217 est
477 2185 598 2225 Poeta,
621 2186 678 2216 sed
702 2186 858 2226 sequenti
881 2194 962 2215 non·

263 2237 372 2268 nullos
397 2236 664 2274 debellaverunt,
690 2236 789 2266 tertio
814 2235 961 2275 denique

264 2286 469 2326 triumphum
482 2290 678 2316 meruerunt
691 2285 844 2316 Tiberius
859 2290 962 2325 atque

263 2336 487 2367 Germanicus
512 2345 572 2375 per
588 2344 670 2376 quos
694 2334 867 2372 Augustus
893 2333 962 2364 bel—

262 2388 332 2417 lum
359 2387 511 2426 gerebat.
555 2383 669 2416 Druso
699 2395 791 2423 vero,
816 2384 871 2424 qui
889 2385 961 2423 jam

263 2435 321 2465 (liu
330 2436 491 2476 perierat,
501 2444 583 2465 cave
595 2443 671 2465 cum
683 2433 816 2464 Merula
828 2433 959 2463 illorum

263 2486 397 2517 laudem
416 2485 552 2516 tribuas.

306 2539 325 2566 3
349 2534 466 2574 Sertis]
492 2535 532 2565 In
548 2534 677 2566 laetitiae
694 2532 934 2564 testimonium.

306 2590 325 2617 4
351 2585 513 2627 Inficiant]
542 2585 646 2616 Fumo
661 2582 840 2615 offuscent.

307 2638 325 2663 5
352 2635 508 2674 Candida]
532 2636 618 2667 Qua:
631 2633 777 2665 victoria
789 2636 887 2673 parta
902 2631 960 2662 im·

266 2682 383 2714 molari
399 2683 541 2715 solebat.

1058 2035 1220 2077 Adducta]
1246 2035 1313 2069 Qui
1327 2038 1441 2076 gestus
1457 2036 1510 2066 est
1523 2033 1629 2065 ictum
1646 2042 1713 2064 mo-

1016 2087 1143 2118 lientis.
1673 2101 1677 2105 -

1059 2141 1078 2169 8
1105 2136 1254 2177 Uterque]
1282 2135 1455 2176 Augustus
1479 2137 1515 2165 et
1540 2133 1717 2170 Tiberius3

1015 2185 1104 2215 illius
1135 2194 1279 2226 namque
1316 2183 1473 2223 auspiciis
1501 2183 1555 2214 hic
1588 2182 1714 2213 bellum

1016 2235 1170 2275 gerebat.

1056 2288 1077 2314 9
1101 2283 1250 2321 Juvenes]
1283 2277 1506 2312 Germanicus
1532 2284 1584 2312 est
1609 2286 1713 2322 atque

1017 2333 1148 2364 Drusus
1163 2332 1287 2363 Tiberii
1303 2331 1400 2362 filius.

1058 2385 1098 2412 10
1124 2380 1205 2420 Ista]
1232 2381 1413 2412 Caesarum.

1059 2435 1095 2463 ll
1109 2431 1262 2470 Naribus]
1272 2431 1398 2462 Quales
1409 2430 1599 2470 Agrippina
1610 2428 1711 2462 Jnliae

1015 2487 1051 2513 et
1067 2481 1229 2521 Agrippa·
1248 2480 1328 2515 mia,
1344 2480 1539 2512 Germanici
1565 2480 1711 2511 Caesaris

1015 2542 1116 2571 uxor;
1142 2532 1236 2562 Livia
1264 2531 1365 2561 Drusi
1385 2530 1542 2570 junioris.
1590 2529 1713 2570 Neque

1015 2583 1102 2614 enim
1117 2581 1181 2611 huc
1198 2581 1337 2620 juliam,
1354 2580 1497 2620 Augusti
1512 2579 1710 2621 filiam,jam

1015 2632 1071 2664 diu
1089 2631 1286 2670 relegatam,
1304 2630 1455 2661 inducas.

1057 2681 1164 2721 Livia]
1192 2676 1337 2723 Augusti
1351 2680 1483 2722 conjux.
