1877 3193
227 162 342 205 2490
723 173 763 203 P.
795 170 954 201 orlon
986 166 1200 200 NASONIS

228 268 319 309 Par
339 268 490 310 eadem
511 272 662 309 nostra
682 279 798 308 nunc
819 269 885 306 est
905 265 992 306 sibi
1008 265 1127 306 facta
1145 264 1281 306 ruina.

285 336 580 389 Conspicunm
601 336 736 375 virtus
756 334 826 375 hic
845 338 922 374 tua
942 337 1078 386 ponat
1097 345 1226 386 opus.

228 401 341 443 Esse
354 404 509 442 bonam
524 401 653 441 facile
666 405 747 451 est,
761 401 853 449 ubi,
874 400 987 453 quod
1009 404 1123 440 vetet
1140 411 1254 449 esse,
1270 401 1483 440 remotum
1498 399 1567 440 est
1582 409 1594 452 ;
1624 397 1681 439 25

284 468 343 509 Et
361 469 467 508 nihil
489 467 631 508 officio
653 472 791 520 nupta
813 466 926 520 quod
950 467 1092 507 obstet
1112 466 1261 508 habet.

228 535 336 577 Cum
360 537 482 576 Deus
503 536 702 584 intonuit,
725 547 809 574 non
828 547 874 574 se
895 533 1138 574 subducere
1160 534 1324 583 nimbo,

283 602 334 643 Id
361 603 531 643 demum
552 603 713 655 pietas,
739 602 783 642 id
805 601 984 642 socialis
1005 614 1136 642 amor.

227 668 348 709 Rara
369 669 542 722 quidem
563 670 721 716 virtus,
740 682 871 721 quam
892 682 982 709 non
1004 668 1194 709 Fortuna
1214 669 1442 721 gubernet;

284 735 399 786 Quae
419 739 590 776 maneat
610 736 774 785 stabili,
797 748 899 776 cum
920 735 1030 787 fugit
1050 735 1140 784 illa,
1162 736 1298 787 pede:
1625 735 1681 776 30

226 865 310 905 turpi
326 864 464 901 crimine,
489 868 519 894 et
535 865 601 894 lans
609 862 782 900 fiimoesuit
798 863 966 904 inculpata.
1011 863 1129 893 Eadem
1144 867 1190 894 est
1205 873 1284 893 nunc
1297 863 1388 901 sacta
1401 863 1462 895 sibi
1475 863 1603 904 (vqualis
1616 873 1683 894 nos-

224 913 276 937 tra
291 907 387 937 clade.
437 907 544 937 Virtus
560 910 614 937 tua
639 907 687 937 hic
711 910 830 937 statuat
856 915 931 946 opus
945 906 1149 945 conspicuum.
1197 907 1333 936 Pronum
1348 909 1392 936 ese
1407 916 1469 937 esse
1485 906 1602 946 bonam,
1628 906 1680 936 ubi

225 951 304 989 quod
318 949 478 989 prohibeat
505 959 567 980 esse
582 950 671 988 longe
695 953 760 985 est;
782 952 812 980 et
828 948 940 986 conjux
965 949 1044 978 nihil
1069 948 1159 978 habet
1184 950 1262 988 quod
1284 952 1436 987 repugnet
1457 949 1563 989 officio.
1609 949 1685 979 Non

217 992 332 1030 fugere
347 995 570 1031 tempestatem,
587 1002 656 1022 cum
675 992 764 1022 Deus
779 991 925 1029 intonuit,
948 991 1027 1021 illud
1040 991 1172 1030 denique
1184 991 1295 1031 pietas,
1309 991 1385 1021 illud
1399 1001 1485 1021 amor
1499 990 1680 1029 conjugalis.

227 1035 315 1066 Rara
330 1034 452 1074 quidem
466 1034 577 1075 virtus,
593 1045 683 1075 quam
691 1034 823 1072 fortuna
838 1044 897 1064 uon
913 1037 1017 1073 regat,
1033 1044 1098 1073 quoe
1113 1037 1172 1064 stet
1179 1033 1276 1075 firmo
1288 1035 1377 1074 pede,
1401 1044 1467 1064 cum
1482 1034 1537 1065 illa
1556 1032 1683 1064 recedit.

838 1117 1068 1128 eeeeeeeee

228 1172 357 1210 legunt,
382 1171 424 1201 Ee
446 1174 580 1203 tantum.
616 1171 806 1204 Maffeilib.
847 1173 893 1203 Et
915 1176 1014 1203 tanta.
1049 1172 1186 1204 Neutra
1212 1171 1316 1203 lectio
1333 1170 1514 1203 emendata
1530 1172 1590 1202 est.
1629 1169 1685 1200 Tu

223 1222 305 1243 vero
322 1223 363 1243 ex
382 1223 447 1243 uno
462 1214 620 1245 Vatican.
643 1215 732 1254 lege,
751 1216 795 1245 Et
821 1225 952 1254 semper.
978 1214 1109 1245 Ciofan.
1155 1215 1199 1245 Et
1218 1216 1342 1245 tandem
1359 1214 1474 1255 primae
1491 1213 1656 1244 editiones
1673 1223 1682 1243 :

226 1256 272 1286 Et
289 1258 376 1285 tanta
394 1257 490 1295 prim.
510 1257 584 1286 Pol.
596 1256 694 1296 prim.
711 1257 786 1287 Pal.
801 1262 835 1286 et
855 1257 949 1287 multi
968 1257 1023 1287 alii
1039 1267 1046 1286 :
1072 1257 1152 1294 duo,
1166 1260 1220 1287 tua
1235 1266 1333 1286 nunc.-
1357 1257 1454 1296 alius,
1470 1256 1570 1287 tanti:
1586 1254 1684 1285 Rich.

225 1301 261 1327 et
275 1297 405 1329 Bonon.
433 1302 551 1328 tantae.-
580 1299 702 1338 scribe,
728 1300 771 1329 Et
789 1299 888 1337 famoe
911 1298 1047 1338 probitas
1063 1297 1209 1336 irrufuit.
1234 1299 1352 1329 Heins.
1387 1297 1440 1327 An
1456 1298 1577 1328 Latine
1594 1297 1685 1327 diea-

225 1344 295 1378 tur,
315 1340 414 1377 fumae
434 1341 585 1380 probitas,
612 1342 829 1372 vehementer
856 1341 996 1378 dubito;
1030 1344 1124 1371 certe
1147 1340 1334 1380 elegantius
1349 1339 1450 1376 foret,
1467 1340 1510 1369 Et
1526 1339 1599 1369 vita·
1612 1348 1684 1378 pro-

225 1382 330 1412 bitus.-
352 1393 427 1422 ego,
449 1383 605 1419 cumsuit
622 1388 657 1413 et
672 1384 747 1414 tulit
762 1384 883 1414 millies
908 1386 1142 1422 permutentur
1168 1382 1201 1412 in
1228 1383 1311 1413 Mss.
1328 1383 1488 1421 legerem,
1505 1382 1551 1411 Et
1565 1382 1685 1411 laudem

220 1424 362 1463 probitas
376 1426 436 1455 ‘iv-r.
453 1426 536 1455 tulit.
582 1425 717 1455 Laudem
740 1426 843 1456 latuit
868 1427 901 1455 in
918 1427 1041 1456 tandem
1065 1424 1154 1465 quod
1171 1424 1287 1464 prima>
1313 1424 1480 1454 editiones
1497 1423 1659 1454 exhibent
1675 1433 1682 1452 z

223 1466 271 1496 sic
287 1466 345 1496 lib.
362 1476 387 1497 1.
400 1476 441 1496 ex
453 1468 555 1497 Pont.
571 1470 601 1497 4.
619 1470 670 1497 24.
683 1468 692 1483 ‘
709 1468 818 1499 Quam
837 1467 969 1497 landem
982 1476 1087 1497 asera
1105 1467 1306 1506 posteritate
1321 1466 1411 1496 ferat
1425 1466 1444 1496 z’
1457 1466 1503 1496 sic
1520 1465 1610 1505 apud
1620 1465 1681 1496 Sil.

224 1517 273 1538 vt.
294 1511 368 1539 610.
394 1519 454 1547 pro
476 1510 598 1539 tamdem
623 1510 742 1539 laudem
755 1509 894 1539 volebat
920 1509 1093 1539 Heinsius,
1119 1507 1271 1538 Probitas
1285 1512 1339 1538 est
1352 1509 1510 1545 castitas;
1535 1512 1571 1538 nt
1589 1517 1681 1548 saepe

221 1549 319 1590 proba
331 1551 451 1580 mulier
467 1550 499 1580 in
517 1550 602 1581 Arte
616 1552 791 1589 amatoria,
805 1556 841 1582 et
854 1550 949 1588 alibi,
963 1555 997 1580 et
1008 1549 1096 1590 apud
1107 1550 1319 1588 Terentium,
1335 1554 1369 1580 et
1385 1550 1485 1580 alios:
1507 1550 1551 1580 Et
1566 1559 1685 1590 semper

222 1592 362 1632 probitas
378 1594 444 1623 Ms.
464 1594 594 1624 Bersrn.
621 1594 819 1625 Bur-m.-23
845 1593 936 1624 Olim
961 1592 1153 1633 legebatur,
1176 1592 1243 1622 Par
1265 1602 1299 1622 ea
1321 1593 1358 1622 de
1370 1595 1476 1622 nostra
1491 1601 1550 1622 non
1565 1591 1686 1622 esttibi

217 1634 311 1672 fucta
325 1636 426 1665 ruina.
441 1638 449 1652 ⁴
463 1636 530 1666 Par
545 1638 662 1675 eadem,
681 1641 714 1666 et
731 1647 810 1667 nunc
825 1639 870 1666 est
885 1635 981 1666 multi
1000 1641 1132 1665 veteres
1147 1645 1154 1665 :
1180 1638 1361 1674 praeterea,
1375 1635 1436 1664 sibi
1452 1643 1536 1664 unus
1553 1633 1683 1664 Medic.

226 1682 262 1708 et
276 1677 400 1707 Moreti
424 1678 542 1708 codex.
568 1679 671 1718 ‚Lege
701 1679 769 1709 Par
793 1680 897 1709 eadem
924 1681 1030 1708 nostra
1055 1687 1134 1708 nunc
1155 1680 1201 1707 est
1224 1677 1285 1707 sz'bt'
1299 1676 1390 1715 facta
1407 1677 1515 1707 ruina:
1534 1676 1601 1716 vel,
1618 1676 1687 1707 Par

224 1720 327 1750 eadem
340 1723 373 1749 ut
390 1724 493 1750 nostra
511 1731 589 1750 nunc
601 1724 645 1750 est
661 1721 721 1751 sibi
737 1720 829 1758 facta
845 1721 936 1750 ruina
951 1732 960 1750 .·
978 1720 1041 1758 vel,
1059 1721 1126 1749 Par
1149 1730 1184 1750 ea
1196 1723 1264 1759 post
1280 1720 1594 1750 nostram-..ruinam:
1617 1719 1684 1757 vel,

224 1765 292 1801 post
320 1761 537 1799 nostroe...sata
562 1763 680 1793 ruinoe:
716 1773 790 1793 nam
806 1766 919 1793 nostrae
942 1767 1013 1793 erat
1032 1763 1063 1791 in
1081 1761 1354 1801 Gottorphiano.'
1376 1761 1487 1793 Heius.
1532 1760 1622 1792 Vide
1639 1761 1684 1792 ad

226 1804 333 1844 Epist.
353 1813 414 1834 xx.
434 1808 486 1835 63.
514 1805 612 1845 [Not.
629 1805 727 1845 Van]
744 1806 872 1836 Versus
887 1810 938 1836 est
956 1805 1243 1844 corruptissimus,
1257 1814 1365 1845 neque
1382 1814 1513 1835 sensum
1530 1804 1632 1834 video
1647 1803 1683 1834 in

226 1848 436 1877 correctione
456 1847 639 1878 Heius-iana
666 1848 899 1878 commodum:
934 1847 1021 1878 forte
1045 1847 1166 1877 melius
1193 1846 1295 1878 fuerit
1313 1848 1440 1887 legere,
1468 1848 1532 1877 Par
1546 1849 1683 1876 veterum

225 1892 331 1919 nostra
346 1889 372 1919 si
386 1899 465 1919 πῑιηι·
482 1890 540 1920 tibi
556 1890 648 1927 fama
662 1891 754 1921 ruina
766 1902 776 1921 .·
798 1891 825 1920 si
851 1900 912 1930 per
929 1896 1078 1920 nostram
1096 1890 1324 1920 calamitatem
1341 1890 1428 1920 fama
1446 1889 1506 1920 tibi
1523 1897 1611 1918 nune
1628 1892 1683 1918 est

227 1941 291 1970 pat·
308 1937 458 1962 veterum
474 1933 660 1969 heroidum,
674 1943 755 1973 quas
770 1943 846 1964 mox
860 1933 1073 1969 memorabit,
1086 1936 1190 1972 ponat
1206 1937 1263 1963 tua
1279 1933 1383 1963 virtus
1394 1932 1447 1962 hic
1464 1930 1684 1970 conspicuum

224 1983 329 2013 opus:
346 1975 408 2012 vcl,
427 1976 527 2005 Parta
543 1975 601 2005 tibi
614 1979 719 2006 nostra
730 1977 756 2006 si
772 1986 851 2006 nunc
863 1978 907 2006 est
917 1975 1008 2013 fama
1024 1976 1126 2006 ruina.
1144 1975 1214 2005 Per
1224 1985 1298 2015 opus
1312 1974 1515 2013 conspicuum,
1530 1973 1682 2011 intelligo

228 2023 482 2047 monumentum
510 2018 652 2057 insigne,
677 2023 714 2048 ut
740 2023 919 2058 tropaeum,
944 2018 1032 2058 quod
1062 2018 1166 2048 virtus
1183 2022 1343 2057 poneret:
1371 2026 1445 2046 nam
1459 2016 1531 2056 poni
1546 2015 1682 2055 proprie

226 2057 270 2088 de
287 2068 325 2089 eo
345 2058 481 2090 dicitnr.
506 2060 615 2099 Epist.
632 2064 748 2092 1ν.6ὓ.
784 2063 793 2077 ⁴
812 2061 936 2091 Ponite
965 2062 1006 2091 (te
1038 2064 1153 2090 nostra
1177 2059 1255 2090 bina
1280 2063 1410 2100 tropa‘a
1427 2058 1548 2088 domo?
1570 2058 1684 2088 Burm.

225 2103 309 2130 —24
334 2101 402 2130 Pro
415 2104 508 2140 ponat
527 2102 647 2132 Heius.
677 2104 791 2133 mallet
814 2105 916 2141 tollat,
944 2104 994 2132 vel
1018 2103 1226 2142 praelatu—25
1252 2102 1421 2132 Fortassis
1439 2102 1515 2131 Esse
1529 2100 1616 2130 bonoe
1632 2109 1683 2130 re-

225 2142 428 2180 ponendum.
453 2143 562 2173 Heius.
591 2144 679 2173 Dein
698 2145 817 2174 Heius.
835 2155 876 2173 ex
894 2145 1091 2174 melioribus
1109 2145 1279 2184 rescripsit
1304 2148 1382 2175 vetet
1401 2153 1461 2183 pro
1477 2143 1568 2179 vulg.
1586 2144 1682 2172 vetat.

225 2186 311 2213 —26
335 2184 408 2213 Pol.
429 2194 480 2222 pr.
498 2190 532 2213 et
550 2185 614 2214 ‹lno
631 2186 685 2214 nlii
701 2186 764 2216 nih.
790 2187 881 2226 officii
907 2190 993 2224 nupt.
1011 2197 1040 2224 q.
1057 2190 1141 2225 optet
1157 2186 1226 2215 imo.
1252 2195 1371 2215 novem
1389 2186 1491 2214 etiam
1507 2183 1622 2224 officii‚·
1643 2186 1680 2212 et

225 2225 371 2265 quinque
395 2225 598 2266 officiis.—29
626 2226 783 2257 Gubernet
812 2237 888 2257 enin
915 2227 1119 2257 melioribus.
1144 2227 1256 2257 Heius.
1293 2228 1411 2256 Bnrm.
1437 2226 1555 2256 mallet
1569 2223 1679 2263 guber-

876 2336 1017 2367 NOTAE

268 2418 309 2447 23
344 2414 425 2455 Par]
459 2416 544 2448 Qum
572 2417 603 2447 in
632 2417 794 2456 adversis,
825 2417 923 2448 sicuti
976 2415 1039 2446 sibi
1057 2416 1239 2446 conciliare
1265 2425 1330 2446 non
1345 2416 1519 2456 vulgarem
1543 2415 1586 2447 sit
1603 2414 1677 2447 reli·

225 2466 305 2496 olim
322 2466 354 2495 in
372 2467 554 2505 prosperis,
570 2467 719 2497 emicuit.
978 2478 1090 2508 qutun.

268 2519 308 2547 24
327 2515 544 2556 conspicumn]
560 2517 607 2546 Ex
626 2517 816 2547 constantia
833 2526 923 2555 vero,
1019 2521 1057 2548 27
1086 2518 1164 2548 Cum
1185 2518 1283 2557 Deus]
1306 2519 1392 2548 Hui-c
1420 2523 1471 2548 est
1489 2528 1540 2548 res
1570 2518 1678 2550 omni-

225 2574 300 2596 cum
317 2567 505 2605 prat-sertim
519 2567 660 2596 adversa
673 2567 844 2606 ingruunt,
863 2567 922 2596 vir·
977 2567 1036 2597 bns
1054 2567 1162 2597 altioti
1178 2567 1398 2597 meditatione
1415 2568 1525 2606 (ligna.

226 2615 291 2645 tuti
308 2614 417 2654 fulgor
434 2617 641 2646 novissinms.
1018 2621 1059 2648 29
1085 2617 1185 2656 Ram]
1210 2619 1285 2648 Qno
1302 2618 1387 2647 enini
1413 2628 1448 2647 se
1471 2617 1620 2656 fortuna,
1635 2626 1676 2648 eo

266 2666 306 2693 25
332 2664 452 2703 facile]
477 2664 589 2705 Atque
607 2666 691 2696 adeo
708 2667 864 2706 vulgare;
888 2671 923 2696 nt
976 2674 1010 2698 et
1024 2667 1119 2698 favor
1134 2667 1302 2697 hominnm
1321 2668 1479 2698 inclinat:
1505 2668 1596 2709 quia,
1611 2668 1675 2698 sci-

226 2712 345 2745 l’otitae
363 2716 459 2745 uxori
475 2724 518 2746 ex
545 2717 616 2758 ejus
633 2717 783 2748 adversis
799 2716 922 2748 famam
976 2717 1069 2757 licet,
1087 2717 1186 2757 pauci
1205 2717 1321 2748 virtuti
1339 2717 1488 2749 student.
