1877 3193
211 146 347 196 2760'
756 149 1126 198 PssonnooMn'NA

210 260 339 291 mentio
364 264 428 298 est,
452 271 550 302 quem
574 261 601 291 si
628 259 719 291 forte
736 260 922 291 desiderari
939 261 1151 301 contigisset,
1167 261 1210 292 dc
1227 270 1342 291 earum
1359 250 1682 301 enarratione‘pro':

211 312 371 343 culdubio
385 318 498 344 actum
513 318 613 345 esset.
649 314 815 345 Nimirum
828 314 946 345 Achaei
960 315 1176 355 supplicium,
1188 314 1447 354 cujusmeminit
1458 313 1602 345 Ovidius
1616 324 1665 345 vs.

211 367 286 396 301.
309 376 394 397 unus
412 367 573 407 Polybius
590 372 843 399 commemorat.
888 368 1013 408 Pyrrhi
1041 368 1181 399 Achillis
1197 366 1256 397 filii
1273 367 1433 407 reliquias
1449 376 1511 406 per
1528 366 1670 397 Ambra-

212 417 273 448 υἷα),
300 418 369 449 vias
396 419 557 459 disjectas
583 429 670 460 esse,
706 420 843 460 Hygino
871 421 932 451 soli
959 431 1035 451 cum
1058 422 1195 452 Nasone
1218 420 1387 451 convenit.
1434 421 1488 450 De
1515 419 1669 460 Euryda-

211 476 337 510 mante,
359 482 378 502 a
398 473 533 503 Simone
552 473 721 504 Larissaeo
733 475 825 503 cirea
836 473 1008 514 Thrasylli
1021 474 1183 504 tumulum
1202 478 1350 513 raptato,
1364 477 1491 513 praeter
1507 471 1668 503 Ovidium

211 524 247 555 e't
272 524 455 566 Didymum
484 525 626 556 Homeri
644 526 844 556 scholiasten
859 526 900 557 ad
917 526 1016 557 Iliad.
1033 530 1071 556 X.
1098 536 1195 557 nemo
1212 526 1391 566 quiequam
1404 525 1575 555 memoriae
1594 535 1670 565 pro-

213 576 311 609 didit.
353 578 498 608 Thasum
515 579 613 609 etiam
629 589 648 609 a
664 579 804 609 canibus
816 580 1001 610 laceratum
1019 579 1112 609 Naso
1130 580 1295 609 duntaxat
1312 584 1346 609 et
1372 579 1528 619 Hyginus
1545 577 1681 621 retuleffi

214 635 304 661 runt.
350 630 439 661 Item
465 641 601 662 carmen
626 634 701 662 507.
727 632 768 661 ab
786 632 884 662 unico
901 633 1055 663 Diodoro
1076 633 1278 672 illustratur,
1293 637 1330 662 ut
1347 638 1381 662 et
1399 641 1512 661 versus
1533 633 1605 661 531.
1628 629 1670 660 ab

213 682 468 723 Epigrammate
490 684 593 723 ἀδήλῳ
615 684 673 714 lib.
690 692 746 714 ιιι.
776 684 987 723 Anthologiae
1003 696 1012 723 3
1030 690 1067 716 ut
1084 685 1249 715 credibile
1270 686 1326 722 sit,
1346 687 1497 726 qua’dam
1515 685 1568 715 hic
1597 693 1670 714 esse

214 736 315 767 obvia
331 746 405 777 quae
434 737 461 767 si
479 738 553 777 quis
581 737 830 777 alibiquaerere
857 737 952 776 velit,
977 746 1127 777 operam,
1150 737 1265 777 eredo,
1282 747 1414 768 omnem
1441 737 1570 767 luserit.
1614 736 1670 767 Sic

213 790 303 829 apud
331 790 585 830 Lycophrouem
613 790 762 820 historiae
799 790 955 831 quaedam
984 794 1102 820 extant
1128 800 1207 830 quas
1230 800 1329 821 nemo
1358 791 1441 821 alius
1466 790 1595 829 attigit,
1632 786 1681 820 ut'

215 843 339 883 Pryiis,
356 843 484 881 Midae3
509 848 542 874 et
568 843 731 873 voeabula
753 852 818 873 non
842 852 951 882 pauca
982 843 1102 883 quibus
1130 847 1258 882 praeter
1274 852 1348 873 curn
1372 843 1482 873 nullus
1504 851 1582 872 usus
1605 847 1671 880 est,

216 896 326 936 qualia
341 894 493 935 φύλαμος,
515 894 614 936 λάρις,
629 894 736 935 πέῤῥα,
762 894 893 926 πτέλας.
936 896 1016 935 Ejus
1044 900 1158 926 tamen
1180 894 1410 925 Alexandram
1435 896 1503 926 sive
1530 895 1673 926 Cassan-

215 948 323 986 dram,
335 948 484 987 quamvls
497 948 941 989 tenebricosam,poematio
960 953 1075 979 nostro
1093 948 1318 978 obscuriorem
1333 957 1403 978 esse
1417 948 1588 978 Domitius
1604 941 1679 977 non

217 1000 388 1032 concedit.
431 1000 488 1031 Sic
516 1002 604 1031 enim
627 1002 854 1032 Peroratione
879 1000 1198 1032 commentariorum
1224 1009 1379 1031 suorum:
1412 1001 1420 1016 ‘
1439 999 1672 1040 Lycophronis

217 1062 352 1084 carmen
369 1054 509 1094 legimus
535 1064 638 1094 saepe,
662 1055 696 1085 in
712 1064 776 1095 quo
793 1059 990 1094 argumento
1007 1053 1143 1094 quidem
1160 1053 1286 1083 Oxidio
1302 1052 1472 1092 grandior,
1487 1052 1544 1082 sed
1561 1051 1673 1082 verbis

217 1107 370 1144 apertior
384 1107 478 1138 nobis
494 1108 650 1146 videtur3
675 1113 710 1139 et
733 1108 817 1139 caeci
833 1109 889 1149 qui
913 1109 1004 1139 illum
1019 1108 1302 1147 interpretantur,
1317 1108 1350 1137 in
1369 1111 1464 1137 tanta
1487 1105 1674 1146 praesertim

218 1159 379 1190 librorum
398 1161 507 1201 copia.
542 1161 619 1191 Non
636 1167 702 1191 tam
717 1161 804 1191 enim
820 1171 880 1202 per
895 1161 1127 1201 conjecturam
1142 1159 1278 1198 fabulae,
1297 1164 1335 1190 ut
1358 1159 1447 1199 apud
1462 1160 1567 1198 illum,
1581 1158 1674 1188 inda-

220 1212 339 1251 gandae
357 1212 508 1253 fuerunt,
524 1224 621 1255 quam
637 1215 838 1255 colligendae
852 1225 870 1245 a
884 1215 1024 1245 diversis
1040 1213 1235 1245 auctoribus
1251 1212 1411 1252 scriptae.'
1447 1211 1674 1244 Quamobrem

219 1264 343 1295 nemini
356 1267 476 1296 mirum
492 1267 597 1297 videri
615 1267 732 1306 debet,
754 1268 781 1298 si
798 1273 850 1298 tot
872 1268 1052 1298 Ovidianae
1070 1267 1191 1297 mentis
1221 1267 1430 1306 interpretes
1446 1265 1479 1295 in
1505 1264 1674 1304 plerisque

218 1316 299 1347 locis
316 1318 417 1349 veluti
435 1319 468 1348 in
492 1320 581 1350 circo
600 1319 854 1350 Andabatarum
884 1329 975 1350 more
992 1319 1217 1349 decertamus.
1261 1317 1293 1348 A
1310 1327 1406 1347 versu
1430 1317 1584 1346 nimirum
1602 1315 1679 1347 255.

221 1369 311 1400 unde
336 1371 426 1401 Naso
443 1370 572 1401 fabulas
589 1376 622 1402 et
644 1372 799 1402 historias
817 1371 1024 1411 auspicatur,
1042 1370 1083 1401 ad
1101 1377 1232 1401 versum
1249 1372 1322 1399 645.
1341 1369 1398 1410 qui
1421 1369 1528 1399 libelii
1546 1374 1674 1409 postre-

220 1431 292 1452 mus
306 1427 370 1461 est,
393 1424 536 1463 triginta
553 1434 655 1463 supra
679 1424 845 1454 ducentas
870 1430 1112 1454 memorantur.
1158 1422 1334 1453 Interdum
1351 1431 1416 1452 uno
1440 1421 1586 1451 disticho
1603 1426 1673 1452 tres

221 1474 450 1513 continentur,
468 1475 635 1505 interdum
653 1481 808 1515 quatuor,
824 1480 861 1505 ut
879 1475 956 1505 illo:
982 1476 990 1491 ‘
1008 1476 1056 1505 Ut
1071 1474 1137 1504 fuit
1153 1475 1267 1505 OEtaeo
1285 1474 1466 1514 quondam,
1482 1483 1674 1514 generoque

222 1529 417 1563 draconum,
444 1528 679 1569 Tisamenique
704 1528 804 1567 patri,
833 1527 1088 1568 Callirhoesque
1106 1527 1200 1558 viro!
1242 1527 1299 1557 Ita
1324 1531 1362 1557 ut
1386 1527 1589 1558 Ovidianum
1613 1527 1676 1557 hoc

223 1581 430 1621 poematium
446 1580 631 1611 fabularum
650 1580 785 1611 officina
812 1590 890 1611 vere
907 1580 973 1611 dici
991 1580 1107 1620 possit.
1153 1580 1264 1611 Causa
1278 1589 1359 1610 vero
1376 1589 1394 1609 a
1410 1579 1507 1610 nobis
1526 1589 1585 1610 suo
1601 1579 1676 1611 loco

224 1631 399 1671 afferetur,
422 1642 482 1663 cur
499 1633 644 1663 Ovidius
660 1633 860 1664 obscuritati
877 1633 1062 1670 studuerit3
1089 1632 1145 1663 sed
1163 1638 1199 1663 et
1221 1637 1299 1664 ante
1323 1633 1413 1663 illum
1431 1632 1539 1663 Cinna
1554 1631 1676 1671 Poeta,

224 1685 357 1725 Virgilii
384 1685 555 1725 praeconio
581 1686 788 1724 celebratus,
804 1687 994 1726 Smyrnam,
1022 1686 1142 1726 poema
1167 1685 1453 1726 obscurissimum,
1478 1685 1680 1725 elaboravit,

223 1738 313 1777 quod
343 1747 418 1768 cum
448 1738 549 1777 vulgo
580 1748 646 1768 non
673 1738 936 1778 intelligeretur,
957 1738 1138 1769 Crassitius
1165 1738 1404 1778 grammaticus
1436 1739 1679 1770 commentario

224 1790 397 1821 luculento
414 1790 445 1820 in
464 1791 572 1831 ipsum
598 1791 690 1822 edito
706 1791 790 1822 adeo
807 1792 965 1822 inclaruit
982 1797 1017 1822 ut
1033 1792 1095 1822 hoc
1112 1793 1321 1831 epigramma
1334 1791 1376 1821 de
1388 1801 1428 1823 eo
1443 1792 1604 1831 scriptum
1623 1792 1680 1831 sit,

225 1846 315 1873 teste
337 1842 500 1874 Suetonio
518 1843 602 1874 libro
619 1843 661 1874 de
686 1844 880 1874 Illustribus
895 1844 1158 1875 Grammaticis:
1184 1845 1192 1861 ‘
1209 1844 1275 1875 Uni
1293 1844 1459 1875 Crassitio
1481 1854 1516 1875 se
1539 1844 1678 1876 credere

225 1896 365 1934 Smyrna
383 1897 553 1935 probavit,
570 1897 743 1935 Desinite,
756 1896 897 1937 indocti,
911 1897 1070 1937 conjugio
1093 1897 1179 1927 lianc
1202 1901 1331 1937 petere.
1375 1897 1445 1927 Soli
1462 1897 1624 1928 Crassitio
1641 1906 1677 1928 se

227 1946 312 1977 «lixit
338 1947 467 1978 nubere
484 1949 584 1987 velle,
601 1949 726 1980 Intima
749 1949 803 1980 cui
832 1950 892 1979 soli
920 1954 1003 1980 nota
1034 1955 1092 1980 sua
1117 1949 1321 1981 extiterint!
1365 1950 1542 1990 Smyrnam
1565 1954 1678 1980 autem

226 2001 383 2030 uovennii
400 2011 483 2041 opus
498 2000 600 2033 fuisse
615 2003 769 2033 Catullus
787 2007 822 2033 et
838 2002 1067 2034 Quintilianus
1091 2002 1325 2042 prodiderunt.
1369 2002 1446 2034 Quo
1461 2001 1604 2033 fortasse
1628 2012 1679 2033 re-

224 2054 337 2091 spexit
353 2054 515 2085 Horatius
532 2056 564 2085 iu
590 2056 743 2095 Epistola
760 2055 801 2086 ad
826 2055 982 2095 Pisones,
997 2065 1074 2086 eum
1097 2055 1270 2096 praecipit,
1287 2055 1447 2086 duratura
1470 2054 1627 2095 poemata
1644 2056 1679 2086 in

225 2115 347 2136 nonum
370 2116 490 2137 annum
515 2108 701 2148 premenda
724 2118 811 2140 esse.
859 2109 933 2140 Nec
960 2109 1132 2139 omiserim
1157 2109 1407 2149 antiquissimos
1432 2108 1556 2140 Poetas
1574 2108 1616 2139 de
1632 2108 1679 2138 in-

227 2157 356 2187 dustria
368 2159 612 2190 obscuritatem
630 2160 827 2201 affectasse,
843 2167 881 2193 ut
898 2162 1045 2202 AEschyli
1062 2162 1259 2193 scholiastes
1272 2162 1405 2193 notavit
1421 2161 1461 2191 ad
1478 2165 1575 2201 Πρυμ.
1590 2162 1680 2197 δεσμ·

228 2210 278 2238 liis
294 2209 404 2239 verbis
420 2220 427 2239 ε
446 2211 483 2239 Οἱ
492 2212 617 2241 παλαιοὶ
630 2213 670 2243 τὰ
684 2213 839 2251 ποιήματα
852 2215 952 2246 αὐτῶν
962 2216 1082 2255 πρῶτον
1096 2214 1153 2253 μὲν
1165 2214 1321 2255 αἰνίγμασι
1334 2214 1540 2255 γεγράφασιν,
1552 2213 1677 2252 ὕστερον

228 2260 258 2292 δὲ
272 2258 405 2293 καθῦλου
418 2265 553 2303 φανερῶς
568 2264 703 2304 ἐχρῶντο
720 2267 766 2304 τῷ
778 2266 874 2305 λόγῳ.

836 2390 993 2422 CAPUT
1017 2391 1065 2423 11.

601 2487 774 2520 Germanus
788 2489 859 2520 hiric
876 2489 1028 2529 Opust-ulo
1043 2488 1152 2519 titulus
1167 2492 1310 2520 assertus.

274 2583 562 2615 ANTVERPOENer
578 2584 684 2615 editio
702 2584 807 2624 arida,
821 2584 920 2615 modo
937 2583 1070 2624 pinnice
1087 2584 1213 2614 Valerii
1237 2583 1400 2623 expolita,
1413 2583 1476 2614 hoc.
1491 2583 1591 2615 titulo
1615 2583 1678 2614 cir·

233 2636 432 2674 cumsertnr,
455 2640 463 2652 ‘
481 2637 524 2668 P.
538 2637 655 2668 Ovidii
671 2637 817 2668 Nasonis
836 2638 930 2668 Dirae
948 2637 980 2668 in
997 2636 1098 2675 lbin,’
1115 2636 1394 2677 quemadmodum
1411 2637 1582 2677 egregium
1595 2636 1677 2667 illud

233 2687 435 2729 poematica,
452 2689 544 2730 cujus
557 2694 730 2723 auctorem
747 2700 819 2722 esse
835 2692 1007 2723 Valerium
1023 2689 1187 2722 Catonem
1200 2689 1455 2730 grammaticum
1470 2687 1678 2731 perspicaci·
