1877 3193
222 184 338 227 2744
709 196 747 225 P.
781 194 938 225 ov1m1
972 193 1184 224 NAsoNJs

223 289 288 331 At
304 291 445 332 malus
463 289 685 344 interpreS,
704 289 856 342 populi
875 288 979 329 mihi
1001 289 1190 330 concitat
1208 290 1328 339 iram,

279 357 418 411 Inque
439 358 602 398 novum
624 357 786 397 crimen
807 357 998 398 carmina
1023 359 1172 398 nostra
1190 361 1334 398 vocat.

221 424 334 466 Tam
355 424 460 465 felix
480 425 661 474 utinam,
684 436 815 477 quam
836 428 1015 476 pectore
1038 423 1268 473 candidus,
1290 435 1430 466 essem
1448 423 1457 463 !

279 492 417 533 Extat
437 490 576 531 adhuc
598 503 723 530 nemo
746 490 922 530 saucius
944 503 1016 530 ore
1036 503 1149 530 meo.

222 556 367 607 Adde,
390 557 503 610 quod
528 557 706 609 Illyrica
727 556 766 596 si
785 557 877 610 jam
899 556 998 609 pice
1018 556 1181 609 nigrior
1202 569 1363 606 essem,
1624 555 1681 595 45

282 625 385 666 Non
406 624 641 665 mordenda
663 623 768 663 mihi
788 624 914 662 turba
935 623 1075 663 fidelis
1096 627 1202 664 erat.

225 692 417 734 Molliter
438 705 463 731 a
485 692 614 731 vobis
636 702 735 729 mea
758 702 853 729 sors
871 694 1073 742 excepta,
1095 691 1301 740 Tomitae,

280 758 393 798 Tam
413 758 544 798 mites
566 756 727 797 Graios
747 755 915 795 indicat
937 768 1034 795 esse
1056 755 1188 797 viros.

225 824 348 866 Gens
369 837 466 864 mea
489 824 676 875 Peligni,
697 823 904 875 regioque
927 822 1171 863 domestica
1192 822 1358 873 Sulmo,

284 891 385 932 Non
405 891 548 944 potuit
566 889 727 930 nostris
748 890 886 929 lenior
908 902 1003 929 esse
1024 889 1166 929 malis.
1628 888 1683 929 50

228 956 371 1007 Quem
389 957 469 997 vix
489 957 699 997 incolumi
722 956 924 1009 cuiquam
951 956 1162 1008 salvoque
1183 955 1361 1006 daretis,

285 1023 332 1065 Is
351 1023 480 1064 datus
501 1037 528 1063 a
547 1024 675 1064 vobis
695 1028 763 1063 est
782 1023 885 1063 mihi
906 1035 1039 1075 nuper
1059 1022 1206 1064 honor.

229 1091 364 1131 Solus
387 1091 528 1132 adhuc
547 1104 625 1144 ego
647 1104 745 1132 sum
764 1090 922 1132 vestris
942 1090 1145 1130 immunis
1163 1090 1207 1130 in
1227 1090 1314 1130 oris
1331 1103 1342 1142 3

286 1157 517 1212 ExceptiS‚
541 1159 578 1198 si
601 1159 675 1211 qui
695 1171 872 1199 munera
890 1157 999 1210 legis
1020 1157 1195 1198 habent.

230 1269 329 1297 movet
342 1267 422 1297 iram
436 1266 533 1307 plebis
545 1269 653 1297 contra
669 1276 726 1305 me,
741 1271 771 1297 et
783 1268 889 1306 arguit
903 1271 1021 1298 nostros
1036 1277 1139 1301 versus
1162 1267 1321 1298 inusitata>
1343 1268 1449 1307 σαίρω.
1498 1267 1626 1299 Utinam
1640 1276 1686 1298 es-

231 1319 293 1339 sem
305 1312 368 1339 tam
381 1308 497 1345 beatus,
507 1319 596 1347 qnam
612 1319 667 1347 ego
679 1319 749 1339 sum
762 1310 903 1339 innocens
913 1310 1013 1339 «mimo
1024 1310 1038 1340 ,Ι
1057 1311 1168 1339 Nullus
1182 1312 1226 1339 est
1237 1310 1336 1339 adhuc
1351 1311 1529 1340 vulneratus
1545 1319 1596 1340 ore
1608 1319 1685 1339 meo.

232 1351 344 1391 Adjice
360 1352 450 1390 quod,
464 1351 587 1381 tametsi
603 1360 694 1381 essem
708 1352 779 1390 plus
793 1354 862 1380 nter
877 1361 965 1390 quam
977 1351 1035 1390 pix
1048 1351 1191 1390 Illyrica,
1206 1354 1329 1380 caterva
1341 1352 1439 1380 amica
1452 1362 1511 1381 non
1527 1355 1593 1382 erat
1608 1351 1685 1382 mihi

232 1395 407 1425 laceranda.
452 1393 526 1423 Sors
553 1403 618 1423 meu
644 1397 771 1432 excepta
798 1393 927 1430 benigne
949 1404 967 1423 α
993 1393 1086 1430 robis,
1113 1393 1255 1431 Tomitae,
1279 1392 1392 1422 indicio
1411 1396 1457 1423 est
1472 1393 1606 1424 homines
1621 1396 1686 1423 tam

232 1437 312 1467 lenes
326 1445 389 1466 esse
407 1436 543 1465 Graecos.
589 1435 717 1472 Peligni
730 1436 860 1474 populus
875 1444 968 1472 meus,
984 1439 1012 1464 et
1028 1435 1133 1464 Sulmo
1153 1438 1272 1464 tractus
1295 1436 1486 1473 domesticus,
1500 1446 1559 1466 non
1581 1436 1685 1475 potuit

234 1488 297 1508 esse
310 1477 416 1508 mitior
429 1477 545 1506 nostris
560 1477 718 1506 oerumnis.
763 1476 882 1513 Honos,
897 1486 984 1514 quem
999 1486 1083 1513 (egre
1098 1476 1284 1506 exhiberetis
1299 1477 1437 1515 cuiquam
1452 1478 1573 1515 integro
1589 1481 1618 1507 et
1634 1487 1688 1507 va-

233 1520 308 1559 lido,
323 1519 352 1549 ‘is
367 1518 522 1549 exhibitus
545 1521 590 1549 est
608 1517 684 1548 mihi
707 1527 804 1557 nuper
826 1528 843 1547 α
871 1518 963 1548 robis.
1010 1518 1081 1556 Ego
1095 1527 1161 1547 snm
1177 1518 1275 1547 adhuc
1289 1519 1371 1548 solus
1394 1523 1532 1548 exemtus
1546 1518 1583 1548 ab
1605 1519 1686 1549 omni

234 1572 324 1593 onere
345 1561 378 1592 in
403 1561 513 1591 vestris
539 1560 728 1600 regionibu87
746 1560 883 1600 exceptis
895 1559 922 1590 sz'
938 1559 989 1599 qui
997 1559 1152 1597 fruuntur
1167 1559 1308 1600 beneficio
1323 1560 1411 1599 legis.
1459 1561 1607 1601 Tempora
1622 1571 1690 1592 mea

846 1642 1082 1654 eeeeeeeeeeee

235 1698 359 1739 Sepius,
385 1699 545 1738 Sceptius:
577 1699 730 1741 Scaliger
756 1700 889 1731 emend.
917 1700 1069 1740 Scepsim
1098 1699 1152 1730 cui
1183 1698 1352 1730 consentit
1380 1699 1584 1730 Heius—41
1619 1699 1689 1732 Ms.

237 1741 370 1773 Bersm.
388 1746 423 1772 et
438 1743 526 1773 Mor.
540 1742 670 1782 interpr.
690 1744 836 1783 populum
853 1743 928 1773 mihi
952 1743 1045 1773 vertit
1066 1742 1101 1772 in
1126 1742 1222 1772 iram:
1246 1742 1285 1773 P.
1301 1743 1387 1772 modo
1408 1742 1561 1779 concitat,·
1584 1746 1619 1773 et
1637 1751 1690 1783 pr.

236 1784 301 1815 Ed.
317 1784 552 1816 concutit—46
575 1786 669 1816 Serv.
690 1786 757 1816 Non
774 1787 912 1816 Ioedenda
927 1785 1000 1816 mih.
1044 1786 1127 1815 Tum
1145 1785 1310 1824 Excerpt.
1333 1784 1455 1822 Scalig.
1478 1784 1560 1814 turb.
1577 1785 1693 1815 sodalis

236 1829 365 1857 ere—<17
391 1827 455 1857 Ms.
472 1827 602 1857 Bersm.
628 1828 753 1858 Militat
768 1838 786 1858 α
802 1828 954 1859 volu—48
977 1829 1072 1858 Unus
1089 1826 1129 1857 V.
1150 1827 1276 1857 Geticos
1301 1836 1362 1866 pro
1387 1827 1517 1857 Graios:
1543 1831 1575 1857 et
1593 1827 1690 1857 multi

238 1869 322 1900 Mss.
338 1873 374 1900 et
390 1869 523 1900 Bersm.
553 1880 629 1901 cum
656 1870 756 1901 editis
785 1870 981 1912 quibusdam
1006 1872 1213 1909 gratos.—50
1236 1869 1313 1899 Duo
1341 1869 1459 1909 scripti
1483 1870 1602 1900 mollior
1628 1878 1690 1908 pro

896 1964 1035 1997 NOTAE

238 2023 298 2066 h‘ac
313 2035 346 2066 in
364 2038 463 2075 parte
479 2035 574 2067 fides.
993 2043 1054 2075 per
1069 2033 1187 2065 orbem
1202 2034 1260 2075 pix
1277 2033 1490 2065 mittebatur.

283 2088 322 2116 41
357 2086 477 2125 Malus]
509 2086 575 2119 Qui
594 2085 782 2117 Tomitanis
807 2085 938 2126 retulit,
1037 2084 1188 2124 Nigrior]
1210 2084 1277 2117 Qui
1301 2084 1403 2115 dente
1420 2084 1513 2124 nigro
1536 2082 1691 2115 mordere

240 2143 294 2165 me
310 2143 374 2165 non
398 2136 569 2175 regionem
594 2136 706 2177 modo,
729 2136 788 2167 sed
813 2137 938 2168 incola·
993 2134 1126 2176 quosvis
1144 2134 1371 2164 insuevissem.

241 2194 315 2215 rum
330 2185 589 2215 Tomitanorum
606 2195 726 2224 mores,
740 2196 896 2226 arguere.
1037 2186 1079 2214 46
1104 2183 1221 2222 Turba]
1242 2183 1411 2214 Tomitani
1427 2183 1536 2214 amici.

283 2233 415 2274 Populi]
436 2234 615 2272 Tomitani,
629 2235 701 2264 scil.
1037 2236 1078 2264 47
1102 2233 1191 2273 Sors]
1214 2232 1458 2264 Infortunium.

286 2286 328 2314 42
352 2282 491 2321 Novum]
515 2283 605 2315 Quia
625 2283 697 2322 jam
724 2284 855 2323 pridem
873 2284 941 2314 Ro·
1037 2285 1078 2313 48
1104 2282 1234 2320 Graios]
1258 2282 1297 2312 Id
1324 2286 1389 2320 est,
1417 2281 1551 2311 minime
1566 2279 1694 2310 Barba-

242 2343 304 2365 mae
337 2333 380 2364 ob
410 2332 580 2363 lasciviam
617 2332 777 2363 damnata
806 2332 940 2363 fuerant
995 2341 1060 2362 mS.
1094 2331 1222 2361 Docuit
1246 2335 1358 2360 antem
1382 2338 1483 2369 supra
1497 2329 1692 2360 Tomitanos

242 2393 301 2414 sua
318 2382 479 2421 carmina,
504 2391 592 2412 nnnc
609 2391 688 2412 vero
710 2382 752 2412 ob
779 2381 941 2412 mordaci·
995 2380 1123 2419 origine
1162 2389 1233 2410 esse
1271 2380 1424 2419 Graecos,
1452 2380 1642 2421 Tomosque
1674 2391 1692 2411 a

244 2438 351 2469 tatem
367 2432 607 2473 arguebantur,
629 2432 718 2463 istud
735 2431 818 2462 dicit
835 2432 939 2462 Naso.
996 2430 1125 2461 Graecis
1141 2429 1324 2460 conditam.

286 2487 326 2514 43
354 2482 525 2522 Candidus]
562 2482 742 2513 Innocens,
779 2482 862 2511 Erat
885 2490 941 2511 au-
1037 2482 1079 2511 49
1103 2478 1244 2518 Peligni]
1269 2478 1393 2518 Populi
1418 2478 1553 2510 fuerunt
1570 2479 1694 2519 Italiae,

245 2540 314 2565 tem
329 2538 435 2574 certe,
450 2531 647 2574 utiquidem
662 2542 704 2563 ex
720 2532 793 2572 ejus
806 2531 941 2571 ingenio
996 2530 1117 2561 Marsis
1147 2528 1293 2566 finitimi,
1323 2538 1463 2568 quorum
1495 2533 1600 2569 caput
1628 2528 1694 2561 fuit

245 2589 279 2616 et
296 2584 434 2624 scriptis
451 2588 608 2625 apparet.
995 2580 1109 2610 Sulmo
1127 2578 1273 2608 Nasonis
1289 2578 1410 2618 patria.

288 2637 328 2663 45
355 2633 498 2674 Illyrica]
530 2632 585 2663 Ad
611 2641 702 2663 oram
723 2631 819 2672 jacet
845 2629 943 2662 maris
1039 2631 1079 2659 52
1104 2627 1230 2667 Honor]
1250 2627 1334 2659 Quis
1355 2627 1412 2658 ille
1431 2626 1533 2658 fuerit
1548 2636 1691 2669 sequens

248 2682 414 2713 Adriatici
456 2683 584 2722 Illyris,
626 2682 737 2713 Italim
777 2681 942 2721 opposita.
996 2678 1165 2709 distichon
1182 2677 1333 2717 exponit.

248 2733 333 2768 Inde
351 2732 532 2773 nigerrima
550 2733 628 2763 olim
656 2736 690 2763 ct
715 2731 943 2763 laudatissima
1040 2731 1078 2759 51
1104 2728 1252 2768 Munera]
1278 2727 1528 2759 humanitatem
1552 2725 1694 2766 exponit
