1863 3193
235 165 349 207 2:278
725 176 767 205 P.
799 174 958 204 ov1D11
991 173 1204 204 NAsoms

238 269 367 311 Nunc
389 274 429 311 te
449 271 572 324 prole
591 273 668 313 tua
682 270 887 325 juvenem
909 270 1148 311 Germania
1167 269 1319 320 sentit3

296 337 508 391 Bellaque
529 352 607 391 pro
628 351 786 391 magno
807 338 986 379 Caesare
1010 337 1163 378 Caesar
1182 337 1290 377 obit.
1605 334 1690 376 230

239 404 454 457 Denique,
477 409 526 445 ut
546 406 589 445 in
609 408 743 454 tanto,
767 409 975 459 quantum
993 419 1083 446 non
1103 405 1249 446 extitit
1267 416 1470 458 unquam,

300 471 507 524 Corpore,
530 485 632 525 pars
653 473 774 512 nulla
794 476 858 512 est
881 486 980 525 quae
1001 473 1119 513 labet
1139 471 1310 524 imperii
1327 485 1337 521 ;

238 536 358 579 Urbs
379 551 550 591 quoque
571 542 612 578 te
633 541 676 578 et
696 539 841 591 legum
861 539 998 580 lassat
1020 539 1158 580 tutela
1180 544 1367 586 tuarum,

298 604 354 644 Et
373 618 554 654 morum,
574 606 734 645 similes
753 618 865 658 quos
888 607 1016 659 cupis
1037 618 1133 646 esse
1151 606 1256 646 tuis.

241 670 338 711 Nec
360 672 439 711 tibi
460 672 728 723 contingunt,
750 685 849 723 quae
871 673 1069 723 gentibus
1092 672 1183 712 otia
1203 675 1418 724 praestas3
1606 669 1693 713 235

298 737 510 790 Bellaque
531 751 629 779 cum
649 738 796 778 multis
816 739 1051 791 irrequieta
1071 740 1199 790 geris.

243 803 380 844 Mirer
400 805 445 844 in
466 805 548 844 hoc
571 805 701 856 igitur
717 807 934 845 tantarum
956 805 1145 857 pondere
1167 818 1311 845 rerum

298 871 535 923 Nunquam
557 875 598 911 te
620 877 791 912 nostros
812 872 1032 910 evoluisse
1046 872 1178 923 jocos
1195 873 1213 910 Ἰ

242 937 301 978 At
323 938 361 977 si
381 937 521 991 (quod
542 935 742 989 mallem)
762 949 928 977 vacuus
949 936 1133 977 fortasse
1152 937 1329 986 fuisses,

300 1003 482 1044 Nullum
500 1004 682 1055 legisses
706 1004 870 1044 crimen
890 1004 935 1043 in
957 1002 1066 1045 Arte
1087 1017 1200 1045 mea.
1611 1003 1697 1045 240

244 1134 335 1164 Nunc
359 1133 529 1164 Germania
556 1134 650 1164 sentit
667 1137 697 1164 te
713 1135 930 1164 adolescentem
947 1136 1020 1176 filio
1039 1139 1115 1171 tu0;
1139 1138 1169 1165 et
1187 1135 1296 1165 Coesar
1319 1134 1405 1173 gerit
1422 1134 1498 1165 bella
1510 1143 1568 1174 pro
1583 1144 1696 1174 magno

247 1177 381 1206 (cesare.
428 1176 582 1215 Denique,
607 1180 641 1206 ut
658 1177 689 1206 In
705 1180 791 1206 tanto
816 1186 940 1216 corpore
964 1181 1112 1216 quantum
1138 1187 1198 1207 non
1215 1177 1285 1214 suit
1302 1187 1444 1216 unquam,
1458 1178 1541 1208 nulla
1557 1181 1602 1208 est
1623 1187 1700 1218 pars

242 1218 366 1257 imperii
382 1228 448 1257 quoe
468 1217 602 1255 fatiscat
614 1229 624 1253 ,·
653 1218 733 1249 Urbs
748 1219 853 1257 etium,
870 1222 899 1249 et
914 1219 1051 1249 custodia
1066 1220 1168 1257 legum
1182 1222 1319 1257 tuarum,
1334 1223 1364 1250 et
1380 1229 1513 1258 morum,
1528 1230 1601 1260 quos
1612 1223 1700 1260 optas

243 1270 305 1290 esse
329 1261 442 1291 similes
456 1260 531 1298 tuis,
548 1264 577 1290 ie
597 1261 732 1299 fatigat.
781 1262 890 1301 Neque
911 1262 975 1291 otia
1000 1271 1067 1301 quoe
1088 1260 1208 1300 praebes
1227 1261 1352 1301 populis
1375 1262 1433 1291 tibi
1460 1262 1646 1299 obveniunt,·
1669 1265 1699 1292 et

242 1303 329 1339 geris
353 1302 429 1333 bellu
445 1302 565 1332 solicita
580 1313 647 1333 cum
662 1304 777 1334 multis.
825 1304 1012 1344 Obstupeam
1037 1313 1111 1342 ergo
1135 1307 1166 1334 te
1189 1304 1221 1333 in
1248 1304 1324 1333 mole
1345 1307 1503 1334 tantarum
1520 1314 1622 1334 rerum
1643 1314 1700 1334 un-

244 1355 333 1384 quam
346 1346 512 1384 perlegisse
526 1349 645 1375 nostros
660 1347 754 1376 lusus.
799 1346 845 1377 At
859 1347 898 1386 si,
923 1348 1002 1387 quod
1027 1346 1128 1385 magis
1155 1355 1306 1386 cuperem,
1326 1345 1414 1383 forte
1438 1346 1554 1376 otiosus
1570 1345 1699 1387 fuisses,

853 1428 1086 1438 “tonse-‘seme

246 1493 331 1514 unus
346 1487 614 1524 partaque—229
625 1485 761 1515 Merula
778 1484 819 1515 de
835 1485 963 1521 Druso,
980 1484 1126 1524 Augusti
1144 1483 1311 1524 privign0‚
1326 1483 1435 1515 fratre
1449 1484 1580 1516 Tiberii
1593 1486 1701 1526 capit.

246 1527 406 1566 Mycillus
417 1526 502 1557 dicit
517 1528 599 1558 alios
613 1528 776 1565 Drusum,
791 1528 892 1557 Drusi
908 1526 1015 1557 filium
1031 1537 1072 1557 ex
1089 1527 1240 1558 Antonia
1252 1527 1457 1567 intelligere,
1473 1528 1529 1567 qui
1546 1533 1598 1558 est
1615 1529 1700 1559 Ger-

246 1568 396 1599 manicus
413 1569 539 1600 Caesar.
583 1570 682 1600 Quod
698 1570 725 1599 si
743 1579 858 1600 verum
875 1569 930 1607 sit,
956 1579 1018 1609 ego
1044 1570 1192 1609 mallem,
1218 1570 1308 1600 Nunc
1324 1571 1361 1599 (Ie
1382 1571 1466 1609 prole
1483 1574 1537 1600 tua
1555 1571 1700 1609 juvenem

249 1610 418 1641 Germania
432 1612 537 1643 sentit.
584 1612 768 1643 Germania
785 1612 889 1642 sentit
912 1612 1165 1650 Germanicum,
1185 1612 1359 1652 juvenem,
1377 1612 1432 1652 qui
1449 1612 1631 1652 adoptatus
1649 1619 1702 1645 est

246 1662 266 1682 a
280 1653 428 1690 Tiberio,
445 1653 514 1684 filio
532 1658 602 1684 tuo.
648 1654 822 1694 Crispinus
840 1654 950 1694 ipsum
962 1654 1135 1684 Tiberium
1150 1654 1331 1694 intelligit;
1357 1654 1396 1684 ad
1415 1664 1511 1694 quem
1531 1655 1702 1694 Angustus

246 1694 385 1725 miserat
401 1694 664 1726 Germanicum:
690 1697 749 1726 sed
779 1701 849 1726 tum
873 1697 1006 1727 mallem
1032 1697 1158 1736 legere,
1183 1696 1275 1727 Nunc
1291 1700 1320 1727 te
1337 1697 1368 1726 in
1383 1697 1466 1736 prole
1488 1700 1541 1726 tua
1555 1697 1702 1735 juvenem

251 1736 421 1767 Germania
450 1739 563 1768 sentit:
589 1738 693 1769 sentit
724 1743 757 1769 te
790 1738 897 1769 adhuc
927 1739 1041 1778 vigere
1070 1738 1195 1770 viribus
1222 1739 1256 1769 in
1281 1739 1427 1777 Tiberio,
1453 1749 1527 1769 cum
1549 1744 1703 1770 senectu-

247 1782 316 1809 tem
345 1783 435 1809 tuam
465 1779 683 1820 despicerent
699 1791 706 1811 ε
732 1781 820 1820 quod
845 1781 922 1811 ideo
955 1779 1165 1821 praeferrem,
1198 1781 1278 1821 quia
1309 1781 1533 1812 Germanicus
1567 1781 1701 1813 demum

246 1821 280 1851 in
312 1821 495 1852 Germania
525 1827 602 1862 post
636 1822 769 1853 cladem
808 1823 1003 1862 Varianam,
1038 1833 1113 1864 quae
1153 1824 1281 1854 accidit
1321 1832 1409 1853 anno
1447 1827 1526 1863 post
1563 1824 1701 1855 exilium

248 1863 409 1901 Nasonis,
439 1874 514 1896 cum
537 1865 673 1896 Tiberio
703 1865 800 1904 abiit,
834 1870 869 1896 et
897 1866 1019 1896 deinde
1046 1866 1137 1896 solus
1164 1875 1217 1896 res
1247 1865 1294 1896 ibi
1324 1865 1454 1905 gessit:
1474 1875 1548 1905 quae
1572 1866 1625 1896 hic
1650 1876 1702 1898 re-

248 1905 382 1945 spicere
395 1906 449 1936 vix
469 1908 579 1946 potuit
597 1908 700 1938 Naso.
726 1909 780 1938 De
797 1908 899 1938 voce‘
911 1907 1047 1939 sentire’
1063 1908 1132 1938 vid.
1149 1908 1191 1938 ad
1209 1907 1349 1939 Petron.
1366 1917 1441 1946 cap.
1455 1910 1527 1937 139.
1540 1908 1702 1938 Burin.—

247 1950 310 1978 230
337 1947 411 1978 Obie
427 1958 467 1978 ex
487 1959 538 1988 pr.
556 1949 596 1980 V.
609 1954 644 1979 et
658 1954 728 1989 opt.
755 1950 831 1981 Pal.
847 1951 960 1990 placet
977 1950 1094 1981 Heius.
1112 1959 1182 1989 prae
1200 1950 1289 1988 vulg.
1307 1949 1492 1987 agit.——-23l
1520 1949 1649 1981 Ricliel.
1667 1956 1702 1982 et

250 1990 333 2021 Lov.
348 1994 427 2021 taut.
443 1994 555 2030 quanto
571 1994 750 2022 nom—232
777 1993 836 2022 Be.
855 1994 947 2032 Corp.
962 2003 1029 2033 (μα’
1044 1993 1126 2022 nulla
1139 2002 1214 2031 pars
1229 1991 1289 2021 lab.
1307 1996 1342 2021 et
1359 1995 1428 2021 tres
1442 1991 1518 2021 libri
1535 2002 1602 2031 ‹311ae
1616 1997 1702 2024 vacet

248 2033 428 2070 imp.-233
453 2034 533 2064 Lov.
560 2034 620 2072 leg.
649 2035 763 2065 lassant
789 2038 850 2065 tut.
877 2035 962 2065 alius
990 2038 1105 2070 vexat;
1127 2035 1191 2064 Be.
1218 2034 1424 2063 laxae—234
1451 2034 1533 2064 Lov.
1560 2038 1595 2065 et
1623 2040 1702 2066 octo

250 2074 305 2103 alii
330 2074 373 2104 Et
388 2085 497 2112 mores,
519 2076 589 2106 sim.
613 2076 696 2106 Tum
720 2086 804 2106 nnus
833 2076 919 2106 liber
946 2086 1018 2116 quos
1040 2077 1125 2116 petis
1148 2078 1310 2107 ess.—237
1335 2074 1404 2105 Alii
1431 2076 1535 2106 Miror
1550 2076 1702 2109 itu—238

250 2116 418 2156 Nunquam
429 2118 605 2148 meliores:
622 2123 728 2154 recte,
743 2118 769 2146 si
783 2122 895 2147 notam
909 2118 1185 2157 interrogationis
1196 2117 1312 2148 addas.
1328 2117 1441 2148 Heius.
1463 2118 1532 2148 Alii
1548 2119 1703 2159 Unquam.

250 2160 356 2188 —238
379 2158 483 2189 Bai-b.
511 2161 608 2188 nostr.
624 2159 805 2198 explicuisse
818 2158 990 2195 joa-239
1013 2160 1167 2191 Quatuor
1189 2160 1266 2190 libri
1287 2161 1408 2190 Vacuus
1420 2159 1481 2190 tibi
1500 2159 1588 2195 forte
1603 2161 1703 2199 fuiss.

250 2199 308 2229 alii
325 2200 434 2238 multi,
447 2203 537 2230 teste
554 2199 674 2232 Heius.
690 2209 732 2231 ex
744 2200 940 2231 melioribus
956 2210 1084 2231 vacuum
1100 2201 1378 2238 tibisortefuisset
1389 2212 1401 2232 .-
1424 2202 1591 2243 Excerpt.
1602 2204 1701 2235 Voss.

908 2288 1048 2320 NOTAE

293 2366 357 2394 229
381 2362 488 2402 Prole]
516 2363 592 2394 Nisi
607 2363 823 2394 veliementer
840 2362 951 2402 fallor,
1006 2367 1101 2394 tanto
1139 2373 1294 2403 corpore,
1325 2365 1422 2405 quale
1460 2363 1525 2395 fuit
1563 2365 1705 2406 Imperii

253 2422 320 2444 non
347 2413 474 2453 patitur
502 2413 589 2443 ratio
620 2418 810 2453 temporum
842 2418 879 2444 ut
909 2413 951 2443 de
1006 2415 1163 2453 Romani,
1180 2415 1271 2445 nulla
1286 2424 1364 2454 pars
1384 2415 1489 2453 labet,
1507 2418 1544 2445 ut
1560 2416 1704 2448 Caesaris

253 2461 950 2502 Druso'l‘iberiifrati-eistudintelligatur:
1006 2464 1093 2494 curis
1116 2463 1198 2494 illud
1223 2468 1331 2494 totum
1355 2464 1519 2502 ascribat;
1543 2466 1597 2496 cui
1620 2466 1706 2497 adeo

253 2512 429 2552 nullusque
443 2512 561 2542 dubito
574 2512 653 2552 quin
670 2512 712 2543 de
723 2512 857 2543 Tiberio
872 2518 952 2552 agat
1008 2514 1154 2544 Nasonis
1169 2514 1237 2544 otia
1253 2518 1288 2544 et
1305 2524 1409 2554 nugas
1425 2524 1490 2545 non
1507 2525 1705 2548 concessum

255 2561 361 2600 Naso,
388 2561 429 2591 ad
455 2571 553 2602 (piem
578 2563 713 2592 missum
740 2562 782 2593 ab
799 2561 952 2602 Augusto
1005 2562 1107 2594 fuerit
1123 2564 1302 2603 inspicere.

256 2612 509 2649 Germanicum,
529 2621 570 2642 ex
596 2613 707 2643 Dione
730 2622 830 2653 supra
852 2622 952 2643 anuo-
1048 2617 1109 2644 233
1133 2613 1266 2653 Legum]
1307 2614 1386 2645 Nou
1410 2615 1506 2646 modo
1533 2617 1626 2656 leges
1653 2626 1705 2648 re-

256 2660 413 2691 tavinius.
461 2662 544 2693 Vide
563 2663 707 2693 Dionem
722 2667 757 2694 et
774 2663 953 2694 Velleium.
1006 2664 1179 2703 tractavit,
1207 2664 1266 2695 sed
1297 2665 1457 2705 quasdam
1493 2675 1536 2696 ex
1566 2666 1702 2709 integro

299 2711 359 2740 231
382 2709 440 2749 Ut]
460 2711 585 2742 Mirum
601 2721 674 2742 esse
692 2712 802 2743 innuit
817 2712 952 2753 quodin
1005 2713 1129 2754 sanxit,
1155 2718 1193 2745 ut
1221 2714 1316 2747 testis
1345 2718 1395 2747 est
1419 2715 1620 2750 Suetonius:
1643 2716 1701 2757 qui
