1877 3193
824 198 938 230 mis.
1495 190 1609 232 2793

156 288 252 331 Nec
273 295 365 341 tua,
387 305 521 345 quam
538 291 710 346 Pyrrhi,
731 292 901 336 felicius
923 307 1032 336 ossa
1051 295 1297 349 quiescant,
1527 295 1613 336 305

211 357 375 411 Sparsa
393 373 472 412 per
491 358 755 402 Ambracias
778 374 878 414 quae
893 362 1074 416 jacuere
1095 363 1207 403 vias.

155 423 364 478 Nataque
384 430 430 466 ut
451 426 668 476 AEacidae,
685 428 850 480 jaculis
872 430 1074 469 moriaris
1096 429 1262 470 adactis
1281 443 1289 471 ε

211 492 315 532 Non
336 493 441 533 licet
462 494 544 534 hoc
566 493 713 534 Cereri
736 495 1013 534 dissimulare
1034 495 1179 534 nefas.
1212 545 1219 551 X

156 556 303 612 thue
322 573 458 612 nepos
480 560 585 600 dicti
605 564 753 600 nostro
773 560 909 600 modo
931 560 1121 600 carmine
1143 561 1256 613 regis

212 626 518 667 Cantharidum
537 638 694 666 succos
716 625 848 667 dante
868 630 1047 679 parente
1070 627 1214 668 bibas.

155 692 249 733 Aut
269 694 343 746 pia
365 698 404 732 te
426 706 545 732 caeso
567 692 738 733 dicatur
759 694 980 745 adultera3
1013 694 1143 744 sicut,

212 759 314 809 Qua
335 759 497 800 cecidit
517 760 694 800 Leucon
714 760 902 810 vindice,
926 761 1044 801 dicta
1065 762 1141 814 pia
1162 765 1243 803 est.

156 827 298 881 Inque
318 841 470 882 pyram
489 832 632 868 tecum
653 828 880 868 carissima
901 829 1086 881 pignora
1107 829 1256 870 mittas
1274 842 1285 882 ς

216 894 363 945 Quam
383 895 511 935 finem
531 895 637 936 vitae
661 895 990 949 Sardanapalus
1013 897 1160 938 habet.

1531 627 1616 671 310

156 1010 267 1041 melius
280 1010 435 1050 quiescant
459 1021 549 1051 quam
570 1011 697 1051 Pyrrhi,
712 1022 778 1051 quae
795 1012 964 1049 jacuerunt
979 1012 1107 1050 disjecta
1129 1021 1183 1051 per
1197 1011 1263 1041 vias
1278 1010 1471 1043 Ambracias.
1515 1011 1619 1052 Atque

154 1062 263 1091 pereas
286 1057 318 1083 ut
333 1054 409 1093 filia
427 1054 579 1092 ‚si-jaddus,
594 1054 710 1092 jaculis
724 1056 892 1094 impactis:
913 1066 971 1086 non
997 1056 1068 1085 licet
1090 1058 1194 1092 tegere
1210 1054 1292 1084 istud
1310 1054 1478 1094 flagitium
1496 1053 1617 1086 Cereri.

163 1095 204 1125 Et
218 1098 250 1125 ut
258 1106 349 1136 nepos
365 1097 448 1135 regis
464 1098 550 1127 modo
565 1097 711 1136 appellati
726 1101 829 1127 nostro
846 1108 944 1136 versa,
965 1101 1051 1138 putes
1065 1107 1167 1127 succos
1184 1097 1410 1127 Cantharidum
1426 1099 1523 1126 matre
1535 1106 1618 1136 μναῖ-

157 1136 254 1169 bente.
305 1139 360 1169 Vel
375 1139 517 1170 adultera
532 1142 656 1169 vocetur
675 1140 729 1179 pia
745 1143 775 1170 te
800 1145 945 1178 inactum,
968 1141 1216 1180 quenmdnmdnm
1241 1140 1394 1178 appellata
1410 1143 1454 1168 est
1480 1139 1543 1178 pia,
1558 1147 1618 1178 qua

155 1181 268 1211 ultrice
283 1181 404 1212 Leucon
419 1182 544 1213 occidit.
590 1182 693 1222 Atque
703 1183 852 1222 projicias
869 1188 968 1214 tecum
986 1183 1016 1213 in
1033 1193 1141 1221 rogum
1155 1182 1264 1212 liberos
1276 1181 1489 1211 allectissimos
1498 1192 1510 1219 ;
1533 1190 1620 1222 quem

778 1275 1012 1287 oooooooooooo

155 1328 275 1369 primae
303 1330 514 1361 hostia—307
551 1330 610 1361 Pr.
642 1330 708 1361 Ed.
739 1334 774 1360 et
806 1330 871 1360 Ms.
903 1331 1032 1360 Bersm.
1065 1329 1136 1360 telis
1165 1339 1226 1369 pro
1247 1328 1372 1366 jaculis.
1417 1327 1504 1358 Tum
1533 1336 1619 1358 unus

160 1372 278 1402 Heius.
301 1372 429 1402 moriar.
455 1374 496 1403 ad
519 1381 612 1408 aras;
644 1377 680 1402 et
707 1373 784 1404 Pet.
810 1372 1029 1403 acutis—308
1053 1371 1155 1409 Nefas
1180 1371 1310 1403 Ciofau.
1336 1369 1467 1410 profert
1488 1380 1530 1400 ex
1546 1370 1620 1401 Ma.

159 1416 251 1454 vulg.
281 1415 393 1453 scelus,
424 1420 459 1445 et
489 1415 538 1445 sic
567 1415 670 1445 etiam
698 1424 782 1445 unus
810 1415 940 1445 Bersm.
958 1424 1024 1444 non
1050 1415 1149 1453 pauci
1176 1415 1279 1444 etiam
1301 1415 1540 1444 sacrum—309
1564 1412 1624 1443 Al-

161 1461 215 1487 ter
256 1457 298 1487 R.
341 1467 455 1496 quoque
489 1454 550 1496 pro
583 1457 789 1486 moda—310
824 1456 864 1486 R.
903 1460 939 1485 et
974 1455 1039 1485 duo
1068 1455 1124 1485 alii
1152 1455 1360 1485 Thessalidum.
1386 1465 1464 1486 succ.
1495 1459 1529 1484 et
1560 1456 1619 1485 Fr.

163 1499 375 1530 Thessalides:
415 1499 544 1529 Ronon.
574 1497 898 1527 Cantharides.—3l2
937 1497 1030 1527 Editi
1058 1497 1195 1537 quidam
1226 1497 1336 1527 Leuca.
1370 1498 1455 1527 Tum
1487 1497 1541 1527 Fr.
1567 1497 1621 1534 ju·

159 1542 225 1572 dice
251 1550 312 1582 pro
339 1541 576 1572 vindica-313
611 1540 755 1578 Pignora
782 1549 824 1570 ex
853 1540 908 1570 Sa.
937 1540 1053 1570 Burin.
1080 1539 1193 1580 placet
1220 1549 1290 1580 prae
1319 1539 1410 1578 vulg.
1440 1548 1621 1579 corpora.—

820 1658 850 1689 N
858 1658 959 1689 OTAE

205 1735 266 1765 303
290 1732 471 1772 Achillidae]
494 1732 620 1773 Pyrrhi
637 1741 696 1763 seu
712 1732 865 1774 Neopto-

162 1784 253 1824 lemi,
271 1784 410 1814 Achillis
424 1782 496 1815 filii.

207 1833 350 1874 Clarum]
373 1833 527 1874 Pyrrhus
548 1838 600 1864 est
624 1843 685 1865 rex
709 1834 866 1874 Epirota-

162 1895 234 1916 rum
252 1885 309 1926 qui
325 1885 446 1916 eodem
461 1885 595 1915 nomine
617 1889 720 1925 atque
737 1884 865 1923 origine

163 1935 288 1967 claruit
300 1945 366 1976 quo
379 1934 533 1975 Pyrrhus
546 1935 603 1965 ille
616 1934 756 1965 Achillis
765 1933 865 1965 filius.

162 1987 292 2026 Tegula
318 1996 412 2025 vero,
433 1985 512 2016 anili
530 1985 666 2026 quidem
689 1994 790 2015 manu
807 1985 866 2014 im-

164 2037 277 2077 missa,
294 2039 367 2068 Rex
385 2038 512 2068 estiste
528 2037 753 2069 exanimatus.

207 2090 269 2118 305
294 2086 429 2127 Pyrrhi]
454 2087 506 2118 De
525 2087 755 2127 Neoptolemo
771 2086 868 2117 intel-

163 2136 251 2176 lige3
284 2146 428 2178 namque
449 2137 522 2167 haec
546 2136 664 2167 eadem
688 2135 798 2167 refert
824 2135 867 2166 de

165 2188 223 2219 illo
241 2188 397 2228 Hyginus
415 2188 500 2228 ipse,
512 2189 546 2218 in
560 2198 658 2229 quem
676 2188 742 2219 ista
756 2188 868 2219 omnia

164 2238 264 2277 vulgo
279 2244 444 2278 congesta
458 2243 592 2278 putant.

208 2289 270 2318 307
296 2287 455 2327 Nataque]
481 2287 664 2318 Laodamia
689 2291 754 2327 est,
782 2287 868 2327 Pyr-

165 2338 215 2369 rhi
246 2338 394 2369 AEacidae
425 2339 640 2379 Epirotarum
669 2339 758 2379 regis
786 2338 868 2376 filia,

167 2396 242 2429 quae
258 2387 299 2418 ad
314 2387 448 2419 Cereris
464 2398 555 2420 aram
572 2388 723 2429 quamvis
750 2387 867 2419 confu-

168 2439 284 2480 gisset,
300 2438 417 2479 populi
430 2448 597 2470 concursu
611 2438 794 2470 interfecta
806 2444 867 2471 est.

168 2489 268 2523 Quod
284 2488 416 2520 facinus
432 2487 489 2518 Dii
505 2488 708 2519 immortales
727 2489 869 2519 assiduis

168 2538 337 2577 cladibus,
360 2537 554 2577 sterilitate,
580 2538 684 2578 fame,
705 2543 741 2569 et
765 2547 870 2578 prope

169 2587 310 2619 interitu
327 2587 432 2619 totius
451 2587 567 2628 populi
587 2588 869 2625 vindicaverunt3

171 2644 209 2668 nt
235 2635 311 2668 fuse
333 2641 451 2667 narrat
475 2636 629 2668 ,lustinus
652 2638 712 2669 lib.
736 2646 868 2669 xxviii.

172 2689 301 2720 Noster
329 2686 482 2728 proximo
515 2695 610 2718 versu
641 2689 722 2722 satis
752 2693 870 2731 aperte

172 2738 313 2771 iudicat.

964 1736 1027 1764 308
1045 1734 1115 1764 Non
1131 1732 1219 1772 licet]
1243 1731 1332 1763 Illud
1350 1734 1402 1762 est
1418 1728 1507 1771 quod
1523 1729 1622 1761 modo

922 1783 1002 1823 dixi,
1020 1782 1109 1814 fame
1134 1781 1278 1813 afflictos
1305 1782 1464 1821 Epirotas
1481 1783 1623 1820 propter

922 1835 1032 1865 scelus
1051 1839 1086 1864 et
1102 1834 1295 1874 neglectum
1313 1830 1446 1862 Cereris
1464 1839 1599 1860 numen.

964 1887 1027 1915 309
1064 1883 1180 1923 Nepos]
1216 1883 1316 1914 Hunc
1343 1881 1457 1921 magni
1487 1880 1625 1921 Pyrrhi,

922 1935 1015 1975 cnjus
1029 1934 1060 1964 in
1078 1934 1181 1964 Italia
1196 1943 1249 1964 res
1263 1937 1367 1973 gestae
1384 1933 1626 1969 memorantur,

920 1986 1040 2016 volunt
1056 1984 1159 2016 fuisse
1183 1988 1362 2025 nepotem;
1386 1992 1497 2023 quem,
1521 1986 1559 2012 ut
1583 1991 1624 2012 ex
1667 2013 1673 2016 ,

923 2034 1089 2066 Athenaeo
1107 2044 1248 2074 pronum
1275 2037 1328 2064 est
1353 2032 1532 2072 suspicari,
1555 2040 1624 2062 ma·

922 2090 976 2116 ter
1001 2095 1060 2116 seu
1089 2085 1164 2115 avia
1182 2083 1359 2124 Olympias
1386 2092 1452 2113 una
1479 2092 1555 2113 cum
1570 2082 1626 2112 'ri-

923 2135 1018 2175 gride
1042 2136 1154 2175 puella
1171 2134 1316 2176 quadam
1342 2133 1524 2172 Leucadia,
1547 2141 1626 2164 con·

921 2186 1045 2217 cubina
1059 2186 1143 2226 ejus,
1158 2195 1289 2215 veneno
1305 2183 1453 2214 sustulit.

964 2239 1026 2267 310
1046 2235 1285 2275 Cantharidum]
1308 2235 1392 2266 Quae
1406 2242 1528 2264 muscae
1546 2236 1626 2264 sunt

922 2286 970 2317 ita
996 2290 1171 2317 venenatae
1198 2289 1235 2315 ut
1261 2293 1321 2325 pro
1346 2293 1475 2315 veneno
1493 2293 1512 2314 a
1528 2283 1625 2314 Cice-

924 2346 1004 2367 rone
1021 2340 1238 2376 usurpentur.

966 2388 1029 2417 312
1046 2385 1121 2424 Pia]
1139 2384 1267 2415 Fabula
1283 2387 1336 2413 est
1353 2382 1509 2419 obscura,
1524 2389 1623 2421 quam

923 2435 1074 2467 nonnulli
1089 2444 1131 2464 cx
1146 2431 1290 2463 vetustis
1307 2430 1505 2471 quibusdam
1522 2429 1627 2461 inter·

925 2484 1078 2526 pretibus
1104 2483 1146 2513 ad
1174 2483 1363 2513 Leuconem
1379 2480 1549 2520 quendam
1573 2490 1625 2513 re.

924 2534 1051 2572 ferunt,
1084 2531 1140 2574 qui
1170 2530 1310 2561 fratrem
1344 2531 1545 2569 Spartacum
1582 2539 1626 2562 ex

925 2582 1073 2614 Persicis
1082 2580 1216 2620 regibus
1228 2589 1342 2616 unum,
1351 2584 1409 2609 aut
1421 2579 1625 2614 Oxilochum

926 2643 1039 2673 regem
1056 2632 1172 2670 Ponti,
1185 2630 1368 2669 occiderit3
1385 2640 1539 2670 sperans,
1552 2631 1626 2664 scil.

925 2682 1092 2724 siquidem
1115 2690 1191 2711 cum
1207 2680 1322 2711 fratris
1347 2690 1452 2712 uxore
1468 2681 1626 2713 adultera

926 2742 995 2766 rem
1013 2731 1169 2774 haberet,
1180 2731 1269 2763 ultro
1282 2740 1355 2764 sese
1369 2740 1507 2773 regnum
1524 2732 1627 2775 adep-
