1877 3193
561 167 714 197 neisr.
750 165 815 195 Ex
851 165 1008 195 rouro
1042 164 1138 195 mss.
1172 162 1245 193 111.
1271 152 1313 194 3.
1553 153 1668 194 2647

211 262 405 303 Praemia
426 275 507 303 nec
530 261 691 303 Chiron
713 263 768 303 ab
792 261 964 303 Achilli
983 261 1091 302 talia
1111 259 1251 313 cepit,

268 329 620 383 Pythagoraeque
640 330 780 371 ferunt
799 343 883 370 non
902 330 1106 370 nocuisse
1129 327 1340 368 Numam.

212 395 407 438 Nomina
428 410 510 437 neu
529 396 717 438 referam
736 397 914 449 longum
935 396 1120 436 collecta
1141 408 1216 448 per
1236 406 1396 443 aevum,

270 464 508 517 Discipulo
530 464 644 516 perii
666 462 785 503 solus
807 463 862 502 ab
882 463 978 514 ipse
997 473 1112 501 meo.

213 531 330 572 Dum
354 529 509 570 damus
532 542 653 569 arma
673 529 766 576 tibi,
788 528 891 568 dum
912 532 969 576 te,
989 527 1171 577 lascive,
1193 527 1428 579 docemus3

272 597 389 638 Haec
411 600 451 637 te
472 595 694 648 discipulo
716 594 830 636 dona
851 595 1057 648 magister
1077 594 1224 635 habet.

213 664 312 705 Scis
333 668 491 712 tamen,
515 666 561 703 ut
582 661 753 716 liquido
769 662 948 716 juratus
971 662 1117 703 dicere
1139 662 1307 715 possis,

273 730 378 772 Non
398 743 467 770 me
489 730 708 782 legitimos
732 730 980 770 solicitasse
1001 733 1135 770 toros.

214 797 480 851 Scripsimus
500 797 595 838 haec
617 798 731 846 istis,
755 809 944 850 quarum
965 808 1047 836 nec
1069 795 1184 836 vitta
1203 793 1390 849 pudicos

271 864 495 918 Contingit
516 865 669 914 crines,
692 877 772 904 nec
793 864 910 904 stola
927 863 1056 916 longa
1077 862 1229 916 pedes.

216 931 319 982 Dic,
339 944 509 985 precor,
533 930 767 984 ecquando
787 930 983 972 didicisti
1004 930 1154 971 fallere
1175 933 1335 983 nuptas
1354 942 1365 981 ;

272 998 330 1040 Et
349 999 493 1039 facere
515 999 724 1039 incertum
743 1011 822 1051 per
840 1011 942 1039 mea
957 998 1086 1052 jussa
1105 1010 1238 1050 genus
1255 997 1273 1036 ‘l

1615 394 1672 433 45

1620 728 1675 768 50

215 1148 292 1178 erga
316 1137 466 1179 Satyrum
489 1138 663 1179 Phrygem.
709 1139 818 1178 Neque
845 1139 961 1170 Chiron
978 1138 1150 1179 reportavit
1162 1138 1292 1169 similem
1309 1139 1473 1169 mercedem
1488 1138 1525 1169 ab
1542 1137 1661 1170 Achille
1674 1149 1684 1175 ;

216 1185 245 1212 et
261 1182 367 1212 dicunt
388 1182 520 1212 Numam
537 1191 596 1211 non
612 1180 745 1218 obfuisse
762 1182 968 1221 Pythagorae.
1012 1181 1100 1211 Nere
1123 1190 1296 1212 recenseam
1316 1181 1439 1211 nomina
1460 1182 1623 1221 deportata
1645 1191 1684 1211 ex

213 1224 347 1265 prolixis
362 1223 560 1263 temporibus,
589 1233 644 1261 ego
671 1224 751 1254 solus
773 1223 882 1254 interii
906 1235 924 1254 u
946 1233 1011 1254 meo
1026 1224 1187 1271 discipulo.
1233 1224 1316 1254 Dum
1333 1223 1514 1254 instruimus
1530 1227 1560 1254 te
1575 1224 1684 1261 armis,

215 1269 289 1298 (lum
304 1266 461 1297 erudimus
475 1269 518 1304 te,
533 1266 657 1304 lascive,
669 1269 841 1305 praeceptor
856 1266 954 1306 refert
969 1267 1034 1296 hoec
1052 1266 1184 1306 proemz'a
1207 1268 1238 1296 te
1254 1265 1415 1305 discipulo.
1460 1265 1567 1296 Habes
1583 1269 1687 1296 tamen

215 1312 415 1349 compertum,
440 1312 469 1339 et
483 1308 581 1355 possis
593 1308 736 1349 profiteri
751 1317 820 1339 vere
838 1308 981 1358 ¹juratus,
997 1318 1044 1339 me
1061 1309 1141 1339 nihil
1156 1308 1315 1348 quicquam
1330 1308 1540 1339 machinatum
1557 1318 1619 1339 esse
1631 1309 1686 1339 ad-

215 1360 321 1382 tersus
338 1352 432 1381 lectos
446 1350 613 1389 legitimos.
659 1350 728 1381 Ista
750 1351 930 1390 scripsimus
944 1351 997 1390 iis,
1013 1361 1142 1391 quarum.
1157 1361 1250 1391 neque
1266 1351 1346 1381 vitta
1360 1352 1465 1390 tangit
1481 1361 1582 1382 comas
1595 1351 1686 1392 pudi-

215 1403 277 1431 cas,
295 1403 390 1433 neque
414 1393 539 1433 prolixa
555 1393 634 1423 stola
645 1394 749 1433 pedes.
794 1394 870 1432 Dic,
886 1404 999 1434 quoeso,
1020 1395 1173 1434 ecquando
1195 1395 1302 1424 doctus
1316 1403 1348 1423 es
1362 1395 1500 1434 decipere
1517 1397 1638 1434 nuptas,
1656 1396 1687 1423 t

216 1417 345 1468 reddere
361 1435 491 1467 sobolem
507 1437 657 1467 incertam
670 1445 726 1476 per
742 1446 808 1467 mea
819 1440 974 1476 pvoecepta
986 1434 1002 1467 I?
1045 1439 1097 1467 An
1113 1437 1211 1466 omnis
1232 1435 1371 1466 foemina
1388 1436 1430 1466 sit
1446 1445 1549 1467 severe
1565 1436 1686 1476 repulsa

833 1529 1071 1541 eeeeeeeeeeee

220 1584 361 1624 vulgata
387 1583 488 1614 lectio
510 1583 597 1614 bene
622 1591 657 1612 se
683 1581 798 1613 habet.
822 1581 985 1619 Εὐμόλπος
1006 1584 1194 1614 Ποσειδῶνος
1216 1582 1266 1613 καὶ
1288 1581 1398 1620 Χιόνης
1420 1582 1622 1615 Pausaniae:
1649 1589 1687 1615 at

219 1627 403 1658 Theocrito
423 1625 524 1666 ldyll.
549 1633 639 1656 xxv.
654 1624 879 1663 Φιλαμμονίδης
896 1626 1080 1666 Eumolpus
1099 1626 1236 1657 dieitur.
1282 1627 1399 1656 Mater
1413 1631 1523 1656 antem
1541 1626 1686 1657 Philam-

222 1670 330 1700 monis
355 1668 504 1706 Chione;
529 1673 565 1698 ut
585 1667 712 1698 Noster
739 1670 810 1707 ipse
836 1668 922 1699 Met.
948 1676 1001 1698 xt.
1017 1671 1092 1700 314.
1117 1673 1293 1699 memorat.
1339 1668 1466 1699 Docuit
1484 1669 1535 1698 hic
1552 1669 1687 1699 Eumol-

220 1721 281 1752 pus
299 1711 430 1742 citbara
448 1711 634 1741 Herculem
650 1720 787 1749 canere,
814 1715 903 1741 teste
921 1710 1045 1741 ibidem
1062 1711 1255 1742 Theocrito.
1279 1710 1423 1751 Argent.
1446 1711 1491 1741 At
1508 1721 1567 1741 non
1582 1713 1688 1742 credes

221 1755 413 1794 Eumolpus:
435 1753 607 1783 mendose.
622 1752 821 1784 Heius—43
837 1753 956 1784 Achilli
971 1758 1053 1785 vett.
1072 1754 1127 1784 alii
1143 1754 1268 1785 Achilla
1285 1755 1337 1784 vel
1354 1754 1483 1785 Achille.
1507 1754 1591 1784 Mox
1606 1763 1692 1784 unus

219 1797 310 1827 liber
325 1796 437 1826 sumsit
454 1805 517 1836 pro
545 1795 722 1835 cepit.-45
748 1796 838 1827 Mor.
865 1796 938 1836 quid
966 1806 1027 1836 pro
1044 1806 1121 1827 neu.-
1145 1797 1201 1827 alii
1218 1807 1266 1835 ne,
1292 1797 1344 1827 vel
1371 1806 1436 1827 nec.
1460 1796 1544 1826 Mox
1568 1796 1689 1827 Medo-

222 1839 313 1870 nian.
339 1840 421 1877 long.
450 1839 560 1868 collata
583 1841 733 1878 petz—47
759 1837 841 1878 Arg.
866 1840 937 1868 dum
965 1840 1089 1870 tendere
1112 1841 1175 1870 tela
1198 1841 1434 1869 docemus.—48
1460 1838 1528 1868 Alii
1556 1838 1636 1868 Haec
1652 1839 1689 1869 de

222 1882 418 1922 discip.-49
447 1881 489 1911 L't
510 1880 631 1910 Heius.
650 1881 825 1920 rescripsit
844 1890 885 1911 ex
912 1881 996 1921 Arg.
1015 1891 1074 1921 pro
1101 1883 1193 1921 vulg.
1213 1883 1351 1912 Et.——5l
1377 1880 1446 1910 Alii
1463 1881 1517 1910 hoc
1534 1889 1594 1919 pro
1611 1881 1689 1911 hcec.

222 1924 300 1956 Istis
329 1933 370 1954 ex
401 1924 475 1954 Pol.
493 1923 583 1961 vulg.
602 1922 675 1953 iuis.
699 1923 836 1953 Deinde
855 1923 967 1953 Ursiu.
987 1924 1057 1954 citt.
1073 1924 1298 1963 pudoris.—52
1323 1923 1391 1953 Pro
1411 1923 1575 1961 Contingit
1592 1923 1690 1953 multi

227 1966 426 2005 Contigerit‚·
463 1965 529 1995 dno
560 1965 773 2003 Contingunt.-
812 1965 956 1996 totidem
981 1966 1162 2004 Λαίς-ενα,-
1195 1971 1263 1996 tres
1291 1965 1447 2003 sitting-it,
1469 1965 1636 2005 quomodo
1653 1970 1690 1996 et

224 2008 332 2038 minor
364 2008 495 2048 Gryph.
523 2007 612 2038 unde
644 2008 797 2047 Scaliger
823 2008 1010 2047 Astringit:
1034 2008 1165 2038 Arund.
1197 2009 1407 2046 Constringit.
1433 2008 1517 2038 Mox
1548 2008 1602 2038 Fr.
1619 2008 1691 2039 stol.

216 2050 310 2088 fulva
325 2051 395 2090 ped.
423 2051 539 2080 Burm.
558 2049 646 2089 conj.
664 2049 837 2087 fusa.-—53
863 2051 951 2080 Mor.
969 2051 1065 2081 Serv.
1082 2056 1117 2081 et
1134 2050 1266 2091 Mycill.
1293 2050 1425 2090 Grypli.
1443 2050 1577 2080 Bersm.
1593 2050 1687 2081 aliae-

224 2102 289 2133 que
305 2092 394 2124 Edd.
409 2102 493 2133 prec.
510 2092 576 2132 hoc,
592 2094 712 2131 quando
727 2093 821 2124 didic.
845 2093 925 2126 Juu.
942 2098 978 2124 et
994 2093 1090 2125 Leid.
1107 2093 1161 2123 hoc
1176 2094 1295 2133 quando
1306 2104 1316 2123 :
1340 2093 1381 2124 P.
1397 2103 1414 2123 o
1439 2094 1581 2132 quondm·
1605 2092 1689 2124 alius

879 2200 909 2230 N
917 2198 1018 2230 OTAE

270 2287 311 2316 42
339 2284 483 2326 Phryga]
519 2285 693 2325 Marsyam
719 2284 803 2315 dicit
827 2285 934 2317 Celae-

228 2336 279 2366 nis
313 2335 474 2375 I'hrygiae
500 2334 627 2375 oppido
656 2335 848 2373 oriundum,
877 2335 935 2376 qui

990 2285 1228 2327 expugnandis
1244 2284 1366 2326 puellis
1384 2293 1476 2316 arma
1490 2289 1604 2316 vocat.

1031 2340 1073 2368 48
1098 2336 1192 2376 Hoec]
1220 2336 1378 2375 Exilium,
1394 2336 1465 2366 scil.

227 2386 311 2417 tibia
329 2385 519 2425 Apollinem
538 2395 636 2415 ausus
654 2395 858 2425 provocare.

271 2439 312 2468 43
350 2437 482 2476 Chiron]
513 2438 715 2476 Centaurus,
740 2437 784 2468 de
807 2447 872 2478 quo
900 2438 934 2468 in

231 2485 372 2516 Metam.
390 2486 531 2517 Achillis
548 2491 755 2527 praeceptor.

276 2538 315 2565 >M
350 2537 500 2576 Numam]
536 2538 586 2567 Ex
612 2538 744 2568 illorum
777 2538 937 2578 opinione

234 2586 383 2624 loquitur
399 2586 455 2625 qui
472 2587 559 2617 hunc
583 2588 804 2619 Romanorum
823 2597 935 2628 regem

235 2634 418 2665 secundum
437 2634 642 2675 Pytliagorae
661 2637 860 2678 Philosophi
877 2638 939 2668 dis·

236 2685 384 2724 cipulum
402 2684 546 2715 credunt
561 2684 676 2716 fuisse.

282 2739 319 2766 >17
349 2736 469 2767 Damus
483 2735 585 2775 arma]
618 2736 798 2778 Praecepta
820 2749 878 2770 sua
896 2739 937 2769 ‹le

1031 2391 1069 2419 51
1094 2387 1198 2427 Vitta]
1212 2387 1398 2417 Vestalium
1413 2390 1448 2416 et
1461 2388 1692 2415 matronarum

990 2439 1113 2480 capitis
1133 2443 1268 2478 tegmen
1293 2441 1350 2466 aut
1366 2434 1472 2465 fascia
1491 2433 1691 2464 coercendis

991 2489 1140 2520 crinibus
1156 2486 1232 2517 fuit.

1034 2541 1074 2568 52
1099 2535 1202 2574 Scala]
1226 2533 1341 2564 Vestis
1363 2536 1437 2563 erat
1454 2540 1529 2572 quae
1547 2530 1588 2562 ad
1606 2532 1690 2564 imos

992 2587 1097 2628 pedes
1114 2584 1298 2615 defluebat.

1036 2640 1075 2667 54
1095 2633 1266 2673 Incertum]
1288 2631 1392 2664 Nothi
1407 2637 1500 2664 certe
1516 2643 1579 2674 quo
1596 2638 1692 2675 patre

993 2687 1064 2717 nati
1079 2687 1145 2716 sint
1163 2689 1198 2715 ut
1216 2684 1395 2724 plurimum
1413 2683 1582 2723 ignorant.
