1877 3193
841 180 952 212 iuis.
1509 172 1625 214 2809

167 272 361 328 Solaque
384 273 568 315 Limone
590 287 766 328 poenam
788 287 844 315 ne
867 273 1051 315 senserit
1071 274 1208 326 illam,

225 340 282 383 Et
301 346 375 384 tua
395 342 521 383 dente
541 343 633 383 fero
652 343 824 383 viscera
845 345 1001 396 carpat
1021 355 1179 397 equus.

166 407 276 460 Aut,
298 414 345 451 ut
367 409 682 461 Cassandreus,
704 410 882 452 domino
903 423 991 451 non
1010 411 1156 453 mitior
1176 411 1269 462 illo,

222 476 412 518 Saucius
433 478 602 530 ingesta
622 477 938 519 contumuleris
960 479 1107 518 humo.

164 541 269 593 Aut,
292 549 343 584 ut
362 544 650 594 Abantiades,
677 549 752 585 aut
771 548 820 584 ut
840 543 1058 597 Cycneius
1079 543 1222 594 heros,

222 610 411 653 Clausus
432 613 477 652 in
498 622 728 664 aequoreas
750 610 1042 664 praecipiteris
1066 624 1223 665 aquaS.

163 675 363 718 Victima
382 679 450 719 vel
472 677 647 718 Phoebo
666 689 820 717 sacras
840 678 1046 719 macteris
1069 677 1125 719 ad
1146 691 1261 729 araS,

221 742 367 794 Quam
388 744 489 785 tulit
510 758 538 786 a
560 756 684 785 saevo
706 743 960 786 Theudotus
977 744 1104 787 hoste
1124 758 1292 788 necem.

1540 545 1626 587 465

158 876 240 908 sicut
255 876 353 908 victor
367 880 397 908 et
408 877 490 908 victa
500 881 624 917 repente
635 877 749 908 mutati
764 880 846 908 sunt.
875 877 916 909 Et
928 888 965 908 ne
985 878 1112 910 Limone
1122 879 1186 910 sola
1198 882 1327 919 experta
1341 879 1382 911 sit
1394 879 1480 911 illam
1488 889 1624 921 poenam,

160 929 253 960 equus
264 920 419 961 discerpat
434 923 488 951 tua
502 919 675 960 praecordia
688 922 777 951 dente
788 931 879 953 soevo.
920 922 974 953 Vel
987 926 1021 953 ut
1030 923 1171 953 dominus
1186 922 1365 963 Cassandri,
1377 933 1436 954 non
1447 923 1546 954 lenior
1556 922 1623 963 illo,

158 963 339 994 vulneratus
348 964 507 1003 sepeliaris
517 967 602 994 terra
614 965 816 1004 superposita.
840 964 895 994 Vel
904 968 938 994 ut
946 965 1210 1003 Abantiades‚aut
1221 969 1255 996 ut
1265 966 1355 997 heros
1369 966 1533 1007 Cymez’us,
1541 966 1623 997 clau-

160 1015 211 1036 sus
216 1006 395 1046 projiciaris
407 1007 438 1036 in
449 1016 545 1046 aquas
556 1007 704 1037 marinas.
738 1007 804 1037 Aut
806 1006 965 1046 juguleris
976 1011 1122 1049 tanquam
1133 1008 1235 1039 hostia
1248 1009 1388 1049 Apollini
1398 1010 1439 1040 ad
1449 1019 1538 1040 sacra
1545 1008 1625 1040 alta-

158 1049 220 1089 ria,
229 1059 320 1089 quam
330 1053 458 1080 mortem
469 1050 643 1080 Theudotus
653 1059 761 1090 passus
772 1053 817 1080 est
828 1050 865 1081 ab
875 1050 960 1081 hoste
971 1052 1100 1083 crudeli.
1136 1052 1192 1083 Vel
1201 1052 1325 1083 Abdera
1334 1055 1365 1084 te
1377 1051 1623 1083 execrationibus

773 1135 1010 1148 eeeeeeeeeeee

159 1198 269 1230 Codd.
291 1199 336 1230 Ut
349 1203 414 1232 tua.
438 1200 575 1233 Deinde
593 1211 676 1232 unus
693 1201 813 1233 Heius.
837 1202 913 1234 vise.
927 1206 1036 1243 pascat
1052 1204 1205 1243 eq.—-·163
1229 1202 1323 1234 Libri
1347 1201 1446 1234 multi
1471 1205 1623 1240 vetereS,

159 1242 366 1274 Cassandrae:
405 1244 555 1284 qnidam,
588 1246 782 1275 Cassandrus
804 1245 924 1276 domino
952 1255 1011 1276 non
1037 1246 1146 1276 mitior
1167 1246 1231 1284 illo,
1255 1246 1322 1285 vel,
1348 1246 1569 1285 Cassandreus,
1584 1249 1624 1274 ut

160 1284 405 1325 Apollodorum
433 1287 647 1318 Cassandriae
675 1289 868 1328 Tyrannum
885 1287 1055 1327 intelligat
1070 1299 1079 1325 ;
1096 1288 1138 1318 de
1156 1298 1222 1329 quo
1238 1288 1342 1319 Pont.
1359 1289 1382 1319 l.
1398 1296 1440 1318 11.
1455 1288 1554 1326 Eleg.
1571 1294 1624 1317 11.

157 1327 215 1358 ubi
240 1329 428 1359 monuimus
452 1329 669 1360 scribendum
700 1330 832 1360 videri:
858 1330 924 1360 Aut
950 1331 1152 1361 Cassandrea>
1172 1331 1294 1361 domino
1315 1339 1376 1361 non
1397 1328 1506 1360 mitior
1526 1327 1624 1360 urbis.

158 1369 279 1401 Heius.
320 1372 506 1401 Cassandrii
519 1373 641 1402 domino
658 1381 742 1402 nnus
760 1371 916 1403 Heinsii:
944 1372 1143 1412 Cassandrez',
1176 1373 1228 1404 vel
1256 1373 1466 1404 Cassandreus
1482 1371 1623 1403 Moreti.

158 1412 242 1443 Mox
260 1422 308 1444 vs.
324 1423 394 1453 seq.
416 1413 532 1452 injecta
556 1414 704 1453 Regius;
729 1414 762 1444 in
793 1415 907 1445 Getica
929 1415 1065 1446 Sarrav.
1088 1416 1308 1446 Burm.——465
1333 1415 1480 1447 Quidam
1504 1414 1624 1454 legunt

157 1458 190 1485 ut
210 1455 362 1496 Cycne'ius
385 1455 452 1486 her.
482 1456 588 1486 Multi
603 1456 759 1495 Ligno'z'us
772 1457 825 1487 vel
839 1456 1093 1488 Lene'ius.—-466
1115 1456 1263 1490 Quidam
1282 1457 1387 1487 Caesus
1401 1466 1464 1497 pro
1481 1457 1623 1488 Clausus.

825 1549 965 1582 NOTAE

157 1630 256 1664 ratae,
271 1624 421 1657 fabulam
439 1625 583 1656 vidimus
598 1625 632 1656 in
651 1625 796 1657 Metam.

198 1681 259 1709 461
285 1677 430 1717 Limone]
467 1678 519 1708 De
544 1677 604 1708 hac
631 1677 860 1718 Hippomenis

156 1738 175 1758 a
192 1733 290 1768 patre
306 1727 340 1758 iu
365 1727 534 1758 adulterio
556 1727 769 1768 deprehensa
785 1727 859 1768 jam

154 1788 255 1819 supra
271 1777 402 1809 dictum
418 1787 466 1808 vs.
484 1780 558 1809 337.

198 1831 262 1860 463
289 1828 513 1869 Cassandreus]
566 1829 659 1869 Lego
691 1827 860 1859 Cassandri

154 1880 306 1911 dominus.
334 1879 517 1910 Herculem
534 1879 669 1910 videtur
683 1878 860 1919 designare

155 1930 344 1962 Alexandri
380 1930 489 1970 magni
522 1929 643 1968 filium,
677 1929 859 1961 Cassandri

155 1982 310 2022 adeoque
334 1981 519 2019 dominum,
534 1981 700 2023 siquidem
723 1981 858 2021 paterni

154 2032 249 2072 regni
265 2032 375 2063 haeres
398 2032 583 2071 legitimus,
597 2042 711 2073 quem,
727 2038 764 2063 ut
779 2032 858 2064 Jus-

157 2082 248 2112 tinus
265 2082 395 2120 scribit,
412 2081 604 2113 Cassander
625 2082 729 2113 tacite
746 2081 858 2113 occidi

149 2132 267 2171 jussit,
283 2137 319 2163 et
336 2137 428 2164 terra
443 2132 553 2163 obrui.

198 2183 315 2214 Mitior
336 2182 405 2223 illo]
447 2182 502 2213 Ad
536 2182 613 2214 Ibin
640 2181 858 2214 referendum

154 2234 257 2273 istud,
282 2245 381 2276 quem
407 2236 440 2266 in
458 2245 494 2266 se
515 2245 581 2266 non
602 2235 711 2266 minus
737 2235 857 2266 crude-

154 2286 218 2316 lem
247 2286 354 2324 Naso,
386 2296 488 2326 quam
522 2285 555 2316 in
586 2285 773 2316 Alexandri
799 2284 858 2315 do-

154 2345 243 2366 mum
259 2336 482 2367 Cassandrum
499 2345 573 2367 esse
590 2336 686 2367 dicit.

198 2388 259 2417 465
287 2386 493 2426 Abantiades]
537 2386 685 2417 Perseus
720 2385 857 2416 videtur

155 2445 228 2467 esse
243 2434 389 2466 Abantis
412 2433 530 2476 Argivi
557 2446 740 2477 pronepos,
756 2445 856 2477 quem

155 2495 221 2517 una
236 2495 312 2517 cum
329 2488 437 2514 matre
454 2484 570 2517 Dana&
588 2485 741 2517 Acrisius
757 2486 856 2526 hujus

156 2542 256 2577 pater
271 2545 352 2566 arca
376 2535 571 2567 conclusum
598 2537 634 2568 in
659 2546 751 2567 mare
778 2546 855 2576 pro-

150 2587 260 2628 Jecit;
282 2585 491 2626 Polydectes
507 2592 620 2620 tamen
637 2588 800 2628 servavit,
817 2593 854 2619 ut

155 2638 234 2670 alibi
248 2637 392 2668 dictum.

200 2686 368 2728 Cycneius]
393 2687 485 2727 Lego
498 2686 679 2727 Lyrnesius.
715 2690 772 2721 De
787 2687 855 2720 Te-

156 2738 256 2780 lepho
280 2736 442 2769 Herculis
457 2746 499 2768 ex
515 2736 614 2779 Auge
637 2737 707 2771 filio
728 2739 855 2781 agitur,

916 1634 1017 1666 quem
1034 1624 1076 1656 ab
1101 1624 1188 1657 Aleo
1204 1629 1358 1657 materno
1378 1634 1441 1657 avo
1459 1635 1535 1657 cum
1552 1635 1622 1657 ma-

915 1680 967 1706 tre
984 1675 1191 1716 expositum,
1213 1680 1249 1707 et
1277 1676 1320 1707 ad
1345 1676 1451 1717 Cayci
1474 1675 1622 1708 fluminis

915 1727 1000 1758 ostia
1031 1726 1196 1766 delatum,
1224 1731 1262 1758 ut
1296 1727 1419 1759 Strabo
1456 1727 1620 1768 priorque

916 1777 1097 1818 Euripides
1119 1778 1343 1818 scripserunt,
1363 1777 1534 1809 Teuthras
1559 1787 1621 1809 rex

915 1828 1039 1868 Mysiae
1057 1832 1093 1859 et
1113 1827 1241 1859 Ciliciae
1265 1827 1400 1868 imperii
1414 1826 1500 1859 fecit
1514 1827 1621 1859 haere-

914 1877 1004 1909 dem.
1056 1878 1241 1918 Lyrnesius
1269 1882 1382 1909 autem
1405 1887 1425 1909 a
1448 1878 1620 1918 Lyrnesso

914 1929 1045 1961 Ciliciae
1073 1929 1155 1961 urbe
1181 1929 1320 1961 dicitur.
1372 1929 1533 1961 Ceterum
1557 1938 1620 1969 pro

912 1979 1094 2020 Lyrnesius,
1113 1980 1267 2021 Cycneius
1282 1989 1324 2011 ex
1341 1980 1544 2011 Sarraviano
1561 1989 1619 2011 co-

912 2029 988 2060 dice
1006 2030 1133 2061 clariss.
1161 2029 1324 2060 Heinsius
1351 2034 1567 2070 reposuerat,
1583 2034 1620 2060 et

912 2080 956 2112 de
971 2082 1061 2112 Tene
1079 2079 1236 2122 quodam,
1253 2080 1348 2120 cujus
1372 2080 1472 2120 longa
1494 2083 1546 2111 est
1569 2078 1619 2111 fa-

913 2129 1003 2167 bula,
1020 2135 1240 2171 exposuerat.
1264 2131 1393 2161 Verum
1411 2131 1445 2161 in
1462 2130 1512 2162 his
1530 2130 1620 2172 quis-

912 2181 1027 2222 quiliis
1044 2182 1172 2213 diutius
1191 2181 1217 2212 si
1235 2179 1621 2221 immoraremur,pessi-

912 2243 965 2265 me
986 2239 1022 2265 et
1048 2238 1204 2274 tempore
1233 2238 1270 2264 et
1290 2232 1362 2263 vita
1385 2236 1421 2262 et
1448 2231 1619 2272 patientia

912 2289 971 2316 tua
995 2284 1101 2324 abuti,
1125 2285 1263 2322 Lector,
1290 2282 1498 2314 videremur.
1536 2283 1618 2314 Plu·

911 2336 997 2366 rima
1022 2339 1102 2365 sunt
1129 2344 1203 2375 quae
1230 2342 1402 2374 nunquam
1428 2332 1547 2363 melius
1566 2332 1617 2362 in-

911 2386 1114 2425 telliguntur
1131 2393 1232 2425 quam
1249 2392 1327 2413 cum
1339 2381 1444 2412 semel
1459 2386 1564 2422 atque
1579 2381 1616 2413 in

910 2441 1114 2478 perpetuum
1138 2432 1379 2472 negliguntur:
1409 2439 1522 2472 neque
1547 2440 1616 2462 me-

910 2485 1036 2516 diocris
1069 2488 1122 2514 est
1145 2481 1269 2523 judicii
1299 2491 1341 2512 ea
1371 2480 1484 2512 omnia
1512 2480 1618 2513 inter-

910 2542 1063 2566 noscere.

950 2587 1014 2615 468
1041 2581 1231 2622 Theudotus]
1282 2581 1364 2621 Hic,
1391 2591 1434 2612 ex
1463 2580 1615 2624 Justino,

909 2633 1170 2665 Bactrianorum
1197 2641 1271 2672 rex,
1287 2636 1392 2673 atque
1415 2631 1459 2663 ab
1484 2631 1614 2665 Arsace

910 2685 1116 2716 Parthorum
1137 2693 1216 2724 rege
1229 2687 1399 2715 mactatus
1413 2693 1434 2714 a
1446 2684 1616 2726 Domitio,

910 2745 953 2767 ex
969 2735 1089 2767 eodem
1106 2735 1177 2776 illo,
1188 2734 1325 2768 dicitur.
1356 2735 1483 2767 Verum
1499 2738 1612 2778 poste·
