1877 3193
543 181 696 213 nprs'r.
729 182 796 213 nx
830 183 987 215 Pom-o
1020 185 1117 217 ΜΒ.
1149 185 1203 217 11.
1231 174 1275 218 3.
1517 179 1632 222 2579

183 271 263 323 Te,
287 273 394 315 nihil
414 287 470 316 ex
490 280 603 326 acto,
621 277 708 318 nisi
730 291 814 319 non
833 291 1067 332 peccasse,
1088 280 1291 321 ferentem

240 341 406 394 Sponte
423 355 504 384 sua,
524 345 722 396 probitas
743 344 1017 398 officiumque
1031 347 1207 400 juvant.

179 467 288 505 sponte
300 473 369 504 sua,
395 463 474 494 nihil
498 464 677 503 agnoscenti
700 467 854 503 accurate,
880 464 942 494 m'sz'
965 472 1021 493 nos
1046 474 1173 497 errasse.
1222 465 1332 496 Virtus
1351 464 1532 504 tuojudicio
1545 470 1632 499 caret

787 557 1021 570 Onooeeoeeeo

180 624 302 656 Heius.
319 633 381 664 pro
396 623 486 664 vulg.
503 625 675 654 mma—29
698 623 767 655 Alii
788 623 1077 661 noss.sateri.-—33
1103 623 1196 655 Olim
1221 623 1400 664 legebatur
1415 626 1456 657 Te
1481 626 1562 658 nihil
1576 637 1630 659 ex·

179 671 259 707 acto,
272 667 334 698 nisi
354 677 407 697 nos
419 676 556 706 peccasse
564 666 732 704 fatentem.
778 667 887 698 Locus
904 666 1197 697 mendosissimus:
1222 676 1285 698 nec
1297 668 1421 707 juvant
1444 669 1524 700 libri
1538 674 1631 702 vete.

179 719 232 740 res
247 720 257 747 ;
279 709 342 739 nisi
361 709 449 750 quod
468 718 514 739 me
527 718 588 748 pro
604 719 659 739 nos
675 709 707 739 in
722 710 902 740 nonnullis.
947 709 1148 749 Tanaquillo
1168 708 1278 740 Fabro
1295 710 1328 740 in
1350 711 1508 750 Epistolis
1522 721 1632 752 nuper

177 751 280 782 editis
309 760 334 781 1.
351 755 381 781 5.
406 750 585 781 videbatur
601 751 814 783 scribendum
842 760 928 789 esse,
955 751 998 781 Te
1014 751 1092 781 nihil
1106 761 1146 781 ex
1174 755 1243 782 acto
1267 752 1375 783 uisite
1398 752 1512 790 secisse
1524 758 1629 794 peten-

177 797 239 825 tem
251 804 262 824 :
285 803 382 834 quam
397 794 450 823 irle
467 794 727 833 castigationem
745 803 836 824 suam
854 794 1004 834 pluribus
1023 793 1168 824 astruxit
1184 795 1216 824 in
1232 794 1350 825 iisdem
1368 795 1540 833 Epistolis.
1562 797 1631 829 Sed

177 845 296 876 parum
314 837 478 866 concinna
492 842 542 867 est
560 837 719 876 repetitio
744 837 799 867 τοῦ
818 836 869 868 Te.
916 836 1005 868 Quid
1024 836 1050 865 si
1077 837 1243 876 reponas?
1271 838 1312 866 Et
1329 837 1434 868 nihile
1453 839 1554 878 facto,
1568 840 1631 870 nisi

173 878 335 917 tefecisse,
356 882 520 918 petentem.
548 880 694 918 Longius
712 878 845 918 quidem
867 888 886 910 a
899 879 1039 918 vulgata
1051 880 1220 918 scriptura
1240 879 1313 909 haec
1336 880 1482 918 abeunt;
1511 881 1569 912 sed
1584 883 1631 913 nil

178 921 330 952 occurrit
360 922 490 952 melius.
538 923 646 951 Versu
679 922 842 961 proximo,
857 922 972 961 juvant
997 930 1057 961 pro
1079 921 1173 958 ,im-at
1199 922 1366 952 meliores.
1393 923 1500 954 Heius.
1543 924 1629 955 Tor-

175 968 281 1004 quent
296 972 330 994 se
349 963 466 993 mirum
484 964 517 993 in
536 963 669 994 modum
686 964 891 1004 interpretes
908 965 941 994 in
957 973 1055 994 sensu
1079 965 1194 994 borum
1218 964 1397 995 verborum
1414 965 1629 1007 inveniendo,

174 1014 238 1037 nec
255 1016 290 1036 se
308 1006 503 1045 expediunt.
550 1007 622 1045 Ego
651 1012 732 1045 puto
750 1017 801 1037 me
826 1017 937 1037 veram
962 1006 1141 1037 lectionem
1159 1012 1193 1037 et
1218 1007 1423 1037 sententiam
1449 1008 1628 1048 reperisse.

174 1047 321 1078 Dixerat
337 1053 372 1079 et
384 1052 521 1088 questus
538 1054 610 1079 erat
628 1049 783 1087 Ovidius,
799 1050 975 1090 plerosque
992 1049 1173 1079 amicitiam
1193 1058 1234 1079 ex
1253 1050 1402 1080 utilitate
1419 1051 1575 1090 coluisse,
1592 1055 1630 1082 et

173 1088 360 1120 deseruisse
377 1100 423 1127 se,
441 1091 687 1130 quamprimum
704 1090 867 1122 afflictum
884 1092 1059 1122 vidissent.
1104 1091 1292 1121 Maximum
1311 1101 1390 1122 vero
1418 1097 1629 1133 constanter,

173 1132 278 1162 etiam
296 1133 327 1162 in
345 1132 505 1171 adversis,
522 1132 667 1163 officium
685 1134 896 1173 praestitisse,
920 1133 998 1173 quia
1012 1133 1119 1172 ipsam
1146 1134 1305 1163 virtutem
1323 1134 1373 1163 sui
1390 1134 1537 1173 pretium
1554 1144 1627 1166 cre-

174 1173 290 1212 debat,
307 1184 369 1205 nec
386 1175 536 1205 utilitate
564 1176 727 1206 amicitias
752 1175 945 1215 probabat:
971 1184 1074 1215 quare
1101 1175 1281 1213 legendum
1307 1180 1403 1214 puto,
1424 1176 1476 1214 Te,
1493 1177 1571 1208 nihil
1586 1186 1625 1207 ex

172 1220 241 1246 acto
267 1217 348 1258 (vel,
363 1216 490 1253 efecto>
512 1218 571 1246 nisi
586 1227 645 1247 non.
665 1227 802 1257 peccasse
818 1217 984 1255 ferentem,
1008 1217 1124 1255 Sponte
1136 1227 1190 1246 sua
1213 1217 1352 1255 probitas
1367 1218 1555 1258 officiumque
1571 1218 1626 1256 ju-

171 1262 266 1289 vant.-
289 1268 354 1288 nou
372 1259 468 1288 aliam
485 1259 675 1289 mercedem
693 1269 735 1289 ex
753 1258 844 1289 facto
862 1259 960 1298 petis,
976 1259 1038 1288 nisi
1055 1258 1308 1296 conscientiam,
1327 1264 1359 1289 te
1374 1268 1439 1289 non
1453 1269 1626 1300 peccasse,

171 1304 231 1331 aut
247 1310 314 1330 non
331 1299 478 1330 defuisse
507 1299 630 1336 officio,
655 1301 742 1340 quod
771 1301 880 1331 amico
911 1300 1062 1330 debebas
1081 1310 1088 1330 :
1115 1300 1286 1330 sententia
1302 1300 1414 1340 obvia,
1428 1307 1462 1332 et
1478 1311 1519 1332 ex
1537 1312 1624 1333 com-

170 1342 262 1373 muni
279 1342 481 1382 sapientium
499 1340 602 1372 effato
626 1342 959 1382 desumta....Exigua
976 1347 1089 1374 autem
1107 1347 1161 1372 est
1184 1342 1338 1373 lectionis
1355 1345 1500 1383 vulgatae
1518 1350 1628 1376 muta-

169 1384 240 1415 tio:
264 1394 326 1424 pro
342 1394 395 1415 nos
411 1384 497 1414 euim
516 1388 647 1415 tantum
670 1395 741 1422 non,
759 1390 793 1416 et
810 1395 871 1426 pro
896 1384 1063 1424 fatentem,
1092 1384 1247 1421 serentem
1265 1386 1318 1415 vel
1337 1389 1492 1425 petentem
1508 1388 1626 1418 rescri-

169 1426 298 1457 bimus:
319 1437 393 1468 quae
409 1427 531 1467 passini
547 1438 565 1457 a
581 1427 726 1458 librariis
742 1433 948 1468 permutata.
972 1428 1027 1458 Sic
1043 1426 1100 1457 inf.
1116 1428 1180 1466 Ep.
1194 1437 1242 1457 iv.
1258 1430 1346 1459 3.19.
1364 1438 1424 1467 pro
1433 1429 1623 1468 fateri-sffe-

167 1470 248 1500 rerz's
263 1479 305 1500 ex
322 1470 405 1500 Mss.
423 1470 574 1509 reposuit
585 1470 757 1500 Heinsius.
782 1471 955 1500 Praeterea
969 1470 1145 1508 eleganter
1163 1474 1197 1499 et
1213 1469 1334 1507 passim
1353 1470 1488 1508 dicitur,
1505 1471 1514 1488 ‘
1530 1470 1623 1503 ferre

167 1510 342 1552 fructum,'
365 1513 374 1529 ‘
388 1511 562 1551 pretium,’
585 1514 594 1529 ‘
610 1512 827 1550 mercedem,'
853 1511 1022 1552 ‘aliquid,'
1040 1512 1099 1540 διο.
1121 1512 1129 1526 ‘
1149 1520 1190 1540 ex
1208 1510 1302 1540 facto
1319 1512 1453 1552 aliquo.'
1478 1513 1533 1543 Ita
1549 1513 1622 1554 ipse

168 1553 315 1585 Ovidius
337 1554 449 1593 Epist.
466 1556 642 1583 xv111.25.
667 1554 676 1569 ‘
692 1554 768 1583 Non
786 1558 899 1584 tamen
926 1562 944 1582 e
968 1552 1058 1582 facto
1085 1550 1234 1582 fructum
1261 1553 1339 1583 tulit
1366 1553 1423 1584 ille
1452 1555 1622 1594 petitum.'

169 1595 244 1628 Art.
261 1595 414 1626 Amator.
431 1604 470 1626 11.
493 1597 565 1625 512.
589 1595 597 1610 ‘
615 1599 649 1625 et
666 1605 683 1625 e
702 1599 827 1633 nostra,
854 1594 944 1636 quod
962 1598 1072 1633 petet,
1098 1598 1171 1624 arte
1189 1593 1297 1625 feret)
1343 1595 1439 1625 Facto
1455 1606 1535 1627 vero
1552 1607 1619 1628 ma-

166 1638 235 1677 lim,
252 1648 351 1678 quam
367 1640 448 1674 acto,
466 1641 607 1676 propter
629 1637 699 1675 illa,
716 1647 790 1677 quae
809 1637 912 1668 tradit
935 1636 1106 1667 Victorius
1123 1636 1163 1666 ad
1183 1637 1295 1667 Cicer.
1320 1637 1362 1667 ad
1378 1638 1492 1669 Famil.
1510 1640 1619 1679 Epist.

166 1688 219 1711 lx.
238 1683 287 1710 14.
311 1684 345 1709 et
361 1679 460 1709 modo
487 1679 608 1719 Elegia
630 1680 692 1710 hac
719 1681 793 1720 ipsa
815 1679 920 1710 ‘facti
949 1678 1100 1720 praemia’
1126 1679 1253 1709 Noster
1275 1679 1373 1710 dixit.
1397 1681 1483 1712 Quae
1510 1682 1622 1713 omnia

167 1721 434 1762 persuadebant,
452 1721 714 1753 tolerabiliorem
740 1726 835 1754 certe
862 1731 935 1753 esse
964 1726 1112 1752 nostram
1140 1721 1410 1752 emendationem
1428 1723 1495 1761 illa,
1519 1734 1620 1764 quam

166 1773 287 1805 nuper,
301 1765 370 1795 solo
398 1764 534 1804 ingenio
551 1764 711 1804 confisus,
741 1766 917 1805 proposuit
936 1764 1152 1795 doctissimus
1167 1764 1387 1795 Heumannus
1412 1765 1444 1795 in
1463 1767 1620 1807 l'arergis

168 1807 305 1838 Criticis
322 1817 354 1847 p.
373 1809 444 1837 117.
471 1807 514 1837 Te
535 1807 626 1846 nihil,
642 1809 771 1838 errando
793 1807 855 1838 nisi
869 1817 923 1838 nos
947 1806 1284 1847 peccasse‚f‹1tentem:
1309 1817 1385 1848 quae
1402 1808 1529 1839 nullum
1546 1819 1618 1840 sen-

166 1859 237 1880 sum
253 1849 331 1880 huic
361 1850 433 1880 loco
465 1854 580 1888 aptum
609 1848 773 1881 efficiunt.
819 1851 872 1880 Ex
900 1850 1044 1880 Merula*
1073 1854 1186 1879 autem
1211 1849 1528 1889 interpretationum
1553 1861 1620 1882 una

164 1891 247 1923 illud
263 1893 394 1922 errando
409 1892 544 1921 videtur
560 1892 612 1922 vir
639 1898 755 1923 acutus
780 1893 952 1930 hausisse;
977 1901 1074 1933 quem
1103 1891 1205 1922 etiam
1234 1892 1430 1931 compilavit
1446 1893 1618 1933 interpres

165 1934 318 1965 Gallicus
335 1934 369 1965 in
383 1944 476 1964 nsum
495 1934 665 1974 Delphini,
691 1935 747 1975 qui
763 1938 871 1964 exacto
887 1934 1084 1964 adverbium
1101 1943 1172 1964 esse
1200 1934 1330 1973 statuit,
1349 1938 1385 1964 et
1401 1934 1448 1964 ita
1463 1935 1551 1966 hunc
1568 1936 1618 1967 lo·

166 1985 240 2007 cum
257 1977 420 2017 explicat,
437 1981 475 2007 ut
489 1977 554 2007 alio
572 1977 761 2017 interprete
782 1986 867 2016 opus
894 1977 939 2006 sit
963 1977 1019 2016 qui
1036 1976 1130 2005 nobis
1148 1976 1220 2016 ejus
1237 1980 1385 2007 mentem
1405 1977 1613 2009 tenebricosi

166 2019 361 2058 glossatoris
379 2020 521 2058 aperiat.
568 2020 726 2050 Ceterum
755 2023 951 2059 sequentem
970 2028 1104 2049 versum
1121 2019 1292 2058 expressit
1315 2022 1434 2049 auctor
1451 2020 1610 2051 carminis

165 2062 198 2090 in
215 2060 410 2091 Anselmum
428 2061 517 2101 apud
536 2062 649 2093 Baluz.
665 2062 810 2092 Miscell.
827 2070 876 2092 iv.
902 2064 976 2091 558.
1004 2061 1048 2091 Te
1063 2062 1197 2090 mercede
1212 2060 1410 2098 caretjmlice
1426 2062 1613 2102 curtafides.

165 2103 327 2134 Nostram
343 2103 385 2133 de
413 2104 475 2134 boc
494 2113 591 2134 versu
616 2104 818 2135 sententiam
845 2104 917 2143 jam
935 2107 1013 2133 ante
1045 2103 1162 2142 viginti
1184 2102 1256 2133 fere
1279 2112 1382 2133 annos
1400 2103 1433 2132 in
1450 2104 1612 2144 Epistolis

160 2146 251 2178 Jano
264 2145 477 2176 Broukhusio
495 2147 690 2186 perscripsi,
705 2152 739 2177 et
756 2147 788 2177 in
805 2146 953 2176 editione
966 2145 1084 2175 minori
1102 2150 1180 2175 ante
1197 2154 1301 2176 annos
1316 2145 1433 2176 decem
1451 2148 1614 2186 expressi,

163 2196 238 2219 cum
254 2188 401 2219 nondum
432 2189 552 2219 Electa
568 2189 756 2220 Etonensia
782 2188 859 2219 mibi
887 2189 1024 2227 cognita
1051 2186 1206 2227 fuissent,
1235 2197 1308 2228 quae
1336 2192 1415 2218 aute
1443 2187 1614 2220 biennium

160 2238 293 2261 mecum
323 2231 579 2262 communicavit
608 2236 705 2262 vetus
739 2236 775 2262 et
815 2231 1022 2261 certissimus
1062 2230 1187 2260 amicus
1220 2230 1468 2269 Cuninghamns
1486 2242 1493 2261 ;
1534 2242 1609 2272 quae

162 2272 311 2313 adjicere
339 2274 457 2314 visum,
483 2283 525 2304 ne
551 2284 604 2305 me
633 2274 706 2315 quis
737 2273 937 2314 compilasse
969 2273 1078 2303 aliena
1106 2272 1228 2303 scrinia
1255 2276 1373 2312 putet:
1408 2283 1483 2303 nam
1514 2274 1612 2306 video

161 2323 250 2346 nunc
280 2315 510 2348 doctissimum
540 2317 659 2356 virum,
676 2317 732 2357 qui
761 2316 947 2347 Etoneusia
973 2315 1096 2346 Electa
1124 2314 1232 2354 dedit,
1249 2315 1375 2356 legere,
1403 2315 1443 2345 Te
1469 2316 1547 2346 nihil
1572 2327 1611 2347 cx

161 2360 228 2389 acto
257 2358 318 2390 nisi
343 2369 403 2390 uon
430 2369 567 2400 peccasse
601 2363 756 2400 petentem
766 2369 778 2397 ;
814 2363 849 2390 et
891 2357 1015 2389 deinde
1041 2367 1104 2398 pro
1130 2360 1286 2398 petentem
1321 2357 1424 2388 etiam
1453 2357 1610 2394 ferentem

816 2454 956 2488 NO'rAE

165 2529 321 2558 testatur.
911 2529 1047 2570 quidem
1065 2528 1157 2558 illum
1172 2525 1345 2564 fateretur,
1356 2526 1479 2555 millum
1495 2528 1608 2559 tamen

206 2578 245 2605 33
266 2575 307 2605 Te
319 2576 407 2614 nihil,
420 2578 488 2617 δῖα]
511 2579 630 2610 Exacto
645 2578 707 2618 [ita
719 2578 789 2618 alii]
802 2579 857 2610 ad·
911 2579 1061 2611 criminis
1077 2578 1235 2608 indicium
1254 2576 1395 2607 faceret.
1442 2576 1530 2608 Utut
1552 2578 1608 2618 sit,

164 2623 315 2654 vei-bium
333 2623 487 2661 videtur;
513 2630 551 2655 ut
566 2627 610 2657 sit
623 2637 749 2668 seusus,
761 2629 857 2658 Max·
910 2629 1016 2660 fuerit
1044 2628 1116 2657 lia-c
1155 2626 1342 2666 prudentia:
1375 2630 1409 2656 et
1447 2626 1605 2660 amicitiae

164 2673 264 2703 iurum
278 2672 324 2703 ita
339 2682 359 2703 a
374 2672 516 2703 Nasonis
541 2676 691 2714 partibus
707 2678 856 2716 stetisse,
911 2675 1049 2718 egregia
1061 2675 1184 2707 cautio.

165 2726 201 2755 ut
216 2731 406 2765 quanquam
422 2721 565 2764 Augusti
575 2726 687 2765 gratia
696 2737 857 2767 peccasse
953 2730 994 2759 34
1015 2725 1149 2765 aucant]
1172 2724 1318 2757 Abunde
1343 2725 1406 2758 tibi
1420 2727 1523 2759 estin
1538 2727 1605 2759 vir-
