1863 3193
205 144 319 187 2268

691 157 729 188 P.
761 156 919 187 OVlDll
952 155 1163 187 NASONIS

208 250 286 292 Me
303 250 532 292 miserum!
562 250 702 303 potui,
723 251 762 291 si
782 263 869 291 non
889 252 1085 291 extrema
1100 252 1319 300 nocerent,

262 317 292 358 J
296 318 441 359 udicio
462 321 579 359 tutus
598 331 687 358 non
708 319 846 358 semel
866 330 962 358 esse
982 321 1075 358 tuo.

208 383 373 426 Ultima
392 398 462 424 me
482 384 689 437 perdunt:
719 385 894 438 imoque
915 385 998 424 sub
1020 396 1196 437 aequore
1215 383 1371 436 mergit

265 452 536 494 Incolumem
556 453 684 494 toties
702 465 789 493 una
808 453 1004 506 procella
1022 457 1176 492 ratem.

1572 449 1657 491 100

209 521 309 563 Nec
327 521 432 561 mihi
452 533 554 574 pars
574 520 722 561 nocuit
742 520 796 560 de
815 521 979 572 gurgite
998 532 1161 573 parva:
1194 518 1271 560 sed
1290 530 1439 559 omnes

264 588 468 629 Pressere
487 588 568 627 hoc
590 586 766 636 fluctus,
790 587 1082 641 Oceanusque
1103 590 1250 640 caput.

207 655 295 696 Cur
313 654 478 707 aliquid
497 654 619 695 vidi?
653 667 728 694 cur
747 656 885 695 noxia
903 655 1069 695 lumina
1087 655 1174 696 feci
1190 656 1209 695 ‘l

266 721 357 763 Cur
376 722 637 775 imprudenti
657 723 832 774 cognita
851 722 985 776 culpa
1004 722 1139 762 mihi?

206 788 380 831 Inscius
402 787 586 829 Actaeon
605 789 717 830 vidit
737 790 830 830 sine
851 794 973 830 veste
995 790 1212 830 Dianam:

1573 787 1659 828 105

265 855 424 896 Praeda
437 855 520 895 fuit
542 856 722 894 canibus
742 869 827 895 non
846 856 990 895 minus
1011 857 1082 895 ille
1106 856 1215 895 suis.

206 921 382 962 Scilicet
401 921 446 960 in
467 921 650 973 Superis
673 921 805 961 etiam
826 920 998 962 fortuna
1017 922 1176 963 luenda
1196 924 1288 974 est3

261 987 362 1029 Nec
381 989 567 1036 veniam,
589 987 696 1028 laeso
717 988 905 1037 numine,
932 1001 1062 1029 casus
1082 989 1228 1029 habet.

208 1055 291 1098 Illa
309 1067 495 1106 namque
517 1052 603 1102 die,
626 1067 714 1106 qua
733 1067 802 1094 me
823 1055 964 1095 malus
985 1056 1168 1096 abstulit
1184 1067 1313 1104 error,

264 1122 412 1162 Parva
433 1120 608 1173 quidem
628 1121 772 1173 periit,
793 1120 871 1160 sed
891 1121 982 1161 sine
1002 1122 1119 1172 labe,
1142 1122 1312 1163 domus.

1573 1120 1658 1162 110

205 1262 333 1302 agnovit
348 1262 563 1303 meamfidem.
609 1262 664 1293 Me
688 1262 841 1300 infelicem
853 1262 868 1293 !
886 1262 987 1302 potui,
1012 1262 1074 1292 nisi
1089 1262 1198 1293 ultima
1213 1262 1359 1298 obessent,
1385 1272 1448 1293 esse
1461 1271 1583 1292 securus
1598 1272 1658 1292 non

205 1305 419 1343 semeljudicz'o
435 1308 497 1336 tuo.
542 1305 716 1335 Novissima
732 1315 778 1336 me
791 1305 946 1345 perimunt
959 1316 972 1342 ;
994 1308 1024 1335 et
1038 1315 1099 1335 una
1119 1306 1252 1344 procella
1268 1305 1410 1336 deturbat
1426 1305 1459 1335 in
1470 1303 1656 1344 profundum

202 1347 363 1387 gurgitem
377 1357 484 1377 navem
506 1347 597 1377 toties
611 1348 737 1378 salvum.
787 1348 891 1387 Neque
910 1357 986 1387 pars
1011 1348 1124 1386 exigua
1150 1348 1236 1387 ponti
1252 1348 1327 1377 milii
1343 1347 1440 1385 obfuit
1451 1358 1462 1383 ;
1485 1348 1537 1377 sed
1552 1356 1656 1377 omnes

204 1390 295 1420 undae
321 1389 486 1420 obruerunt
508 1398 607 1420 meum
632 1393 725 1430 caput
752 1400 821 1420 cum
850 1392 981 1420 Oceano.
1028 1390 1233 1425 Quamobrem
1260 1390 1377 1430 aliquid
1406 1389 1536 1420 intuitus
1562 1386 1656 1420 sum?

204 1432 395 1471 quamobrem
410 1431 443 1461 in
458 1433 578 1470 culpam
593 1434 681 1462 traxi
697 1442 775 1463 meos
789 1433 886 1463 oculos
897 1431 912 1464 ’3
958 1433 1164 1467 Quamobrem
1180 1436 1339 1472 peccatum
1359 1433 1546 1462 intellectum
1568 1442 1587 1462 a
1608 1441 1656 1462 me

206 1474 427 1504 inconsiderato
441 1473 456 1505 ,⁹
496 1475 623 1505 Actaeon
638 1474 719 1505 vidit
740 1475 915 1514 imprudens
930 1475 1069 1505 Dianam
1093 1476 1160 1505 sine
1179 1475 1293 1505 ‹unictu
1306 1486 1317 1512 ‚·
1340 1485 1397 1505 non
1413 1475 1514 1505 minus
1529 1475 1580 1504 ille
1588 1473 1658 1512 suit

201 1517 311 1556 praeda
324 1516 386 1546 suis
400 1516 537 1547 canibus.
583 1517 741 1547 Nimirum
758 1528 824 1547 cum
839 1517 948 1556 agitur
961 1518 998 1547 de
1015 1517 1103 1557 Diis,
1117 1518 1211 1548 etiam
1224 1527 1310 1548 casas
1325 1521 1370 1548 est
1383 1518 1581 1557 plectendum
1604 1526 1656 1547 ne-

203 1567 261 1597 que
274 1558 354 1589 sorti
367 1558 540 1597 ignoscitur
555 1559 678 1590 numine
700 1559 825 1599 offenso.
872 1560 1012 1599 Namque
1033 1560 1089 1591 illa
1103 1561 1164 1599 die,
1189 1570 1248 1600 qua
1270 1560 1426 1600 improbus
1441 1570 1527 1591 error
1542 1569 1590 1590 me
1604 1568 1656 1589 ra-

204 1601 285 1641 puit,
299 1602 405 1631 domus
420 1600 542 1640 quidem
556 1602 669 1642 tenuis,
684 1603 737 1633 sed
751 1602 817 1633 sine
831 1602 919 1642 vitio,
934 1602 1064 1634 corruit.
1108 1603 1160 1634 Ita
1175 1604 1271 1634 etiam
1285 1603 1482 1634 nihilominus
1496 1602 1608 1643 tenuis,
1621 1604 1657 1632 ut

813 1686 889 1697 ‘oet
893 1686 1024 1697 eoo-‘oe‘
1028 1686 1044 1696 e

208 1736 274 1768 duo
295 1740 505 1776 magum—99
528 1738 623 1769 Unus
647 1739 798 1770 Gallicus
821 1750 868 1770 me
887 1741 1042 1780 produnt.-
1063 1741 1154 1781 imoq.
1183 1742 1266 1772 Tum
1292 1745 1436 1782 quatuor
1457 1739 1536 1770 libri
1561 1739 1654 1779 imoq.

207 1779 240 1810 in
264 1780 392 1819 gurgite
418 1790 460 1811 m.
484 1784 520 1812 et
551 1782 632 1813 Lov.
664 1786 701 1813 et
730 1782 859 1813 Bersm.
890 1783 1019 1819 mersit;
1041 1784 1135 1814 Serv.
1152 1788 1187 1814 et
1208 1784 1288 1816 Jun.
1304 1785 1564 1822 magma—100
1585 1782 1655 1813 Pro

205 1831 269 1852 una
308 1822 441 1861 plurimi
478 1824 657 1854 imm—104
692 1824 838 1856 Quidam
875 1830 960 1856 vett.
996 1836 1083 1864 cogn.
1118 1836 1208 1857 causa
1241 1826 1442 1856 mih.—105
1476 1825 1558 1855 Lov.
1591 1824 1654 1855 Ne-

205 1864 285 1894 scius
299 1864 449 1895 A.—106
472 1865 542 1896 Pro
571 1876 630 1896 non
660 1866 780 1897 Heins.
808 1868 897 1907 conj.
913 1878 1003 1898 num:
1028 1874 1063 1898 et
1086 1868 1150 1907 ipse
1171 1877 1233 1908 pro
1247 1868 1300 1898 ille
1315 1867 1442 1898 habent
1457 1866 1553 1897 multi
1571 1870 1655 1897 vett.

207 1905 248 1937 In
263 1906 325 1937 Be.
342 1906 383 1938 P.
398 1907 464 1938 suis
478 1917 506 1938 c.
521 1918 553 1938 n.
569 1918 610 1939 m.
625 1908 697 1939 inde
711 1908 902 1947 fuit.-—109
928 1910 1070 1940 Plurimi
1095 1910 1167 1942 Illo.
1205 1910 1291 1941 Tum
1315 1918 1442 1948 namque
1469 1918 1511 1939 ex
1538 1908 1653 1939 multis

855 2014 1000 2046 NOTAE

954 2103 1079 2144 babile,
1095 2103 1258 2144 siquidem
1273 2103 1364 2134 illam
1382 2102 1417 2133 in
1431 2101 1567 2134 exilium
1585 2104 1653 2145 eje-

954 2153 1053 2182 cerit.
1091 2154 1213 2192 Neque
1230 2162 1310 2183 vero
1325 2153 1522 2192 placabilius
1534 2153 1654 2185 fuisset

203 2101 364 2143 optimam
380 2103 485 2133 fuisse
501 2103 682 2141 intelligas.

246 2154 306 2181 100
332 2149 452 2188 Tatios]
478 2151 567 2181 Hinc
584 2151 744 2190 conjicias
767 2160 833 2181 non
850 2154 899 2181 te-

199 2209 290 2231 mere
306 2200 412 2230 multa
429 2199 531 2230 etiam
554 2199 587 2230 in
608 2200 797 2240 Republica
828 2210 899 2240 ges-

201 2250 282 2280 sisse
311 2249 472 2280 Ovidium
502 2259 568 2280 non
603 2250 698 2289 parvi
725 2251 898 2290 momenti,

202 2310 275 2341 quae
293 2300 333 2330 ad
353 2299 541 2340 Augustum
558 2300 681 2331 delata.

244 2353 302 2381 101
319 2350 445 2390 Omnes]
458 2350 559 2389 Quia,
573 2355 610 2381 ut
623 2360 694 2381 mos
712 2355 775 2389 est,
790 2351 900 2382 Poeta

201 2411 220 2430 a
234 2400 395 2440 Principe
412 2399 603 2440 profligato,
619 2410 733 2432 omnes
755 2402 789 2432 in
806 2402 899 2433 illum

199 2449 491 2489 conspiraverunt.

247 2502 304 2530 103
322 2500 465 2540 Aliquid]
483 2499 572 2532 Quid
590 2500 680 2532 istud
698 2501 742 2532 sit
759 2500 898 2542 aliquid,

201 2549 290 2589 quod
306 2549 440 2580 silentio
457 2555 523 2580 tam
547 2551 616 2582 alto
637 2551 762 2591 pressit
775 2550 898 2589 Poeta,

201 2597 339 2629 difficile
371 2603 424 2629 cst
450 2601 639 2640 conjicere:
679 2610 755 2632 nam
782 2600 825 2631 de
851 2600 899 2630 in-

202 2653 296 2680 cesto
313 2647 457 2688 Augusti
474 2660 549 2680 cum
564 2651 657 2682 Julia
679 2651 768 2692 quod
793 2651 897 2691 conji-

205 2700 309 2739 ciunt,
324 2698 402 2730 mihi
426 2699 559 2741 quidem
581 2710 646 2733 non
669 2702 800 2733 videtur
821 2712 896 2743 pro-

954 2212 1024 2233 rem
1042 2211 1115 2232 eam
1133 2202 1232 2232 toties
1249 2211 1522 2241 commemorare,
1536 2204 1653 2235 autin·

952 2252 1048 2283 senso
1063 2252 1218 2292 Augusto
1244 2252 1406 2291 objicere,
1427 2253 1536 2291 magis
1552 2262 1652 2293 quam

953 2309 1103 2334 errorem
1127 2312 1222 2333 suum
1250 2311 1424 2332 excusare.
1459 2301 1582 2341 Inepta
1598 2307 1650 2333 est

954 2353 1143 2391 curiositas,
1159 2352 1191 2381 in
1220 2351 1403 2392 majoribus
1430 2351 1533 2381 etiam
1562 2361 1649 2383 com-

953 2402 1135 2443 poscenda.

997 2454 1056 2482 105
1081 2451 1224 2490 Actaeon]
1249 2451 1360 2491 Hujus
1374 2451 1406 2481 iu
1420 2460 1557 2482 cervum
1578 2452 1651 2483 Me-

954 2500 1182 2542 tamorphosin
1197 2500 1255 2530 lib.
1274 2510 1326 2530 111.
1344 2501 1499 2532 vidimus.

997 2553 1057 2581 107
1083 2550 1238 2590 Fortuna]
1273 2551 1476 2581 Plectuutur
1502 2552 1604 2583 etiam
1630 2562 1649 2583 a

953 2600 1039 2639 Diis,
1052 2600 1110 2641 qui
1126 2600 1231 2630 nescii
1247 2605 1282 2630 et
1296 2610 1373 2630 casu
1388 2605 1541 2640 peccant.

997 2653 1057 2681 109
1080 2650 1195 2690 Error]
1223 2650 1299 2680 Non
1318 2650 1459 2689 scelere,
1482 2651 1540 2682 sed
1557 2660 1648 2682 erro-

953 2712 1002 2743 re,
1019 2705 1055 2733 ut
1071 2701 1104 2733 in
1121 2700 1290 2733 fortunam
1307 2710 1364 2733 seu
1378 2712 1489 2734 casum
1504 2702 1647 2735 transfe-
