1863 3193
620 176 861 208 Tms'rmlu
897 177 991 208 mn.
1026 177 1099 208 111.
1130 168 1175 208 3.

1511 170 1623 214 2323

166 270 356 323 Ecquid,
378 271 420 311 in
441 271 522 311 has
542 269 704 311 frustra
721 272 903 312 tendens
926 276 999 313 tua
1018 272 1198 313 brachia
1217 277 1382 326 partes,

223 337 448 378 Clamabis
467 338 615 377 miseri
637 351 790 386 nomen
809 341 936 380 inane
959 341 1073 380 viri?

1567 343 1622 381 50

164 404 307 446 Parce
328 411 470 446 tamen
492 406 684 445 lacerare
707 419 840 457 genas
858 420 868 457 3
901 420 980 447 nec
1002 407 1152 447 scinde
1175 407 1377 460 capillos.

224 473 325 513 Non
345 473 421 512 tibi
441 484 554 512 nunc
576 473 778 525 primum,
802 474 883 513 lux
907 487 1016 522 mea,
1039 478 1188 526 raptus
1208 487 1299 515 ero.

165 540 275 580 Cum
296 541 477 592 patriam
499 540 640 589 amisi,
660 545 750 581 tum
771 554 839 581 me
862 542 1046 594 periisse
1070 544 1221 593 putato
1239 555 1249 582 ε

221 607 277 648 Et
294 609 410 660 prior
430 615 473 647 et
489 608 660 658 gravior
680 620 794 647 mors
815 607 895 647 fuit
914 607 993 647 illa
1013 608 1131 649 mihi.

165 673 308 722 Nunc,
331 675 366 713 si
388 674 497 714 forte
518 679 660 727 potes,
686 676 762 715 sed
783 688 864 716 non
886 679 1030 728 potes,
1053 675 1224 728 optima
1248 675 1430 729 conjux,

1565 678 1621 718 55

218 740 372 780 Finitis
395 741 534 793 gaude
556 746 620 782 tot
640 743 743 783 mihi
764 748 905 783 morte
925 743 1067 783 malis.

162 806 308 856 Quam
328 812 468 859 potes,
489 813 678 849 extenua
698 809 795 851 forti
816 810 933 850 mala
955 809 1083 849 corde
1104 809 1278 850 ferendo
1297 823 1307 860 ;

215 873 289 914 Ad
311 888 408 927 quae
426 874 690 927 jampridem
708 889 794 915 non
815 876 923 916 rude
946 880 1101 929 pectus
1120 876 1268 916 habeS.

158 1009 248 1030 mann
264 996 415 1029 turbata?
460 998 572 1029 Nonne
586 999 746 1038 porrigens
762 998 888 1036 frustra
907 1003 975 1030 tuas
990 1000 1080 1030 ulnas
1101 1010 1205 1030 versus
1222 1000 1278 1030 has
1292 1001 1416 1040 plagas,
1442 1002 1554 1033 citabis
1569 1013 1619 1034 va·

159 1052 247 1072 cuum
261 1050 368 1071 nomen
385 1040 517 1078 infelicis
538 1041 669 1073 mariti?

160 1083 233 1114 Non
248 1083 306 1113 tibi
321 1093 373 1113 ero
386 1083 519 1122 primum
535 1084 683 1120 sublatus,
710 1095 775 1115 mea
791 1085 866 1115 vitu.

717 1042 790 1072 Noli
806 1046 908 1073 tamen
930 1043 1100 1081 discerpere
1122 1052 1242 1081 genas,·
1264 1053 1359 1083 neque
1374 1045 1474 1074 lacera
1490 1055 1618 1076 comam.

916 1086 993 1115 Cum
1009 1084 1111 1114 excidi
1134 1086 1249 1123 patria,
1275 1088 1339 1115 tum
1355 1088 1442 1116 crede
1458 1097 1504 1117 me
1517 1087 1620 1118 subla-

158 1125 352 1161 tumfuz'sse:
376 1126 427 1155 ille
444 1135 526 1155 meus
541 1126 611 1162 fuit
631 1126 731 1156 obitus
756 1130 786 1157 et
809 1128 895 1165 prim·
915 1129 944 1156 et
971 1127 1134 1156 molestior.
1181 1127 1282 1164 Nunc,
1309 1127 1336 1156 si
1363 1127 1503 1165 forsitan
1516 1134 1615 1169 potes,

157 1169 209 1198 sed
223 1177 282 1198 non
297 1171 393 1206 potes,
411 1178 488 1197 uxor
503 1168 631 1207 optima,
648 1168 755 1197 loetare
771 1172 817 1198 tot
841 1168 988 1197 oerumnz's
1000 1167 1079 1197 milii
1101 1168 1161 1197 leto
1176 1169 1348 1198 exhaustis.
1396 1171 1507 1201 Illinue
1522 1182 1617 1210 quan-

158 1214 222 1241 tum
240 1214 328 1250 potes
348 1219 512 1248 (erumnas,
537 1211 577 1239 ad
603 1219 677 1249 quas
700 1210 791 1239 habes
809 1210 879 1248 jam
904 1210 959 1239 (lin
986 1219 1038 1239 cor
1062 1214 1283 1251 proepuratum,
1308 1212 1467 1243 tolerando
1490 1216 1617 1244 strenua

759 1291 894 1302 eeeeeee

899 1291 996 1303 ccccc

155 1347 229 1378 libri
252 1350 332 1387 pect.
356 1348 437 1377 nuda
464 1349 633 1377 main—49
664 1346 733 1377 Pro
764 1347 891 1377 tendens
918 1357 969 1386 pr.
1002 1347 1065 1378 Ed.
1091 1349 1214 1379 tendes:
1251 1353 1286 1380 et
1314 1349 1396 1379 Lov.
1424 1349 1480 1380 has
1507 1351 1616 1381 tendas

150 1390 266 1427 frustr.
293 1394 423 1420 mutato
448 1389 579 1420 ordine.
603 1390 685 1420 Mox
715 1399 800 1419 unus
819 1389 902 1420 Cod.
928 1390 1032 1420 brach.
1060 1393 1256 1421 terras—51
1281 1393 1381 1422 Voss.
1398 1395 1471 1423 tam.
1496 1394 1615 1424 laniare

155 1442 256 1463 comas
267 1442 278 1468 ‚·
300 1442 363 1462 nec.

411 1432 497 1462 Tum
528 1433 570 1462 V.
604 1437 638 1462 et
664 1432 730 1462 duo
757 1432 877 1462 Heius.
908 1434 999 1463 tende
1029 1434 1135 1472 capili.
1161 1438 1196 1464 et
1219 1434 1246 1464 si
1276 1434 1394 1473 scripti
1419 1436 1614 1475 annuerint,

155 1475 270 1505 Burm.
299 1475 414 1505 manet
438 1475 635 1515 paride—52
662 1475 729 1505 Pro
758 1484 808 1504 ero
834 1474 952 1505 Heius,
977 1475 1064 1515 conj.
1092 1485 1169 1512 ego,·
1209 1480 1245 1506 et
1270 1477 1386 1508 Burni.
1416 1481 1544 1508 fem—53
1569 1477 1612 1509 R.

153 1517 273 1557 periiss.
296 1518 499 1557 putaris—54
525 1516 657 1556 Gryph.
684 1522 718 1547 et
741 1517 901 1547 vincent.
922 1517 1012 1547 Edd.
1043 1527 1116 1556 pars
1141 1527 1201 1556 pro
1232 1528 1323 1549 mors.
1347 1519 1405 1549 Pr.
1432 1520 1505 1550 Pol.
1532 1529 1614 1550 mors

145 1559 177 1595 f.
196 1560 387 1591 i.mez'.—57
412 1560 482 1590 Pro
507 1559 577 1593 Qua
594 1559 650 1588 alii
679 1559 783 1594 Quam
808 1560 860 1589 vel
880 1559 980 1594 Quod.
1019 1560 1102 1590 Mox
1135 1560 1215 1591 Lov.
1239 1563 1366 1591 attenua
1382 1561 1463 1598 sort.
1488 1563 1533 1592 Et
1550 1562 1611 1593 Be.

155 1603 226 1633 mal.
256 1605 355 1633 mente
377 1602 532 1639 seru—58
557 1601 648 1631 Olim
679 1600 857 1641 legebatur
895 1603 945 1632 Ad
973 1603 1054 1632 mula
1073 1602 1192 1642 jampr.
1224 1602 1284 1633 sed
1318 1603 1395 1634 ‘Ad
1424 1614 1491 1644 quae
1515 1604 1612 1635 multi

808 1698 951 1729 NOTAE

198 1770 239 1799 49
264 1766 348 1806 Has]
369 1767 672 1808 Septenitrionales
687 1768 852 1808 Scytbiae.

199 1821 240 1848 50
257 1817 368 1857 Inane]
393 1817 565 1858 Siquidem
582 1818 655 1858 ipse
673 1819 766 1849 Naso
783 1819 854 1849 nul-

155 1869 206 1899 lus
225 1868 281 1898 sit.

197 1919 238 1947 52
264 1916 356 1946 Nunc
380 1916 528 1955 primum]
553 1915 641 1946 Quia
664 1921 767 1947 antea
792 1926 854 1956 per

153 1967 290 1998 exilium
309 1967 473 1997 sublatus.

197 2019 238 2047 54
263 2016 415 2055 Grai-ior]
440 2015 527 2048 Quia
551 2016 668 2053 decus,
695 2015 798 2055 fama,
817 2016 854 2046 li-

154 2067 284 2104 bertas,
308 2077 450 2107 quarum
474 2077 584 2098 rernm
613 2068 758 2108 privatio
786 2067 854 2097 aui-

153 2128 241 2149 mam
258 2119 362 2157 ipsam
380 2127 440 2157 pro
467 2124 618 2158 tempore
646 2118 778 2149 videtur
794 2127 851 2148 suo

153 2168 253 2199 modo
270 2168 483 2207 extinguere,
501 2168 644 2205 ingenuo
661 2169 732 2197 viro
745 2168 851 2197 cario·

154 2228 192 2249 ra
207 2223 286 2248 sunt
313 2219 418 2248 multo
445 2228 543 2258 quam
572 2219 643 2256 ipsa
669 2218 741 2248 liaec
758 2217 872 2248 nabi-.

153 2269 237 2300 tatio
251 2279 422 2308 corporea.
468 2268 539 2307 Ego
557 2268 704 2308 quidem,
726 2273 763 2298 ut
779 2267 850 2298 obi-

153 2323 205 2350 ter
220 2319 342 2357 dicam,
366 2318 513 2349 infensos
540 2317 647 2349 minus
671 2318 850 2358 minusque
871 2337 874 2341 ⁴

153 2368 295 2401 infestos
314 2372 460 2400 latrones
484 2368 688 2399 crediderim
712 2368 768 2408 qui
793 2378 849 2407 pe-

154 2420 307 2456 cuniola’,
331 2420 430 2450 immo
447 2424 482 2449 et
500 2419 591 2459 vit‘ae,
608 2418 755 2448 insidiati
780 2417 851 2449 fue-

155 2469 234 2507 rint,
256 2480 353 2510 quani
381 2471 545 2501 scelestos
571 2474 674 2510 atque
703 2468 848 2500 nefarios

155 2518 228 2549 illos
245 2520 417 2550 calumnia»
430 2521 592 2559 artifices,
604 2520 660 2561 qui
674 2530 725 2550 m(-
743 2530 849 2560 nuper

155 2573 313 2608 tanquam
351 2572 564 2601 Sociuiauum
599 2575 850 2610 monstrumque

155 2618 324 2656 Religioni
363 2620 579 2659 profligandae
619 2621 850 2657 subornatum,

155 2668 249 2699 bouis
265 2668 418 2698 omnibus
434 2669 685 2710 detestandum,
706 2676 741 2702 et
757 2672 850 2712 quasi

147 2719 226 2757 jure
244 2718 329 2748 male
348 2717 554 2758 perdendum
570 2720 850 2753 buccinaverunt.

909 1768 1081 1800 Quantum
1099 1767 1187 1798 enim
1204 1767 1317 1798 inillis
1333 1768 1410 1808 fuit,
1425 1777 1491 1799 non
1508 1769 1612 1800 vitain

907 1818 1020 1857 modo,
1033 1818 1093 1849 sed
1112 1828 1184 1849 earn
1200 1828 1260 1859 per
1272 1828 1437 1849 summum
1450 1818 1612 1859 dedecus,

908 1872 1011 1908 atque
1029 1867 1120 1898 inter
1137 1867 1256 1907 dignos
1267 1869 1451 1905 cruciatus,
1468 1869 1612 1899 sustule-

909 1922 1005 1948 runt:
1027 1927 1124 1957 quam
1144 1917 1235 1948 Deus
1249 1917 1409 1948 servavit.
1432 1918 1513 1947 Non
1526 1918 1611 1949 lianc

910 1966 1013 1996 vitam
1041 1967 1266 2005 sustulerunt,
1293 1966 1352 1996 sed
1379 1966 1556 1997 amabilem
1573 1967 1611 1997 il-

908 2016 972 2045 lam
991 2021 1094 2056 atque
1111 2016 1321 2055 spiritualem
1338 2025 1413 2055 quae
1437 2015 1525 2046 inter
1541 2015 1610 2046 fra·

908 2070 978 2096 tres
1014 2070 1050 2097 et
1088 2076 1168 2096 vere
1207 2065 1426 2105 Christianos,
1465 2065 1610 2107 quodam

906 2118 1000 2158 quasi
1015 2122 1157 2147 ‘aeternae
1174 2117 1510 2156 praeludio‚ducitur.
1528 2118 1609 2149 Non

907 2168 1129 2208 spiritualem,
1146 2167 1205 2198 sed
1222 2172 1399 2206 aeternam,
1425 2177 1484 2208 spe
1511 2169 1608 2209 cujus

906 2219 1050 2249 animam
1070 2228 1175 2248 ineam
1194 2218 1377 2249 deturbare
1395 2228 1456 2258 per
1472 2218 1609 2250 invidiae

907 2278 976 2299 suae
1016 2268 1287 2298 machinamenta
1323 2268 1474 2307 aggressi
1507 2271 1608 2300 sunt:

905 2319 967 2350 nisi
988 2320 1154 2350 Dominus
1179 2318 1375 2358 praesidium
1398 2318 1610 2359 inexpugna-

907 2368 973 2399 bile
992 2369 1024 2399 in
1042 2368 1202 2407 sanguiue
1220 2378 1278 2398 suo
1294 2367 1488 2399 obtulisset.
1522 2369 1607 2400 Quae

904 2418 1038 2459 quidem
1066 2417 1226 2447 adversus
1254 2417 1340 2446 male
1363 2416 1506 2447 feriatos
1533 2417 1608 2447 illos

905 2480 969 2501 non
987 2470 1064 2500 odio
1079 2474 1136 2499 aut
1155 2479 1259 2507 prava
1273 2467 1431 2497 vindictae
1447 2467 1607 2506 cupidine

904 2530 1116 2561 conqueror3
1140 2520 1197 2550 sed
1217 2524 1251 2548 ut
1269 2518 1399 2547 Graiiae
1419 2525 1606 2556 praecones‚

903 2581 979 2611 quae
1012 2576 1065 2601 est
1097 2571 1127 2599 iu
1160 2570 1323 2599 Cunis'ro
1351 2567 1453 2603 δεδι),
1496 2567 1607 2607 reipsa

907 2622 1057 2651 membra
1073 2620 1146 2659 ejus
1156 2618 1288 2653 fovere,
1302 2627 1364 2647 nou
1375 2617 1529 2647 omuibus
1539 2625 1607 2648 mo-

905 2668 1361 2707 dislaccrare,condiscantz
1378 2668 1456 2698 1111111
1469 2667 1605 2707 insuper

905 2720 1140 2760 concorditer,
1160 2723 1194 2750 et
1210 2717 1330 2750 eodem
1346 2717 1513 2750 Veritatis
1529 2715 1605 2757 spi-
