1863 3193
593 160 837 193 TRIS'HUM
871 162 967 193 mn.
999 163 1075 194 111.
1106 154 1150 197 5.

1488 155 1602 198 23:37

146 254 274 297 Neve
293 254 517 296 hominum
532 256 710 297 referam
733 257 873 300 flexas
894 257 951 299 ad
971 258 1122 299 mitius
1142 257 1258 311 iras3

201 322 231 363 J
234 323 394 363 unonis
416 335 540 374 gener
560 326 643 373 est,
663 326 737 377 qui
758 327 879 378 prius
898 326 1037 366 hostis
1057 329 1164 367 erat.

146 389 350 443 Denique
369 403 457 430 non
477 403 656 442 possum
675 393 835 433 nullam
855 406 1030 445 sperare
1051 394 1252 443 salutem,

204 456 315 498 Cum
335 469 482 509 poenae
503 469 590 496 non
612 457 670 498 sit
690 471 826 499 eausa
846 463 1024 499 cruenta
1047 471 1171 499 meae.

146 522 251 564 Non
270 524 374 564 mihi
396 524 606 576 quaerenti
629 538 808 576 pessum
829 526 932 565 dare
954 528 1124 574 cuncta,
1146 524 1330 578 petitum

1543 527 1600 568 45

204 590 453 632 Caesareum
476 596 612 644 caput
629 596 712 642 est,
734 592 852 645 quod
874 596 1006 645 caput
1025 592 1145 633 orbis
1166 594 1274 633 erat.

145 657 253 699 Non
273 658 438 711 aliquid
460 659 568 708 dixi,
588 660 870 713 violentaque
890 660 1038 712 lingua
1058 661 1204 701 locuta
1224 662 1317 711 θεῖς

201 724 435 778 Lapsaque
455 732 558 766 sunt
576 726 710 767 nimio
728 727 862 768 verba
882 727 1063 780 profana
1083 739 1221 767 mero.

144 791 290 832 Inscia
311 792 430 845 quod
452 795 610 834 crimen
629 795 826 835 viderunt
846 795 1028 843 lumina,
1047 794 1237 846 plector:

199 859 527 913 Peccatumque
549 861 702 901 oculos
723 865 789 902 est
808 862 1015 902 habuisse
1033 874 1191 901 meum.

1545 862 1601 902 50

142 926 247 968 Non
266 927 468 980 equidem
489 930 626 968 totam
648 940 825 980 possum
846 927 1078 968 defendere
1096 928 1294 981 culpam:

200 995 287 1036 Sed
307 999 474 1048 partem
493 996 631 1037 nostri
651 995 842 1037 criminis
862 1009 976 1036 error
993 995 1141 1036 habet.

145 1115 230 1146 Neve
244 1124 405 1145 memorem
418 1115 482 1145 iras
491 1115 645 1146 hominum
661 1115 817 1154 delinitas,
833 1116 883 1154 qui
897 1115 984 1154 prius
994 1117 1060 1145 erat
1072 1114 1167 1144 hostis
1178 1113 1325 1151 Junem‘s,
1339 1122 1428 1144 nunc
1438 1117 1483 1144 est
1492 1124 1598 1153 gener.

143 1157 285 1197 Denique
299 1167 356 1187 non
378 1167 498 1197 possum
514 1158 628 1188 nullam
644 1159 773 1188 salutem
795 1166 930 1196 sperare,
955 1167 1022 1186 cum
1039 1165 1129 1186 causa
1151 1155 1294 1195 supplicii
1310 1155 1368 1185 mei
1383 1166 1442 1186 non
1457 1156 1498 1186 sit
1515 1158 1598 1196 capi-

141 1200 228 1230 talis.
278 1200 351 1230 Vita
380 1200 526 1237 Caesaris,
551 1209 615 1238 quse
639 1203 685 1229 est
705 1200 790 1228 salus
814 1198 920 1228 mundi
944 1208 1004 1228 non
1029 1200 1075 1228 est
1095 1198 1196 1237 petita
1220 1208 1239 1228 a
1262 1208 1310 1228 me
1334 1198 1475 1236 cupiente
1496 1200 1599 1229 omnin

140 1245 287 1272 evertere.
333 1242 404 1271 Non
418 1243 593 1280 prolocutus
606 1251 673 1271 sum
687 1241 858 1280 quicquam,
876 1250 929 1270 nec
944 1241 1050 1278 lingna
1074 1241 1205 1279 protulit
1228 1240 1391 1278 minantia,
1406 1243 1461 1270 aut
1475 1240 1600 1280 ‹fficivi

140 1294 227 1314 voces
241 1284 352 1323 impias
367 1284 461 1313 nimio
477 1284 559 1312 rino.
603 1283 724 1313 Punior
739 1283 810 1322 quia
835 1283 912 1312 oculi
938 1283 1107 1313 nescientes
1127 1285 1314 1322 aspexerunt
1329 1282 1463 1313 crimen:
1486 1286 1518 1313 et
1533 1293 1598 1314 mea

140 1327 228 1366 culpa
243 1329 288 1357 est
303 1325 442 1356 habuisse
457 1326 566 1355 oculos.
613 1325 687 1355 Non
703 1325 841 1365 equidem
856 1325 973 1356 valeam
989 1336 1036 1357 me
1051 1325 1206 1356 absolvere
1220 1325 1302 1356 omni
1318 1325 1446 1356 crimine
1457 1335 1470 1362 ;
1493 1335 1597 1357 verum

750 1409 987 1421 eeeeeeeeeeee

140 1468 221 1496 —11
248 1464 395 1497 Quidam
425 1465 463 1494 nd
491 1464 620 1494 amicius
647 1464 776 1495 ivn—44
800 1465 876 1495 Duo
892 1465 1012 1505 scripti
1042 1465 1120 1495 Cum
1142 1465 1236 1504 culpa?
1251 1475 1322 1496 non.
1346 1465 1432 1495 Tum
1458 1465 1540 1496 Lov.
1556 1466 1598 1496 sit

140 1519 212 1539 cura
228 1510 428 1539 ornent—47
454 1507 493 1537 In
522 1507 610 1537 Edd.
647 1505 739 1546 Aldi,
765 1511 800 1538 et
816 1509 862 1538 D.
880 1508 1000 1538 Heius.
1024 1508 1099 1546 aliq.
1114 1507 1211 1544 dixit,
1228 1513 1265 1538 ut
1293 1507 1334 1537 ad
1361 1506 1398 1537 τὸ
1414 1508 1519 1545 lingua
1546 1517 1598 1538 re·

140 1551 282 1582 feratur.
307 1551 389 1580 Mox
408 1559 459 1589 pr.
476 1550 518 1580 V.
533 1549 610 1587 ling.
635 1549 780 1588 loquendo
797 1553 938 1580 esth—48
962 1549 1126 1582 Quaedam
1152 1549 1240 1580 Edd.
1255 1549 1417 1589 Lapsave,·
1441 1549 1499 1580 sed
1514 1550 1597 1590 Lap-

140 1603 230 1633 saque
251 1602 364 1623 omnes
382 1592 524 1631 scripti:
552 1592 612 1621 Be.
630 1591 761 1631 Lapsaq.
778 1601 837 1622 non
859 1592 934 1623 nim.
957 1592 1042 1622 Tum
1070 1591 1165 1622 Leid.
1194 1591 1278 1622 verb.
1301 1591 1454 1631 profunda
1479 1602 1598 1622 mer:—

140 1639 181 1666 50
205 1635 312 1666 Meum
342 1635 456 1665 Heius.
484 1638 598 1663 monet
628 1643 699 1663 esse
730 1633 927 1673 legendum3
950 1634 1042 1673 vulg.
1073 1644 1172 1665 meos:
1196 1638 1345 1674 quatuor
1368 1634 1444 1664 libri
1467 1634 1598 1665 mihi.—

142 1681 180 1708 51
205 1677 310 1708 Barb.
332 1687 378 1716 eq.
409 1679 708 1707 tantam...causam.·
745 1677 826 1707 Lov.
853 1677 1179 1708 totam...vitam.—53
1204 1677 1247 1707 D.
1280 1676 1399 1708 Heius·
1426 1686 1502 1707 cum
1518 1677 1595 1707 Pal.

799 1773 832 1805 N
837 1773 944 1805 OTAE

143 1842 341 1874 Alexander
353 1851 417 1873 non
431 1842 559 1873 dimisit
570 1843 681 1883 modo,
695 1843 754 1875 sed
773 1853 840 1874 am·

144 1893 251 1934 pliore
267 1902 368 1932 regno
386 1892 535 1921 donavit.

184 1945 225 1973 40
252 1941 417 1982 Exequice]
442 1942 534 1974 Quas
562 1942 708 1981 superbo
739 1952 840 1981 appa-

141 1997 218 2023 ratu
230 1992 338 2023 Dario
353 1991 444 2022 victo
457 1991 527 2030 regi
545 1990 740 2022 Alexander
752 1991 841 2022 idem

137 2042 241 2084 jussit
258 2047 360 2083 atque
377 2043 579 2082 procuravit.

184 2095 226 2124 42
253 2092 372 2132 Gener]
400 2093 583 2123 Herculem
600 2092 696 2131 dicit,
712 2092 767 2132 qui
785 2101 842 2123 ex-

142 2144 261 2173 hausta
282 2142 428 2174 Junonis
458 2142 517 2181 ira,
545 2142 667 2173 Heben
694 2142 841 2182 denique

141 2193 213 2233 ejus
231 2192 333 2223 filiam
350 2202 488 2222 uxorem
505 2193 613 2223 duxit.

183 2245 225 2272 44
251 2241 403 2281 Cruenta]
442 2242 526 2274 Quae
559 2251 679 2272 cruore
711 2240 841 2282 expiari

144 2292 280 2323 debeat.

184 2346 224 2374 45
250 2344 376 2374 Pessum
391 2344 479 2383 dare]
510 2342 609 2375 Quod
628 2341 758 2373 faciunt
784 2341 840 2381 qui

144 2391 302 2424 adversus
316 2393 531 2433 Reipublicae
548 2392 841 2423 administratores

142 2442 332 2482 insurgunt.

186 2494 227 2522 49
253 2491 418 2531 Viderunt]
471 2492 644 2524 Quantum
674 2501 737 2531 ego
765 2502 841 2522 cou-

140 2543 278 2581 jectura
294 2543 422 2582 assequi
442 2552 589 2582 possum,
612 2543 750 2573 rescivit
774 2541 842 2572 Au-

144 2594 275 2630 gustus,
291 2590 389 2621 Juliae
404 2592 571 2622 lasciviam
594 2592 721 2623 Nasoni
738 2591 840 2622 fuisse

146 2643 374 2680 perspectam,
395 2640 451 2679 qui
481 2640 570 2672 forte
591 2643 737 2682 aliquem
762 2651 839 2671 cuin

145 2690 292 2724 Corinna
317 2698 377 2719 sua
398 2689 538 2720 invenit.
582 2692 675 2724 Naso
691 2693 764 2733 ipse
789 2692 837 2723 in-

232 2743 351 2785 Delph.
366 2744 394 2772 et
414 2741 489 2773 ναν.
504 2743 588 2775 Clas.

842 2742 939 2774 ovid.

895 1853 1010 1884 super,
1027 1842 1121 1884 quod
1136 1842 1198 1874 sibi
1222 1845 1406 1883 perspecta
1421 1845 1511 1872 esset
1528 1840 1599 1872 Au·

895 1899 1030 1934 gustum
1048 1893 1225 1924 rescivisse
1243 1891 1425 1922 intellexit.
1455 1890 1598 1930 Reperti

895 1947 986 1980 sunt,
1004 1941 1140 1978 deinde,
1165 1940 1282 1970 nullibi
1308 1949 1375 1970 non
1397 1939 1597 1979 frequentes

897 1991 952 2032 qui
968 1991 1009 2022 de
1030 1991 1179 2022 Corinna
1203 1990 1313 2030 deque
1329 1989 1449 2019 Poetae
1468 1987 1600 2020 Amori-

897 2041 957 2071 bus
979 2041 1124 2082 plurima
1148 2040 1503 2078 immurmuraverunt,
1531 2049 1597 2080 quo

897 2096 1051 2131 ternpore
1079 2090 1189 2121 turbae
1216 2090 1370 2120 maximae
1398 2090 1432 2119 in
1457 2089 1532 2120 aula
1555 2090 1597 2121 ob

895 2141 995 2173 Juliae
1010 2140 1194 2170 lasciviam.
1213 2140 1438 2180 Caesarbujus
1452 2140 1598 2171 dedeco-

897 2190 940 2220 ris
958 2189 1274 2229 impatientissimus
1288 2189 1389 2220 facile
1401 2191 1511 2221 omnia
1523 2200 1598 2221 cre-

895 2241 1005 2272 didit:
1030 2240 1110 2281 quid
1130 2240 1234 2272 Amor
1260 2246 1374 2281 posset
1391 2242 1518 2282 optime
1541 2251 1599 2272 no·

896 2296 1004 2322 verat.
1028 2290 1138 2321 Poeta
1152 2301 1244 2330 νει-ο,
1260 2295 1298 2321 ut
1314 2296 1433 2322 eaiitus
1446 2291 1523 2331 fuit,
1540 2300 1598 2322 ne-

895 2351 958 2382 que
976 2341 1084 2370 miuus
1105 2350 1299 2380 generosus,
1316 2341 1396 2372 nibil
1416 2341 1597 2382 quicquam

897 2395 1024 2431 pra‘tel·
1040 2400 1080 2421 ea
1098 2400 1170 2431 quae
1186 2395 1307 2430 aperta
1325 2396 1427 2430 atque
1446 2400 1600 2430 compro·

897 2441 977 2471 bata
989 2441 1032 2471 de
1048 2441 1148 2480 culpa
1162 2442 1298 2471 alterius
1311 2440 1466 2470 confiteri
1480 2440 1598 2470 voluit.

899 2491 1061 2531 Adeoque
1078 2500 1184 2531 usque
1202 2490 1241 2520 ad
1273 2490 1372 2520 finem
1400 2490 1432 2518 iu
1457 2498 1496 2518 eo
1522 2498 1598 2528 pei·-

898 2541 1006 2578 suum
1031 2550 1139 2579 neque
1158 2540 1264 2569 minus
1283 2540 1374 2569 illuni
1394 2539 1509 2569 Tomis
1527 2538 1597 2570 Au·

899 2595 1017 2630 gustus
1032 2589 1180 2629 reliquit.

940 2643 977 2669 51
1007 2639 1130 2677 Tutum]
1159 2639 1280 2668 Passus
1304 2642 1356 2668 ost
1383 2647 1528 2678 namque
1560 2648 1596 2669 se

900 2688 1054 2729 quaedam
1074 2688 1107 2718 iu
1135 2687 1220 2718 Arte
1248 2688 1346 2728 paulo
1373 2687 1531 2718 liberiore
1560 2687 1598 2718 li·

1450 2742 1470 2770 7
1494 2739 1511 2769 Ι
