1877 3193
576 180 730 211 EPiST.
768 180 832 210 Ex
868 180 1026 211 PoN'ro
1062 180 1157 211 me.
1190 181 1224 210 1.
1256 169 1322 211 10.
1563 171 1678 214 2555

876 301 1020 333 NOTAE

262 378 303 406 54
332 375 453 417 Vicina]
487 375 568 407 Non
590 377 785 416 peregrina,
810 376 922 417 cujus·
1022 380 1064 408 56
1102 377 1146 407 Et
1174 375 1243 416 nos]
1282 372 1556 415 Ingeniosissime
1586 381 1680 409 certe

219 426 310 457 modi
326 426 424 457 obrui
442 426 536 458 Naso
563 432 719 458 metuere
739 436 774 457 se
796 425 923 457 alicubi
977 426 1120 457 Maximi
1138 436 1237 467 opem
1253 430 1287 457 et
1304 423 1414 457 officia
1429 424 1520 466 petit
1534 424 1638 458 Naso.

221 481 377 507 testatur·

680 813 1099 863 EPISTOLA
1155 814 1231 862 X.

819 990 1080 1033 FLACCO.

770 1158 1131 1191 ARGUMENTUM.

221 1257 275 1288 An
291 1257 449 1288 Flaccum
464 1255 618 1286 scribens
631 1254 755 1293 Poeta,
769 1255 920 1294 corporis
932 1255 1142 1296 languorem,
1155 1256 1297 1298 ejusque
1311 1256 1362 1288 rei
1375 1266 1511 1289 causam
1523 1258 1683 1299 exponit:

260 1319 404 1350 eumque
421 1314 519 1350 rogat
536 1318 613 1340 cum
629 1307 751 1348 fratre,
774 1313 812 1338 ut
835 1308 901 1338 sibi
927 1318 1026 1349 opem
1051 1308 1156 1349 ferat,
1171 1308 1430 1352 Augustumque
1457 1311 1489 1343 ei
1512 1311 1681 1344 mitiorem

262 1361 396 1393 reddat.

218 1459 377 1518 NASO
400 1489 482 1517 suo
504 1476 716 1529 profugus
735 1477 868 1516 mittit
888 1477 984 1526 tibi,
1005 1476 1185 1527 Flacce,
1206 1479 1391 1519 salutem
1410 1493 1419 1519 :

279 1543 458 1584 Mittere
479 1556 567 1583 rem
590 1543 629 1582 si
650 1543 767 1595 quis,
792 1555 882 1595 qua
902 1549 1019 1583 caret
1040 1544 1153 1597 ipse,
1174 1549 1339 1598 potest.

222 1609 397 1661 Longus
418 1610 533 1649 enim
553 1610 669 1650 curis
691 1609 891 1650 vitiatum
913 1623 1075 1663 corpus
1098 1612 1256 1652 amaris

279 1676 383 1717 Non
402 1677 564 1729 patitur
584 1677 701 1716 vires
722 1677 903 1729 languor
924 1677 1083 1718 habere
1103 1690 1223 1720 suaS.

223 1744 320 1786 Nee
343 1744 464 1785 dolor
485 1744 599 1785 ullus
621 1744 761 1794 adest,
782 1757 862 1785 nec
885 1743 1077 1784 febribus
1097 1758 1201 1786 uror
1219 1745 1384 1787 anhelis
1403 1759 1413 1798 ;

279 1812 335 1854 Et
354 1813 525 1866 peragit
548 1812 664 1852 soliti
686 1825 797 1852 vena
818 1813 979 1852 tenoris
1000 1812 1092 1852 iter.

223 1879 287 1921 Os
307 1881 439 1921 hebes
461 1887 541 1930 est,
565 1880 814 1933 positaeque
834 1884 1014 1919 movent
1030 1879 1213 1920 fastidia
1233 1892 1398 1922 mensae
1417 1894 1426 1920 ε

280 1948 337 1990 Et
356 1961 526 2005 queror,
548 1948 679 1989 invisi
699 1960 797 1987 cum
819 1947 936 1987 venit
955 1946 1062 1987 hora
1081 1947 1184 1987 cibi.

1658 1747 1687 1786 0¹

266 2059 388 2095 Flacce,
408 2060 493 2090 Naso
505 2061 578 2090 exul
592 2058 691 2089 mittit
705 2058 763 2089 tibi
776 2059 883 2088 amieo
898 2068 951 2089 suo
967 2060 1097 2089 salutem
1111 2069 1122 2095 ,·
1145 2059 1172 2089 si
1188 2058 1256 2098 quis
1270 2061 1371 2098 potest
1383 2058 1506 2089 mittere
1517 2067 1583 2089 rem
1595 2068 1687 2098 quum

222 2102 286 2143 ipse
302 2112 361 2132 non
373 2102 477 2133 habet.
526 2103 642 2132 Moeror
670 2102 751 2131 enim
776 2101 918 2132 diutinus
942 2111 1002 2132 non
1023 2102 1097 2132 sinit
1125 2111 1233 2141 corpus
1252 2104 1428 2140 corruptum
1441 2101 1589 2140 gravibus
1605 2102 1688 2131 curis

222 2144 359 2175 obtinere
375 2155 448 2175 suas
474 2145 564 2175 riv-es.
613 2145 719 2183 Neque
745 2145 903 2183 quisquam
926 2145 1012 2174 dolor
1032 2145 1132 2182 adesl,
1156 2153 1252 2184 neque
1276 2147 1370 2173 ardeo
1384 2143 1527 2181 febribus
1549 2143 1687 2179 anhelis;

223 2190 253 2218 et
268 2197 346 2218 vena
361 2187 487 2217 absolvit
505 2188 567 2217 iter
582 2187 699 2217 tenoris
714 2187 859 2217 consueti.
907 2188 951 2216 Os
967 2190 1010 2216 ese
1027 2186 1221 2224 languidum,
1237 2189 1268 2216 et
1292 2196 1403 2216 mensae
1419 2186 1566 2226 appositoe
1581 2190 1687 2217 creant

222 2239 367 2261 nauseam
378 2240 388 2260 :
409 2233 439 2260 et
467 2239 576 2269 queror
598 2239 665 2260 cum
683 2233 802 2269 tempus
824 2238 900 2260 escoe
915 2230 1026 2259 odiosa>
1041 2230 1138 2260 adest.
1186 2228 1278 2270 Offer
1293 2231 1372 2269 qum!
1389 2239 1482 2268 mare,
1497 2230 1577 2269 quod
1592 2231 1688 2270 terra,

840 2312 1071 2326 eeeeeeeeeeee

271 2371 286 2400 l
312 2368 381 2400 Pro
396 2378 451 2399 suo
467 2368 634 2408 Excerpt.
658 2369 758 2400 Voss.
775 2369 888 2406 nimis,·
911 2374 946 2401 et
962 2369 1155 2411 quindecim
1180 2368 1257 2400 libri
1277 2372 1423 2399 tuus-5
1449 2367 1623 2398 Twisden.
1639 2376 1687 2398 ur.

225 2411 337 2452 acutis,
351 2411 441 2453 quod
459 2411 578 2442 Heius.
597 2411 723 2453 placet,
740 2413 819 2454 quia
837 2422 901 2444 vox
918 2413 1060 2444 medicis
1077 2412 1334 2444 familiaris—6
1360 2412 1396 2441 ln
1414 2411 1487 2440 aliis
1503 2409 1564 2440 Sed
1573 2418 1686 2448 perag.

881 2509 1020 2541 NOTAE

272 2582 291 2609 3
315 2579 454 2619 Longus]
483 2581 713 2614 Quamobrem
742 2582 851 2614 salute
874 2592 929 2613 ca·
1026 2583 1046 2611 6
1078 2579 1173 2618 Vena]
1200 2579 1284 2610 Qua*
1301 2579 1390 2608 ultra
1408 2577 1543 2609 niodum
1560 2578 1684 2612 micare

232 2633 306 2661 reat
321 2629 482 2660 ostendit.
984 2635 1019 2661 et
1035 2630 1133 2660 salire
1151 2629 1235 2658 solet
1255 2627 1540 2660 febricitantibus.

273 2684 290 2710 5
331 2679 474 2719 Anhelis]
514 2681 600 2713 Quae
627 2691 748 2723 corpus
773 2683 928 2715 anhelum
1025 2683 1043 2710 7
1070 2678 1186 2718 Hebes]
1213 2679 1313 2711 Quod
1332 2677 1397 2709 cibi
1414 2679 1506 2710 nulia
1521 2685 1685 2721 appeten-

232 2731 372 2764 faciunt.
985 2731 1032 2762 tia
1048 2734 1214 2760 movetur.
