1863 3193
193 192 307 236 2368
677 204 718 234 P.
751 203 909 234 ovum
943 200 1155 232 NASole

196 299 257 341 Di
278 299 457 348 faciant,
480 298 633 340 Caesar
650 311 738 338 non
758 298 828 338 hic
850 297 1069 351 penetrale
1091 295 1369 349 domumque,

253 365 515 419 Hospitium
530 377 674 419 poenae
697 364 773 405 sed
793 364 900 405 velit
920 377 1019 405 esse
1038 376 1166 404 meae.

195 488 304 521 tln'ca?
318 489 444 530 jamque
459 499 547 530 poena
568 488 684 528 proebet
702 488 779 519 mihi
803 497 873 519 suas
899 490 984 519 sedes
1017 488 1050 519 in
1078 484 1292 519 domicilium?
1336 485 1396 516 Dii
1420 487 1583 526 proestent,
1609 488 1648 516 ut

198 533 303 563 Coesur
317 532 390 563 velit
407 533 456 563 hic
470 542 532 563 esse
547 532 747 563 dicersorium
762 532 822 562 mei
836 531 991 571 supplicii,
1008 541 1067 562 mm
1078 531 1238 572 penetrale
1251 532 1283 560 et
1297 529 1392 560 sedes.

806 624 1042 636 eeeeeeeeeeee

195 691 291 724 multi
314 695 410 722 terra.
455 690 582 720 Versus
605 693 793 728 suspectus
820 689 931 720 Heius.
978 689 1056 719 Non
1073 692 1156 727 puto
1173 687 1289 719 statim
1314 685 1558 726 expungendos
1573 694 1647 716 ver·

196 745 252 766 sus
275 733 430 765 difficiles
447 736 483 762 et
509 735 710 769 corruptos:
734 728 823 760 forte
850 731 1038 770 scripserit,
1063 732 1175 761 Jamne
1198 739 1307 761 novum
1330 729 1407 759 mihi
1430 730 1485 759 dat
1505 738 1563 768 pro
1586 729 1651 758 lure

193 773 423 818 poenafocnm?
446 775 544 805 Locus
556 772 690 810 etsocns
704 772 827 811 passim
853 777 1099 812 permutantur.
1126 773 1227 803 Focus
1242 776 1354 802 autem
1372 776 1423 802 est
1445 769 1534 801 idem
1558 769 1650 811 quod

196 829 274 850 mox
309 820 317 834 ‘
331 816 530 858 penetrale!
564 817 572 832 ‘
585 814 711 846 Novns’
735 819 771 844 et
794 814 802 830 ⁴
817 814 908 843 suus'
932 814 1036 844 etiam
1067 813 1207 844 confusa
1220 815 1312 844 Fast.
1328 823 1384 844 111.
1401 816 1452 844 34.
1476 812 1594 844 Amor.
1609 820 1651 843 11.

196 865 225 892 5.
251 864 302 892 37.
326 860 359 890 Si
381 860 455 900 quis
471 868 558 889 suum
576 858 663 888 tueri
692 856 787 894 velit,
814 856 967 896 explicet
985 855 1143 886 stabilem
1159 861 1194 886 et
1210 861 1413 895 perpetuum
1430 854 1565 892 focum3
1588 853 1650 884 sed

196 909 310 934 metuo
326 912 368 932 ne
386 902 486 932 altius
500 901 617 930 vulnus
640 899 770 929 sedeat.
794 898 990 929 Burm.—53
1008 898 1100 929 Olim
1116 898 1295 936 legebatur
1313 898 1359 928 Dz'
1378 896 1479 934 facite
1493 900 1528 928 ut
1546 897 1651 926 Caesar

195 956 256 976 non
278 946 332 976 hoc
356 954 426 983 pen.
450 944 458 959 ‘
473 943 542 973 Hoc
567 942 672 972 Coesar
688 940 972 971 Zulichemianus.
995 941 1084 980 Lege
1101 939 1258 978 Difctcz'te
1272 950 1299 971 o.
1322 940 1409 970 Vide
1428 940 1535 970 Notas
1551 938 1651 978 [Not.

197 987 294 1026 Van]
318 987 424 1026 Epist.
442 994 466 1015 1.
485 987 560 1015 101.
583 984 659 1015 Nisi
683 983 777 1014 malis
796 983 845 1014 Di
863 983 988 1021 saciant
1015 993 1091 1015 cum
1116 982 1225 1015 tribus
1251 982 1399 1023 scriptis.
1423 981 1489 1012 Hic
1504 991 1572 1022 pen.
1591 989 1651 1021 pro

198 1030 253 1060 hoc
269 1029 368 1060 etiam
386 1027 544 1069 quidam:
570 1026 682 1057 Heius.

859 1131 1002 1163 NOTAE

199 1211 438 1249 oppresserant
453 1205 720 1245 Germani‚duce
737 1204 899 1235 Arminio.
998 1208 1038 1236 52
1063 1204 1175 1244 Poena]
1211 1204 1310 1234 Hanc
1328 1202 1426 1234 sicuti
1443 1201 1580 1233 Furiam
1596 1201 1652 1232 ali-

243 1262 284 1289 50
309 1256 443 1297 Hospes]
488 1256 551 1287 Cui
584 1255 717 1287 faveam
754 1254 899 1285 maxime
955 1264 1054 1295 quam
1066 1255 1176 1285 Tomis
1191 1254 1289 1285 sedes
1304 1253 1429 1284 habere
1452 1262 1529 1283 suas
1545 1251 1654 1293 fingit.

200 1312 343 1352 propter
356 1309 472 1340 laetum
489 1307 653 1338 nuntium.

663 1692 987 1742 ELEGIA
1042 1690 1198 1739 XIII.

748 1865 1105 1898 ARGUMENTUM.

207 1969 289 1999 CUM
310 1967 432 1998 natalis
450 1964 569 1997 Po'eltae
588 1964 735 2003 adesset,
752 1961 956 2004 superfluum
973 1962 1078 1993 fuisse
1094 1961 1189 1999 dicit,
1208 1961 1240 1992 in
1259 1970 1298 1992 ea
1314 1960 1388 1991 loca
1403 1959 1495 1990 illum
1512 1957 1655 1996 venisse,

248 2021 305 2051 ubi
329 2020 493 2052 nonlicet
513 2019 561 2049 illi
577 2027 619 2049 ex
635 2027 727 2048 more
752 2017 904 2048 solennia
927 2026 1022 2048 sacra
1038 2015 1217 2047 exhibere:
1243 2018 1436 2054 monetque,
1451 2021 1493 2043 ne
1515 2010 1656 2052 amplius

247 2073 377 2113 redeat,
395 2073 473 2103 dum
487 2072 549 2102 erit
563 2071 596 2101 in
612 2069 761 2113 Scythia.

210 2179 359 2234 Eccu
383 2204 682 2245 supervacuus
703 2190 832 2244 (quid
855 2191 969 2230 enim
990 2191 1072 2231 fuit
1093 2191 1199 2231 utile
1221 2191 1337 2242 gigni
1353 2187 1395 2240 Ἰ)

264 2259 335 2299 Ad
357 2272 436 2299 sua
455 2258 613 2298 natalis
634 2265 830 2310 tempora
849 2261 995 2297 noster
1015 2257 1152 2296 adest.

252 2379 332 2409 Ecce
363 2378 427 2408 dies
444 2380 544 2407 noster
570 2375 682 2405 natulis
698 2374 825 2412 frustra
847 2373 1001 2403 recurrit.-
1023 2373 1095 2413 quid
1120 2373 1199 2404 enim
1214 2371 1332 2412 profuit
1347 2368 1456 2401 nasci?
1504 2370 1658 2410 Crudelis,

808 2457 1043 2468 ,,,,,,,,,,,,

254 2519 269 2546 1
292 2515 391 2554 Gigm'
407 2514 574 2551 meliores,
592 2515 680 2543 teste
693 2511 812 2542 Heius.
824 2511 887 2541 nisi
902 2509 990 2551 quod
1010 2520 1060 2550 pr.
1078 2510 1149 2540 Pol.
1167 2518 1217 2549 pr.
1234 2508 1276 2538 V.
1289 2511 1319 2537 et
1334 2505 1427 2537 Med.
1443 2506 1547 2538 uobis.-
1566 2507 1656 2548 vulg.

863 2617 1002 2649 NOTAE

257 2697 270 2724 l
297 2695 378 2729 Quid
395 2695 489 2734 cuim]
520 2694 645 2725 Melius
667 2703 749 2724 vero
773 2696 825 2723 est
841 2702 907 2723 nou
962 2695 996 2722 et
1013 2700 1117 2731 usquc
1132 2688 1215 2719 adeo
1234 2687 1317 2718 fatui
1331 2686 1458 2727 reperti
1475 2690 1554 2718 sunt
1567 2685 1656 2718 The-

213 2749 327 2776 natum
339 2754 435 2785 quam
445 2745 602 2776 miserum
613 2754 703 2776 esse:
716 2753 907 2785 quanquam
962 2741 1062 2782 ologi,
1077 2744 1114 2772 ut
1131 2743 1247 2771 contra
1263 2737 1451 2770 docuerint.
