1877 3193
551 178 704 210 Ems‘r.
740 179 804 210 Ex
840 180 999 209 PONTO
1033 179 1129 209 12113.
1163 179 1193 208 1.
1224 169 1268 210 5.
1519 169 1633 213 2529

176 274 374 327 Tempus
392 273 449 314 ad
466 273 553 314 hoc
573 276 703 316 nobis
733 275 927 331 (repetas
947 277 1051 317 licet
1071 272 1240 327 omnia)
1267 273 1434 314 nullum

234 341 410 382 Profuit
428 339 584 396 <atque
606 343 768 384 utinam
790 358 877 385 non
897 345 1121 384 nocuisset
1138 341 1169 395 !)
1197 354 1322 396 opus.

179 407 268 449 Cur
286 409 413 461 igitur
433 408 624 448 scribam
645 411 816 450 miraris
833 412 850 450 Τ
884 412 1017 450 miror
1040 415 1082 450 et
1102 411 1200 462 ipse
1218 423 1227 450 ε

237 476 294 516 Et
312 488 482 516 mecum
505 489 655 527 quaero
679 490 815 529 saepe,
838 477 941 529 quid
962 477 1060 515 inde
1080 476 1229 515 feram.

179 540 251 582 An
272 542 461 596 populus
481 555 580 582 vere
602 556 737 583 sanos
758 546 884 594 negat
904 555 1002 582 esse
1024 541 1207 594 poetas;

237 608 430 661 Sumque
451 606 564 648 fides
585 609 713 663 hujus
734 610 930 649 maxima
946 609 1071 649 vocis
1087 621 1167 661 ego
1184 609 1202 648 ἲ

180 674 285 726 Qui,
308 676 442 716 sterili
461 675 595 717 toties
616 689 713 716 cum
735 677 818 717 sim
839 676 1050 730 deceptus
1070 676 1126 716 ab
1146 688 1269 726 arvo,

236 742 469 783 Damnosa
487 748 637 796 persto
658 745 846 785 condere
868 758 1012 784 semen
1033 745 1178 784 humo.

179 810 360 851 Scilicet
379 814 444 852 est
460 812 647 864 cupidus
666 812 909 853 studiorum
928 812 1115 864 quisque
1136 822 1311 851 suorum
1330 824 1342 863 3

232 877 428 932 Tempus
449 881 492 918 et
513 882 689 919 assueta
707 891 870 931 ponere
892 879 936 918 in
958 881 1046 918 arte
1061 878 1204 930 juvat.

178 946 368 987 Saucius
388 946 530 999 ejurat
547 959 733 999 pugnam
756 947 985 999 gladiator,
1005 949 1048 986 et
1066 945 1183 986 idem

234 1014 468 1054 Immemor
489 1014 658 1067 antiqui
675 1013 868 1054 vulneris
890 1026 1012 1054 arma
1033 1012 1167 1066 capit.

1579 475 1635 516 30

178 1167 246 1188 cum
253 1156 364 1194 fructu
379 1156 478 1188 ubere.
524 1157 675 1191 Quamvis
697 1156 798 1186 onmia
814 1159 951 1195 tempora
966 1156 1116 1192 revolvas,
1142 1154 1257 1184 nullum
1272 1162 1346 1192 opus
1371 1152 1428 1183 huc
1443 1162 1534 1193 usque
1549 1154 1636 1185 nobis

170 1199 241 1236 fuit
254 1200 343 1237 utile,
357 1203 448 1239 atque
464 1200 582 1229 utinam
600 1209 657 1229 nou
673 1198 844 1235 obfuisset!
878 1198 1011 1228 Miraris
1035 1207 1090 1226 cur
1114 1205 1187 1234 ergo
1211 1205 1335 1226 exorem
1359 1195 1484 1227 versus?
1531 1197 1637 1226 Miror

178 1252 233 1280 ego
248 1242 353 1280 etium,
376 1246 407 1272 ct
425 1241 606 1280 frequenter
621 1242 701 1280 apud
716 1250 763 1270 me
777 1241 905 1279 exquiro
921 1240 995 1279 quid
1017 1239 1089 1268 inde
1103 1242 1265 1277 reportem.
1310 1238 1360 1267 An
1375 1237 1461 1276 plebs
1475 1238 1553 1268 dicit
1569 1248 1637 1268 cum

178 1285 299 1314 ratione
314 1286 397 1313 vates
411 1293 469 1312 non
484 1292 546 1312 esse
561 1283 608 1311 sui
620 1285 781 1321 compotes,
793 1286 883 1320 atque
895 1291 950 1320 ego
961 1290 1027 1311 sum
1040 1281 1127 1310 testis
1141 1280 1330 1310 certissimus
1345 1279 1436 1316 hujus
1450 1280 1610 1310 sententioe
1620 1278 1637 1310 ’.ἶ

181 1327 326 1360 Quicum
341 1325 400 1355 sim
422 1325 514 1354 toties
536 1325 656 1354 delusus
677 1324 715 1354 ab
737 1323 872 1361 infertili
893 1334 981 1363 agro,
1005 1332 1100 1362 pergo
1122 1322 1250 1352 obruere
1272 1331 1373 1351 semen
1396 1322 1522 1360 ingrata
1539 1327 1637 1354 terra.

179 1367 340 1398 Nimirum
355 1366 480 1406 quisque
496 1367 639 1397 addictus
653 1366 717 1396 suis
731 1366 853 1405 studiis,
879 1370 909 1396 et
923 1368 1050 1405 gratum
1066 1368 1111 1395 est
1127 1365 1282 1395 absumere
1297 1364 1362 1394 dies
1377 1365 1411 1394 in
1424 1368 1492 1395 arte
1507 1366 1635 1396 usitata.

183 1410 351 1441 Gladz'ator
364 1409 540 1440 vulneratus
555 1410 680 1440 devovet
693 1409 877 1449 certamina,
903 1413 933 1440 et
957 1409 1037 1439 idem
1052 1407 1164 1439 oblitus
1177 1407 1290 1437 veteris
1301 1408 1404 1446 plagae
1420 1407 1523 1438 induit
1538 1418 1636 1440 arma.

789 1492 826 1502 -ee
832 1490 1022 1501 eom

178 1547 340 1590 quicquid
355 1547 433 1578 libri
444 1551 577 1577 veteres
592 1546 808 1584 dissentiunt,
824 1545 970 1584 Tempore
983 1545 1022 1574 ad
1035 1544 1089 1574 hoc
1099 1544 1186 1574 nobis
1200 1542 1242 1584 (r.
1259 1545 1280 1574 l.
1297 1542 1339 1581 o.)
1351 1544 1433 1575 nullo
1450 1543 1580 1581 Profuit
1591 1543 1638 1586 (a.

176 1601 207 1622 u.
224 1601 255 1621 n.
271 1601 302 1621 n.
315 1591 344 1629 !)
353 1600 437 1630 opus.
455 1590 571 1620 Heins.
600 1588 726 1618 Nescio
743 1596 803 1617 cur
819 1587 935 1616 nullum
951 1586 1149 1622 mutandum
1163 1586 1225 1617 sit:
1252 1586 1334 1617 licet
1350 1587 1438 1616 euim
1455 1587 1548 1617 varia
1563 1596 1639 1617 car-

179 1632 273 1663 mina
288 1632 473 1672 scripserit,
495 1632 622 1660 nullum
640 1636 751 1660 tamen
769 1629 830 1660 sibi
846 1629 888 1659 ad
901 1629 962 1660 hoc
980 1639 1085 1669 usque
1104 1633 1237 1669 tempus
1256 1628 1423 1668 profuisse
1437 1629 1530 1660 dicit.
1578 1629 1635 1661 Sic

179 1675 212 1705 in
229 1683 269 1705 11.
289 1674 451 1704 Tristium
478 1678 633 1703 recenset
646 1682 750 1712 opera
774 1682 844 1711 sua,
868 1672 899 1701 in
928 1671 1048 1712 quibus
1059 1673 1162 1702 etiam
1188 1671 1304 1701 laudes
1322 1672 1467 1702 Caesaris
1481 1675 1638 1703 cantatas

180 1716 278 1756 dicit,
300 1716 359 1746 sed
376 1717 502 1746 nullum
519 1714 665 1746 fructum
682 1715 761 1745 inde
788 1714 892 1754 cepit,
918 1715 1018 1745 immo
1045 1718 1166 1745 contra
1194 1714 1226 1743 in
1248 1713 1334 1744 Arte
1351 1714 1480 1753 scripta
1494 1714 1638 1746 exitium

179 1759 243 1789 sibi
260 1758 400 1798 reperit.
414 1759 612 1789 Burin—30
624 1759 674 1788 Ex
691 1757 859 1788 nonnullis
871 1761 955 1788 vett.
970 1756 1091 1787 Heius.
1103 1756 1234 1796 recepit
1246 1756 1526 1794 mecum...ferum;
1543 1757 1636 1797 vulg.

180 1804 430 1840 tecum...petam.
476 1801 541 1831 Ms.
558 1801 689 1831 Bersm.
713 1800 814 1830 etiam
838 1801 917 1839 quod
943 1809 1004 1839 pro
1027 1800 1196 1839 quim—33
1220 1799 1300 1830 Jun.
1315 1800 1431 1838 decept.
1452 1799 1484 1828 in
1505 1809 1638 1838 agro.—

180 1846 221 1874 37
246 1844 299 1874 Ex
315 1844 395 1874 Pat.
419 1842 595 1873 Fabricius
622 1843 776 1882 reposuit
802 1842 900 1880 ejurat
925 1852 1061 1882 pugnam
1078 1851 1139 1881 pro
1155 1841 1245 1880 vulg.
1268 1841 1365 1871 evitat
1378 1851 1508 1880 pugnas,
1553 1841 1637 1872 Mox

183 1885 305 1919 Heius.
330 1886 495 1917 maluerat
517 1889 548 1916 at
572 1895 632 1926 pro
655 1887 782 1917 et.—38
806 1885 894 1916 Mor.
912 1884 1188 1924 arm.gerit.-—39
1213 1883 1308 1913 Unus
1325 1883 1445 1914 Heius.
1458 1883 1551 1920 jurat
1574 1892 1636 1923 pro

837 1993 868 2024 N
875 1992 977 2025 OTAE

238 2080 278 2110 27
318 2079 447 2109 Nullum
474 2079 610 2119 profuit]
647 2077 880 2110 Sterilissimus

181 2140 261 2162 vcro
292 2134 344 2161 est
374 2129 560 2160 studiorum
596 2140 688 2169 ager,
719 2129 780 2159 nisi
814 2129 880 2158 illis

180 2182 321 2223 quisque
337 2185 517 2211 contentus
534 2180 636 2211 fuerit
650 2189 724 2221 quae
742 2179 881 2219 propria

179 2241 280 2262 manu
296 2231 429 2268 emetit,
446 2234 503 2261 aut
529 2230 562 2259 in
588 2230 815 2260 Maecenatem
833 2229 880 2259 in-

181 2280 305 2312 ciderit
328 2280 541 2321 quempiam3
566 2279 690 2309 Nasoni
703 2282 817 2309 autem
830 2277 879 2308 fa-

178 2331 268 2362 visse
282 2331 372 2361 illum
390 2330 532 2370 primum
550 2329 605 2369 qui
622 2329 743 2360 ceteris
758 2338 881 2359 nomen

180 2379 264 2411 fecit
295 2380 403 2410 minus
429 2389 470 2409 eo
499 2378 538 2409 fit
568 2378 763 2417 verisimile,
789 2378 880 2419 quod

181 2429 254 2468 ejus
270 2430 434 2469 nuspiam,
450 2428 540 2470 quod
557 2428 692 2470 quidem
715 2434 881 2468 recurrat,

181 2484 381 2509 meminerit.

225 2528 267 2555 28
287 2527 431 2567 Utinam]
456 2529 603 2568 Propter
618 2528 722 2559 libros
741 2528 880 2559 Amato-

184 2575 251 2606 rios
268 2575 356 2605 istud
383 2577 479 2614 dicit,
501 2587 642 2616 quorum
659 2587 762 2609 causa
789 2578 880 2609 Naso

184 2626 301 2666 pulsus
318 2625 423 2655 voluit
440 2625 557 2656 videri.

227 2678 269 2706 30
310 2675 393 2709 Quid
422 2675 492 2703 inde
521 2675 642 2715 feram]
679 2678 769 2710 Quid
801 2678 880 2709 inde

184 2726 317 2768 capiam
333 2724 511 2755 commodi.

274 2778 386 2820 Delph.
401 2781 431 2808 et
447 2777 519 2809 Var.
539 2777 622 2808 Clas.

866 2781 961 2813 Ouid.

979 2078 1017 2106 31
1060 2075 1138 2105 Vere
1165 2073 1273 2113 negat]
1305 2074 1354 2104 Ut
1382 2077 1417 2104 et
1444 2073 1518 2113 ipse
1546 2072 1639 2104 nulla

936 2126 1079 2162 ratione,
1096 2126 1155 2156 sed
1173 2125 1308 2156 vesania
1323 2125 1479 2166 quadam,
1502 2124 1544 2155 ad
1559 2125 1640 2156 scri·

937 2178 1080 2209 bendum
1099 2178 1266 2216 impellar.

978 2231 1019 2259 32
1045 2227 1162 2266 Hujus]
1188 2227 1289 2259 Quod
1318 2227 1473 2257 nimirum
1496 2236 1564 2257 non
1586 2236 1638 2258 ra-

936 2279 1027 2309 tione
1045 2278 1104 2308 sed
1123 2278 1234 2308 furore
1253 2277 1410 2318 quodam,
1428 2276 1548 2307 Poetae
1566 2286 1639 2308 ver-

935 2339 990 2360 sus
1008 2329 1171 2359 scribant.

978 2381 1019 2409 33
1037 2379 1149 2409 Sterili
1160 2378 1248 2417 arvo]
1264 2378 1396 2416 Studio,
1409 2378 1477 2408 scil.
1490 2376 1638 2415 poetico,

936 2438 979 2460 ex
1007 2439 1072 2469 qno
1100 2427 1246 2459 fructum
1275 2429 1400 2457 nullum
1432 2429 1635 2457 consecutus

936 2489 1019 2509 sum.

979 2532 1020 2559 :34
1047 2529 1183 2557 Condere
1202 2526 1315 2564 semen]
1339 2527 1482 2555 Carmen
1502 2533 1636 2564 compo-

936 2590 1029 2610 nore.

980 2633 1018 2660 35
1044 2625 1185 2665 Scilicet]
1209 2626 1318 2655 Aliam
1335 2625 1484 2665 assignat
1499 2635 1635 2657 causam

938 2678 1156 2719 quamobrem
1174 2684 1288 2706 versus
1305 2674 1441 2705 scribat.

1473 2777 1549 2809 7Χ
