1877 3193
491 182 644 213 EPIST.
678 182 744 212 Ex
780 182 938 213 PONTO
974 182 1068 213 [ΑΒ.
1094 181 1160 212 iv.
1182 171 1254 212 15.

1483 170 1597 212 2747

144 277 297 321 Africa
315 284 418 334 quot
438 285 625 333 segetes,
648 282 755 333 quot
773 278 948 319 Tmolia
968 282 1085 318 terra
1103 287 1318 324 racemOS,

202 347 320 398 Quot
341 348 501 402 Sicyon
519 349 698 396 baccas,
722 352 829 400 quot
847 347 960 400 parit
981 345 1133 399 Hybla
1150 345 1291 385 favos.

1542 341 1596 380 10

143 413 387 455 Confiteor:
419 419 576 456 testere
594 416 720 456 licet:
753 416 920 466 signate
942 412 1153 461 Quirites.

201 481 278 522 Nil
299 496 410 535 opus
432 487 498 523 est
519 483 660 533 legum
678 482 869 522 viribus:
901 481 997 531 ipse
1017 479 1187 531 loquor.

140 547 256 589 Inter
276 562 384 602 opes
404 553 444 590 et
463 563 546 598 me,
568 562 656 589 rem
677 559 877 600 parvam,
899 557 1014 598 pone
1032 550 1257 598 paternas.

195 615 307 656 Pars
327 629 408 669 ego
428 617 509 656 sim
531 627 687 655 census
708 614 1102 667 quantulacumque
1121 613 1198 654 tui.

139 680 285 731 Quam
306 687 382 723 tua
399 683 628 723 Trinacria
646 684 726 731 est,
750 684 1012 733 regnataque
1033 684 1148 720 terra
1166 677 1395 732 Philippo,

196 749 344 800 Quam
365 750 520 790 domus
542 748 744 802 Augusto
761 748 1020 789 continuata
1039 747 1154 789 Foro
1173 761 1183 798 ;

138 816 284 867 Quam
304 821 395 867 tua,
415 830 488 858 rus
511 818 651 858 oculis
670 817 849 867 domini,
872 815 1133 870 Campania,
1153 818 1336 869 gratum,

193 883 394 938 Quaeque
414 885 565 926 relicta
584 885 679 934 tibi,
704 885 858 936 Sexte,
880 885 949 926 vel
967 888 1083 926 emta
1099 887 1245 925 tenes:

135 950 248 992 Tam
269 957 367 994 tuus
389 966 443 993 en
464 966 544 1006 ego
566 966 687 993 sum:
720 954 844 1008 cujus
863 957 904 994 te
923 965 1092 993 munere
1112 951 1224 992 tristi

193 1019 299 1060 Non
319 1024 445 1073 potes
468 1021 513 1060 in
533 1020 678 1060 Ponto
699 1020 843 1061 dicere
862 1020 1022 1061 habere
1043 1018 1166 1060 nihil.

1535 1013 1592 1055 520

138 1156 266 1194 Tmolia,
281 1160 353 1197 quot
369 1158 474 1188 baccas
489 1157 616 1198 Sicyon,
632 1161 703 1197 quot
717 1158 809 1195 favos
825 1158 943 1199 Hybla.
988 1158 1130 1197 Agnosco
1144 1167 1157 1193 ,·
1183 1156 1255 1186 licet
1270 1156 1361 1185 testes
1379 1152 1506 1191 sacias;
1528 1152 1593 1191 sig-

132 1201 205 1230 nate
222 1200 383 1235 Quirites:
407 1200 487 1230 nihil
502 1204 548 1230 est
561 1210 637 1240 opus
649 1201 767 1230 viribus
781 1201 883 1240 legam
898 1212 909 1234 ,·
932 1200 996 1240 ipse
1012 1202 1128 1240 loquor.
1170 1199 1348 1229 Annumera
1363 1206 1410 1227 me
1420 1195 1514 1226 etiam
1525 1204 1592 1225 rem

132 1245 254 1273 tenuem
268 1242 389 1273 divitiis
398 1243 550 1282 paternis.
600 1243 666 1281 Ego
681 1252 747 1273 sum
771 1253 845 1282 pars
865 1246 1026 1283 utcumque
1048 1242 1162 1281 exigua
1178 1241 1226 1271 tui
1242 1249 1358 1271 census·

1403 1238 1505 1273 Quam
1521 1236 1593 1266 Tri-

132 1284 239 1315 nacria
254 1288 300 1316 est
313 1288 380 1324 tua,
397 1288 426 1315 et
443 1285 534 1315 tellus
548 1289 680 1324 regnata
698 1286 845 1325 Philippo
858 1296 869 1320 ;
891 1295 980 1324 quam
995 1286 1100 1315 domus
1109 1285 1219 1323 juncta
1225 1282 1301 1320 foro
1315 1282 1457 1321 Augusto
1466 1290 1478 1316 ;
1501 1287 1592 1318 quam

133 1329 187 1358 tua
203 1326 392 1367 Campania,
401 1337 455 1357 rus
464 1327 638 1364 jucundum
647 1327 743 1358 oculis
753 1328 883 1366 domini,
895 1331 925 1357 et
937 1337 1004 1367 quse
1010 1327 1149 1367 possides
1163 1325 1219 1356 tibi
1229 1324 1339 1356 relicta
1351 1325 1398 1354 vel
1407 1325 1500 1359 emta,
1513 1320 1592 1352 Sex·

128 1373 170 1410 te,
186 1373 250 1400 tam
265 1379 322 1409 ego
336 1379 402 1400 sum
419 1373 503 1409 tuus,
527 1369 613 1409 cujus
624 1369 747 1409 lugubri
759 1370 835 1400 dono
848 1380 907 1400 non
919 1373 1005 1410 potes
1021 1369 1122 1400 dicere
1147 1372 1177 1400 te
1201 1368 1283 1399 nihil
1298 1367 1408 1398 habere
1425 1366 1459 1397 in
1476 1365 1590 1396 Ponto.

741 1455 860 1467 aeaeaeaeaeae

865 1455 979 1466 eeeeee

128 1509 224 1539 latent
233 1519 244 1545 ,·
267 1512 303 1540 et
319 1518 377 1540 sex
392 1508 470 1540 libri
485 1519 586 1548 grana
603 1509 790 1540 rubent.-9
815 1510 934 1540 Gnosia
951 1519 1012 1549 pro
1031 1508 1148 1539 Tmolia
1164 1506 1260 1538 multi
1276 1505 1406 1545 scripti.
1442 1503 1483 1534 P.
1499 1502 1587 1532 Dan.

133 1551 229 1581 Tmol.
238 1561 312 1581 rura
324 1562 388 1582 rac.
403 1556 439 1582 et
450 1552 538 1582 Mor.
551 1555 621 1592 quot
631 1552 721 1583 habet
735 1552 920 1592 Methymna
931 1551 1082 1582 raa—10
1107 1551 1172 1581 Ms.
1185 1550 1315 1580 Bersm.
1323 1548 1409 1587 gerit
1418 1555 1481 1586 pro
1489 1545 1588 1585 parit.

127 1595 212 1623 ν-12
236 1593 325 1626 Mor.
339 1598 373 1625 et
386 1594 428 1625 P.
440 1595 531 1625 Dan.
544 1595 600 1634 z'ps.
613 1595 813 1635 loquuta-14
831 1596 899 1626 Pro
913 1595 972 1625 sim
983 1594 1133 1625 nonnulli
1144 1595 1309 1624 sum.—l5
1326 1591 1415 1622 Mor.
1428 1591 1485 1628 est,
1497 1588 1587 1618 tellus

789 1709 928 1740 NOTAE

168 1786 188 1813 9
224 1781 354 1822 Africa]
388 1782 535 1815 Tantam
568 1784 633 1815 vim
665 1784 829 1816 frumenti

124 1832 326 1874 proferebat
351 1833 444 1874 olim,
473 1839 510 1865 ut
538 1836 683 1866 alterum
711 1836 828 1867 Romae

124 1885 280 1916 horreum
297 1884 364 1915 dici
381 1889 581 1916 mereretur.

168 1934 301 1975 Tmolia]
323 1935 462 1966 Tmolus
486 1945 581 1966 mons
604 1935 736 1976 Lydiae,
751 1935 828 1966 vino

123 1989 158 2016 et
175 1995 275 2016 croco
291 1985 424 2016 nobilis.

166 2038 207 2067 10
230 2035 361 2075 Sicyon]
382 2035 521 2067 Achaiae
535 2036 699 2076 oppidum
715 2036 748 2067 in
765 2037 829 2067 Pe-

122 2086 321 2126 loponneso,
346 2085 442 2115 olivis
459 2086 541 2124 suis,
564 2086 714 2127 itemque
740 2096 828 2117 mar-

122 2145 214 2166 more
231 2139 266 2166 et
282 2135 442 2174 metallis,
459 2135 617 2166 celebris.

165 2184 290 2225 Hybla]
317 2185 418 2215 Mons
449 2188 553 2225 atque
578 2185 659 2216 urbs
684 2186 827 2225 Siciliae,

122 2235 239 2277 apibus
263 2239 299 2266 et
323 2235 424 2266 melle
451 2245 470 2267 a
497 2235 616 2266 Poetis
635 2238 827 2277 praesertim

122 2285 309 2316 celebrata.

163 2338 201 2367 11
231 2334 370 2376 Testere]
396 2337 519 2367 Ratum
543 2335 651 2367 facias
679 2338 828 2369 testimo-

120 2385 177 2417 nio
193 2385 346 2426 publico.

161 2435 309 2477 Signate]
325 2437 471 2468 Nomina
486 2442 522 2468 et
538 2437 649 2478 sigilla
661 2438 825 2479 apponite

121 2484 164 2516 ad
179 2487 483 2518 constabiliendam
500 2486 612 2519 fidem.
813 2503 822 2507 e

164 2537 205 2566 12
243 2536 383 2576 Viribus]
418 2537 465 2567 Ut
482 2537 568 2577 quod
595 2538 824 2569 certissimum

120 2585 221 2618 estin
238 2586 346 2617 lucem
372 2585 578 2628 proferatur,
594 2588 623 2618 si
640 2588 713 2629 quis
735 2587 824 2621 forte

118 2636 342 2670 inficiaretur.

163 2690 204 2720 13
228 2687 330 2728 Pone]
353 2686 495 2718 Sextum
508 2687 706 2728 alloquitur,
719 2688 752 2720 in
769 2700 826 2721 cu-

115 2739 175 2780 jnn
188 2747 293 2772 censu
309 2748 346 2771 se
361 2748 453 2780 esse,
478 2743 663 2781 utcumque
685 2739 825 2777 minoris

885 1785 1001 1826 pretii,
1018 1785 1111 1816 Naso
1126 1783 1292 1824 agnoscit.

930 1839 967 1866 15
988 1834 1166 1874 Trinacria]
1188 1833 1325 1870 Sicilia3
1348 1840 1424 1872 quae
1442 1839 1462 1861 a
1479 1829 1585 1861 tribus

884 1886 1125 1926 promontoriis
1141 1889 1176 1916 et
1193 1882 1391 1924 triangulari
1413 1880 1522 1912 forma
1536 1880 1586 1911 sic

884 1936 986 1968 dicta.
1023 1936 1174 1968 Credere
1190 1939 1242 1966 est
1256 1943 1337 1965 vero
1354 1937 1388 1964 et
1402 1931 1585 1974 praesidem

884 1991 917 2017 et
935 1991 1115 2027 patronum
1131 1985 1235 2016 fuisse
1259 1984 1355 2024 hujus
1370 1982 1487 2013 insulae
1503 1981 1587 2012 Sex-

882 2040 972 2074 tum;
995 2035 1162 2077 quomodo
1191 2035 1306 2065 Romae
1336 2033 1459 2073 singuli
1480 2031 1584 2063 habe-

882 2085 966 2116 bant
983 2086 1100 2126 populi
1116 2094 1192 2115 suos
1204 2083 1413 2114 defensores.

936 2135 1098 2175 Regnala]
1142 2134 1378 2165 Macedoniam
1416 2132 1585 2173 intelligo,

883 2184 940 2216 ubi
958 2185 1136 2226 Philippus
1154 2183 1342 2215 Alexandri
1358 2182 1469 2222 magni
1485 2187 1585 2222 pater

883 2235 1056 2274 regnavit:
1079 2244 1179 2275 quam
1207 2232 1389 2273 regendam
1414 2235 1449 2262 et
1465 2230 1586 2263 defen·

882 2285 1026 2316 dendam
1042 2285 1084 2317 ab
1102 2284 1258 2325 Augusto
1285 2293 1343 2315 seu
1365 2282 1505 2314 Tiberio
1528 2282 1586 2313 lia-

882 2336 992 2367 buisse
1005 2336 1147 2367 Sextum
1162 2334 1366 2366 credideris:
1392 2333 1454 2363 nisi
1470 2332 1584 2372 potius

882 2396 937 2417 rus
953 2387 1086 2428 aliquod
1101 2392 1159 2416 aut
1175 2384 1337 2425 oppidum
1363 2385 1398 2415 in
1423 2381 1588 2413 Macedo.

880 2437 937 2468 nia
952 2438 1108 2468 habuisse
1126 2447 1201 2467 eum
1215 2433 1410 2475 suspiceris,

924 2491 964 2519 16
981 2485 1185 2525 Continuata]
1200 2486 1326 2517 Juncta
1338 2482 1411 2514 foro
1424 2480 1582 2522 Augusti.

924 2541 962 2569 17
990 2537 1070 2576 Tua]
1097 2537 1245 2575 Propter
1262 2544 1316 2565 rus
1341 2532 1422 2564 illud
1438 2531 1530 2574 quod
1544 2532 1582 2564 in

879 2588 1065 2628 Campania
1080 2588 1203 2617 Sextus
1220 2584 1431 2626 possidebat.

924 2641 962 2668 18
988 2636 1128 2677 Relicta]
1150 2634 1182 2667 A
1198 2639 1310 2677 patre,
1337 2634 1410 2667 scil.
1426 2637 1463 2667 et
1476 2634 1579 2676 majo·

877 2688 968 2720 ribus
986 2686 1065 2718 tuis.
