<?xml version="1.0" encoding="UTF-8"?>
<!DOCTYPE html PUBLIC "-//W3C//DTD XHTML 1.0 Transitional//EN"
    "http://www.w3.org/TR/xhtml1/DTD/xhtml1-transitional.dtd">
<html xmlns="http://www.w3.org/1999/xhtml" xml:lang="en" lang="en">
 <head>
  <title>
</title>
<meta http-equiv="Content-Type" content="text/html;charset=utf-8" />
  <meta name='ocr-system' content='tesseract 3.04.00' />
  <meta name='ocr-capabilities' content='ocr_page ocr_carea ocr_par ocr_line ocrx_word'/>
</head>
<body>
  <div class='ocr_page' id='page_1' title='image "./operaomniaexedit05oviduoft/operaomniaexedit05oviduoft_0107.png"; bbox 0 0 1863 3193; ppageno 0'>
   <div class='ocr_carea' id='block_1_1' title="bbox 627 162 1182 202">
    <p class='ocr_par' dir='ltr' id='par_1_1' title="bbox 627 162 1182 202">
     <span class='ocr_line' id='line_1_1' title="bbox 627 162 1182 202; baseline 0.005 -3"><span class='ocrx_word' id='word_1_1' title='bbox 627 170 870 201; x_wconf 72' lang='lat' dir='ltr'><strong>TmsTmM</strong></span> <span class='ocrx_word' id='word_1_2' title='bbox 904 170 1001 202; x_wconf 77' lang='lat' dir='ltr'><strong>Lm.</strong></span> <span class='ocrx_word' id='word_1_3' title='bbox 1035 171 1110 202; x_wconf 85' lang='lat'>111.</span> <span class='ocrx_word' id='word_1_4' title='bbox 1140 162 1182 202; x_wconf 83' lang='lat'><strong>3.</strong></span> 
     </span>
    </p>
   </div>
   <div class='ocr_carea' id='block_1_2' title="bbox 1521 162 1635 205">
    <p class='ocr_par' dir='ltr' id='par_1_2' title="bbox 1521 162 1635 205">
     <span class='ocr_line' id='line_1_2' title="bbox 1521 162 1635 205; baseline 0 0"><span class='ocrx_word' id='word_1_5' title='bbox 1521 162 1635 205; x_wconf 79' lang='lat'>2325</span> 
     </span>
    </p>
   </div>
   <div class='ocr_carea' id='block_1_3' title="bbox 180 263 1524 453">
    <p class='ocr_par' dir='ltr' id='par_1_3' title="bbox 180 263 1524 453">
     <span class='ocr_line' id='line_1_3' title="bbox 182 263 1524 319; baseline 0.001 -15"><span class='ocrx_word' id='word_1_6' title='bbox 182 263 279 305; x_wconf 88' lang='lat' dir='ltr'><strong>Nec</strong></span> <span class='ocrx_word' id='word_1_7' title='bbox 301 267 419 306; x_wconf 80' lang='lat' dir='ltr'><strong>vetat</strong></span> <span class='ocrx_word' id='word_1_8' title='bbox 437 264 524 304; x_wconf 89' lang='lat' dir='ltr'><strong>hoc</strong></span> <span class='ocrx_word' id='word_1_9' title='bbox 545 263 793 317; x_wconf 84' lang='lat' dir='ltr'><strong>quisquam.</strong></span> <span class='ocrx_word' id='word_1_10' title='bbox 838 265 1031 307; x_wconf 83' lang='lat' dir='ltr'><strong>Fratrem</strong></span> <span class='ocrx_word' id='word_1_11' title='bbox 1050 265 1265 306; x_wconf 76' lang='lat' dir='ltr'><strong>Thebana</strong></span> <span class='ocrx_word' id='word_1_12' title='bbox 1282 268 1524 319; x_wconf 79' lang='lat' dir='ltr'><strong>peremtum</strong></span> 
     </span>
     <span class='ocr_line' id='line_1_4' title="bbox 238 331 1200 385; baseline 0.002 -13"><span class='ocrx_word' id='word_1_13' title='bbox 238 331 484 385; x_wconf 89' lang='lat' dir='ltr'><strong>Supposuit</strong></span> <span class='ocrx_word' id='word_1_14' title='bbox 503 331 685 380; x_wconf 87' lang='lat' dir='ltr'><strong>tumulo,</strong></span> <span class='ocrx_word' id='word_1_15' title='bbox 710 332 833 385; x_wconf 83' lang='lat' dir='ltr'>Rege</span> <span class='ocrx_word' id='word_1_16' title='bbox 853 337 1041 383; x_wconf 80' lang='lat' dir='ltr'><strong>vetante,</strong></span> <span class='ocrx_word' id='word_1_17' title='bbox 1063 346 1200 374; x_wconf 85' lang='lat' dir='ltr'><strong>soror.</strong></span> 
     </span>
     <span class='ocr_line' id='line_1_5' title="bbox 180 397 1281 453; baseline 0.002 -14"><span class='ocrx_word' id='word_1_18' title='bbox 180 397 327 452; x_wconf 84' lang='lat' dir='ltr'><strong>Atque</strong></span> <span class='ocrx_word' id='word_1_19' title='bbox 347 412 397 439; x_wconf 85' lang='lat' dir='ltr'><strong>ea</strong></span> <span class='ocrx_word' id='word_1_20' title='bbox 417 412 513 438; x_wconf 87' lang='lat' dir='ltr'><strong>cum</strong></span> <span class='ocrx_word' id='word_1_21' title='bbox 533 398 653 438; x_wconf 89' lang='lat' dir='ltr'><strong>foliis</strong></span> <span class='ocrx_word' id='word_1_22' title='bbox 675 402 717 438; x_wconf 88' lang='lat' dir='ltr'><strong>et</strong></span> <span class='ocrx_word' id='word_1_23' title='bbox 738 400 899 440; x_wconf 81' lang='lat' dir='ltr'>amomi</span> <span class='ocrx_word' id='word_1_24' title='bbox 919 401 1099 453; x_wconf 85' lang='lat' dir='ltr'><strong>pulvere</strong></span> <span class='ocrx_word' id='word_1_25' title='bbox 1118 401 1281 441; x_wconf 87' lang='lat' dir='ltr'><strong>misce:</strong></span> 
     </span>
    </p>
   </div>
   <div class='ocr_carea' id='block_1_4' title="bbox 238 465 1114 519">
    <p class='ocr_par' dir='ltr' id='par_1_4' title="bbox 238 465 1114 519">
     <span class='ocr_line' id='line_1_6' title="bbox 238 465 1114 519; baseline 0.001 -14"><span class='ocrx_word' id='word_1_26' title='bbox 238 465 376 519; x_wconf 90' lang='lat' dir='ltr'><strong>Inque</strong></span> <span class='ocrx_word' id='word_1_27' title='bbox 398 466 648 506; x_wconf 83' lang='lat' dir='ltr'><strong>suburbano</strong></span> <span class='ocrx_word' id='word_1_28' title='bbox 670 465 844 506; x_wconf 80' lang='lat' dir='ltr'><strong>condita</strong></span> <span class='ocrx_word' id='word_1_29' title='bbox 864 479 978 519; x_wconf 87' lang='lat' dir='ltr'><strong>pone</strong></span> <span class='ocrx_word' id='word_1_30' title='bbox 1000 466 1114 506; x_wconf 89' lang='lat' dir='ltr'><strong>solo.</strong></span> 
     </span>
    </p>
   </div>
   <div class='ocr_carea' id='block_1_5' title="bbox 181 532 1308 790">
    <p class='ocr_par' dir='ltr' id='par_1_5' title="bbox 181 532 1308 641">
     <span class='ocr_line' id='line_1_7' title="bbox 181 532 1308 586; baseline 0 -14"><span class='ocrx_word' id='word_1_31' title='bbox 181 532 391 586; x_wconf 84' lang='lat' dir='ltr'><strong>Quosque</strong></span> <span class='ocrx_word' id='word_1_32' title='bbox 409 533 526 585; x_wconf 84' lang='lat' dir='ltr'><strong>legat</strong></span> <span class='ocrx_word' id='word_1_33' title='bbox 546 545 698 573; x_wconf 86' lang='lat' dir='ltr'><strong>versus</strong></span> <span class='ocrx_word' id='word_1_34' title='bbox 719 533 846 573; x_wconf 86' lang='lat' dir='ltr'><strong>oculo</strong></span> <span class='ocrx_word' id='word_1_35' title='bbox 866 537 1130 586; x_wconf 81' lang='lat' dir='ltr'><strong>properante</strong></span> <span class='ocrx_word' id='word_1_36' title='bbox 1150 532 1308 583; x_wconf 80' lang='lat' dir='ltr'><strong>viator,</strong></span> 
     </span>
     <span class='ocr_line' id='line_1_8' title="bbox 238 599 1260 641; baseline 0 0"><span class='ocrx_word' id='word_1_37' title='bbox 238 599 491 641; x_wconf 81' lang='lat' dir='ltr'><strong>Grandibus</strong></span> <span class='ocrx_word' id='word_1_38' title='bbox 513 601 558 640; x_wconf 93' lang='lat' dir='ltr'><strong>in</strong></span> <span class='ocrx_word' id='word_1_39' title='bbox 578 599 733 640; x_wconf 91' lang='lat' dir='ltr'><strong>tumuli</strong></span> <span class='ocrx_word' id='word_1_40' title='bbox 755 613 964 640; x_wconf 83' lang='lat' dir='ltr'><strong>marmore</strong></span> <span class='ocrx_word' id='word_1_41' title='bbox 984 600 1107 640; x_wconf 89' lang='lat' dir='ltr'><strong>caede</strong></span> <span class='ocrx_word' id='word_1_42' title='bbox 1125 601 1260 641; x_wconf 90' lang='lat' dir='ltr'><strong>notis:</strong></span> 
     </span>
    </p>

    <p class='ocr_par' dir='ltr' id='par_1_6' title="bbox 182 667 1272 790">
     <span class='ocr_line' id='line_1_9' title="bbox 182 667 1272 721; baseline 0 -14"><span class='ocrx_word' id='word_1_43' title='bbox 182 667 272 707; x_wconf 86' lang='lat' dir='ltr'><strong>Hic</strong></span> <span class='ocrx_word' id='word_1_44' title='bbox 295 680 378 719; x_wconf 88' lang='lat' dir='ltr'><strong>ego</strong></span> <span class='ocrx_word' id='word_1_45' title='bbox 399 667 473 720; x_wconf 92' lang='lat' dir='ltr'><strong>qui</strong></span> <span class='ocrx_word' id='word_1_46' title='bbox 489 667 634 721; x_wconf 83' lang='lat' dir='ltr'><strong>jaceo,</strong></span> <span class='ocrx_word' id='word_1_47' title='bbox 657 672 900 709; x_wconf 83' lang='lat' dir='ltr'><strong>tenerorum</strong></span> <span class='ocrx_word' id='word_1_48' title='bbox 921 669 1041 709; x_wconf 86' lang='lat' dir='ltr'><strong>lusor</strong></span> <span class='ocrx_word' id='word_1_49' title='bbox 1062 680 1272 717; x_wconf 83' lang='lat' dir='ltr'><strong>amorum,</strong></span> 
     </span>
     <span class='ocr_line' id='line_1_10' title="bbox 235 734 981 790; baseline 0.005 -17"><span class='ocrx_word' id='word_1_50' title='bbox 235 734 417 787; x_wconf 84' lang='lat' dir='ltr'><strong>Ingenio</strong></span> <span class='ocrx_word' id='word_1_51' title='bbox 438 736 546 788; x_wconf 88' lang='lat' dir='ltr'><strong>perii</strong></span> <span class='ocrx_word' id='word_1_52' title='bbox 568 735 698 777; x_wconf 81' lang='lat' dir='ltr'><strong>Naso</strong></span> <span class='ocrx_word' id='word_1_53' title='bbox 718 735 851 790; x_wconf 81' lang='lat' dir='ltr'><strong>poe&#39;ta</strong></span> <span class='ocrx_word' id='word_1_54' title='bbox 870 749 981 777; x_wconf 91' lang='lat' dir='ltr'><strong>meo.</strong></span> 
     </span>
    </p>
   </div>
   <div class='ocr_carea' id='block_1_6' title="bbox 176 799 1378 856">
    <p class='ocr_par' dir='ltr' id='par_1_7' title="bbox 176 799 1378 856">
     <span class='ocr_line' id='line_1_11' title="bbox 176 799 1378 856; baseline 0 -15"><span class='ocrx_word' id='word_1_55' title='bbox 176 799 240 841; x_wconf 82' lang='lat' dir='ltr'><strong>At</strong></span> <span class='ocrx_word' id='word_1_56' title='bbox 260 801 341 842; x_wconf 83' lang='lat' dir='ltr'><strong>tibi</strong></span> <span class='ocrx_word' id='word_1_57' title='bbox 362 803 438 854; x_wconf 89' lang='lat' dir='ltr'><strong>qui</strong></span> <span class='ocrx_word' id='word_1_58' title='bbox 460 803 636 852; x_wconf 85' lang='lat' dir='ltr'><strong>transis,</strong></span> <span class='ocrx_word' id='word_1_59' title='bbox 657 816 713 843; x_wconf 90' lang='lat' dir='ltr'><strong>ne</strong></span> <span class='ocrx_word' id='word_1_60' title='bbox 736 804 796 843; x_wconf 84' lang='lat' dir='ltr'><strong>sit</strong></span> <span class='ocrx_word' id='word_1_61' title='bbox 815 816 961 856; x_wconf 83' lang='lat' dir='ltr'><strong>grave,</strong></span> <span class='ocrx_word' id='word_1_62' title='bbox 985 802 1183 856; x_wconf 84' lang='lat' dir='ltr'><strong>quisquis</strong></span> <span class='ocrx_word' id='word_1_63' title='bbox 1205 801 1378 850; x_wconf 80' lang='lat' dir='ltr'><strong>amasti,</strong></span> 
     </span>
    </p>
   </div>
   <div class='ocr_carea' id='block_1_7' title="bbox 179 867 1305 1056">
    <p class='ocr_par' dir='ltr' id='par_1_8' title="bbox 179 867 1305 1056">
     <span class='ocr_line' id='line_1_12' title="bbox 233 867 1154 917; baseline 0.002 -9"><span class='ocrx_word' id='word_1_64' title='bbox 233 867 408 917; x_wconf 81' lang='lat' dir='ltr'><strong>Dicere,</strong></span> <span class='ocrx_word' id='word_1_65' title='bbox 434 868 629 908; x_wconf 85' lang='lat' dir='ltr'>Nasonis</span> <span class='ocrx_word' id='word_1_66' title='bbox 650 870 836 910; x_wconf 86' lang='lat' dir='ltr'><strong>molliter</strong></span> <span class='ocrx_word' id='word_1_67' title='bbox 856 883 962 910; x_wconf 81' lang='lat' dir='ltr'><strong>ossa</strong></span> <span class='ocrx_word' id='word_1_68' title='bbox 982 870 1154 910; x_wconf 87' lang='lat' dir='ltr'><strong>cubent.</strong></span> 
     </span>
     <span class='ocr_line' id='line_1_13' title="bbox 179 933 1305 989; baseline 0 -15"><span class='ocrx_word' id='word_1_69' title='bbox 179 933 280 974; x_wconf 85' lang='lat' dir='ltr'><strong>Hoc</strong></span> <span class='ocrx_word' id='word_1_70' title='bbox 303 935 411 974; x_wconf 81' lang='lat' dir='ltr'><strong>satis</strong></span> <span class='ocrx_word' id='word_1_71' title='bbox 432 935 477 974; x_wconf 88' lang='lat' dir='ltr'><strong>in</strong></span> <span class='ocrx_word' id='word_1_72' title='bbox 498 935 623 975; x_wconf 92' lang='lat' dir='ltr'><strong>titulo</strong></span> <span class='ocrx_word' id='word_1_73' title='bbox 645 939 722 976; x_wconf 86' lang='lat' dir='ltr'><strong>est.</strong></span> <span class='ocrx_word' id='word_1_74' title='bbox 769 935 944 975; x_wconf 88' lang='lat' dir='ltr'><strong>Etenim</strong></span> <span class='ocrx_word' id='word_1_75' title='bbox 966 936 1132 989; x_wconf 82' lang='lat' dir='ltr'><strong>majora</strong></span> <span class='ocrx_word' id='word_1_76' title='bbox 1151 934 1305 985; x_wconf 88' lang='lat' dir='ltr'><strong>libelli,</strong></span> 
     </span>
     <span class='ocr_line' id='line_1_14' title="bbox 232 1001 1200 1056; baseline -0.001 -14"><span class='ocrx_word' id='word_1_77' title='bbox 232 1001 290 1042; x_wconf 79' lang='lat' dir='ltr'><strong>Et</strong></span> <span class='ocrx_word' id='word_1_78' title='bbox 310 1002 512 1042; x_wconf 79' lang='lat' dir='ltr'><strong>diuturna</strong></span> <span class='ocrx_word' id='word_1_79' title='bbox 529 1003 668 1056; x_wconf 80' lang='lat' dir='ltr'><strong>magis</strong></span> <span class='ocrx_word' id='word_1_80' title='bbox 685 1006 785 1043; x_wconf 86' lang='lat' dir='ltr'><strong>sunt</strong></span> <span class='ocrx_word' id='word_1_81' title='bbox 805 1006 1083 1042; x_wconf 84' lang='lat' dir='ltr'><strong>monumenta</strong></span> <span class='ocrx_word' id='word_1_82' title='bbox 1100 1003 1200 1041; x_wconf 88' lang='lat' dir='ltr'><strong>mei.</strong></span> 
     </span>
    </p>
   </div>
   <div class='ocr_carea' id='block_1_8' title="bbox 168 1119 1634 1203">
    <p class='ocr_par' dir='ltr' id='par_1_9' title="bbox 168 1119 1634 1203">
     <span class='ocr_line' id='line_1_15' title="bbox 177 1119 1634 1160; baseline 0 -9"><span class='ocrx_word' id='word_1_83' title='bbox 177 1120 272 1151; x_wconf 88' lang='lat' dir='ltr'><strong>Soror</strong></span> <span class='ocrx_word' id='word_1_84' title='bbox 290 1121 433 1152; x_wconf 76' lang='lat' dir='ltr'><strong>Thebana</strong></span> <span class='ocrx_word' id='word_1_85' title='bbox 448 1122 589 1160; x_wconf 70' lang='lat' dir='ltr'><strong>sepelivit</strong></span> <span class='ocrx_word' id='word_1_86' title='bbox 609 1121 745 1158; x_wconf 79' lang='lat' dir='ltr'><strong>fratrem</strong></span> <span class='ocrx_word' id='word_1_87' title='bbox 771 1121 901 1151; x_wconf 77' lang='lat' dir='ltr'><strong>occisum</strong></span> <span class='ocrx_word' id='word_1_88' title='bbox 917 1121 1004 1158; x_wconf 83' lang='lat' dir='ltr'><strong>Rege</strong></span> <span class='ocrx_word' id='word_1_89' title='bbox 1026 1119 1218 1158; x_wconf 79' lang='lat' dir='ltr'><strong>prohibente.</strong></span> <span class='ocrx_word' id='word_1_90' title='bbox 1262 1119 1364 1158; x_wconf 83' lang='lat' dir='ltr'><strong>Atque</strong></span> <span class='ocrx_word' id='word_1_91' title='bbox 1377 1128 1413 1149; x_wconf 80' lang='lat' dir='ltr'><strong>ea</strong></span> <span class='ocrx_word' id='word_1_92' title='bbox 1428 1121 1550 1150; x_wconf 79' lang='lat' dir='ltr'><strong>condito</strong></span> <span class='ocrx_word' id='word_1_93' title='bbox 1565 1131 1634 1151; x_wconf 81' lang='lat' dir='ltr'><strong>cum</strong></span> 
     </span>
     <span class='ocr_line' id='line_1_16' title="bbox 168 1160 1634 1203; baseline 0.001 -10"><span class='ocrx_word' id='word_1_94' title='bbox 168 1162 262 1199; x_wconf 83' lang='lat' dir='ltr'><strong>foliis</strong></span> <span class='ocrx_word' id='word_1_95' title='bbox 277 1167 307 1194; x_wconf 81' lang='lat' dir='ltr'><strong>et</strong></span> <span class='ocrx_word' id='word_1_96' title='bbox 320 1164 443 1203; x_wconf 72' lang='lat' dir='ltr'><strong>pulvere</strong></span> <span class='ocrx_word' id='word_1_97' title='bbox 468 1164 600 1194; x_wconf 77' lang='lat' dir='ltr'><strong>amomi.-</strong></span> <span class='ocrx_word' id='word_1_98' title='bbox 623 1167 652 1193; x_wconf 86' lang='lat' dir='ltr'><strong>et</strong></span> <span class='ocrx_word' id='word_1_99' title='bbox 677 1164 788 1192; x_wconf 81' lang='lat' dir='ltr'><strong>colloca</strong></span> <span class='ocrx_word' id='word_1_100' title='bbox 813 1162 979 1202; x_wconf 77' lang='lat' dir='ltr'><strong>compositu</strong></span> <span class='ocrx_word' id='word_1_101' title='bbox 1004 1162 1038 1190; x_wconf 81' lang='lat' dir='ltr'><strong>in</strong></span> <span class='ocrx_word' id='word_1_102' title='bbox 1061 1162 1123 1190; x_wconf 87' lang='lat' dir='ltr'><strong>solo</strong></span> <span class='ocrx_word' id='word_1_103' title='bbox 1147 1160 1330 1191; x_wconf 82' lang='lat' dir='ltr'><strong>suburbano.</strong></span> <span class='ocrx_word' id='word_1_104' title='bbox 1375 1161 1478 1201; x_wconf 77' lang='lat' dir='ltr'><strong>Atque</strong></span> <span class='ocrx_word' id='word_1_105' title='bbox 1498 1163 1634 1202; x_wconf 82' lang='lat' dir='ltr'><strong>insculpe</strong></span> 
     </span>
    </p>
   </div>
   <div class='ocr_carea' id='block_1_9' title="bbox 172 1203 1636 1372">
    <p class='ocr_par' dir='ltr' id='par_1_10' title="bbox 172 1203 1636 1372">
     <span class='ocr_line' id='line_1_17' title="bbox 178 1203 1633 1244; baseline -0.001 -8"><span class='ocrx_word' id='word_1_106' title='bbox 178 1206 341 1244; x_wconf 77' lang='lat' dir='ltr'><strong>majoribus</strong></span> <span class='ocrx_word' id='word_1_107' title='bbox 353 1206 454 1236; x_wconf 82' lang='lat' dir='ltr'><strong>literis</strong></span> <span class='ocrx_word' id='word_1_108' title='bbox 477 1205 624 1236; x_wconf 73' lang='lat' dir='ltr'><strong>marmori</strong></span> <span class='ocrx_word' id='word_1_109' title='bbox 639 1204 772 1244; x_wconf 77' lang='lat' dir='ltr'><strong>sepulcri</strong></span> <span class='ocrx_word' id='word_1_110' title='bbox 787 1214 908 1234; x_wconf 81' lang='lat' dir='ltr'><strong>carmen</strong></span> <span class='ocrx_word' id='word_1_111' title='bbox 931 1204 1010 1243; x_wconf 85' lang='lat' dir='ltr'><strong>quod</strong></span> <span class='ocrx_word' id='word_1_112' title='bbox 1023 1203 1124 1233; x_wconf 75' lang='lat' dir='ltr'><strong>viator</strong></span> <span class='ocrx_word' id='word_1_113' title='bbox 1139 1204 1223 1241; x_wconf 76' lang='lat' dir='ltr'><strong>legul</strong></span> <span class='ocrx_word' id='word_1_114' title='bbox 1239 1203 1322 1232; x_wconf 86' lang='lat' dir='ltr'><strong>oculo</strong></span> <span class='ocrx_word' id='word_1_115' title='bbox 1330 1203 1504 1241; x_wconf 81' lang='lat' dir='ltr'><strong>festinante</strong></span> <span class='ocrx_word' id='word_1_116' title='bbox 1515 1215 1525 1234; x_wconf 86' lang='grc'><strong>.-</strong></span> <span class='ocrx_word' id='word_1_117' title='bbox 1551 1206 1633 1244; x_wconf 76' lang='lat' dir='ltr'><strong>Ego,</strong></span> 
     </span>
     <span class='ocr_line' id='line_1_18' title="bbox 180 1245 1636 1287; baseline 0 -9"><span class='ocrx_word' id='word_1_118' title='bbox 180 1248 262 1278; x_wconf 80' lang='lat' dir='ltr'><strong>Nuso</strong></span> <span class='ocrx_word' id='word_1_119' title='bbox 275 1247 388 1285; x_wconf 65' lang='lat' dir='ltr'><strong>Poeta,</strong></span> <span class='ocrx_word' id='word_1_120' title='bbox 415 1248 465 1287; x_wconf 78' lang='lat' dir='ltr'><strong>qui</strong></span> <span class='ocrx_word' id='word_1_121' title='bbox 490 1248 540 1277; x_wconf 83' lang='lat' dir='ltr'><strong>hic</strong></span> <span class='ocrx_word' id='word_1_122' title='bbox 555 1247 647 1284; x_wconf 76' lang='lat' dir='ltr'><strong>Juceo</strong></span> <span class='ocrx_word' id='word_1_123' title='bbox 663 1247 744 1276; x_wconf 81' lang='lat' dir='ltr'><strong>lusor</strong></span> <span class='ocrx_word' id='word_1_124' title='bbox 762 1246 896 1276; x_wconf 77' lang='lat' dir='ltr'><strong>mollium</strong></span> <span class='ocrx_word' id='word_1_125' title='bbox 912 1255 1060 1284; x_wconf 71' lang='lat' dir='ltr'><strong>umorum,</strong></span> <span class='ocrx_word' id='word_1_126' title='bbox 1074 1245 1171 1275; x_wconf 77' lang='lat' dir='ltr'><strong>occidi</strong></span> <span class='ocrx_word' id='word_1_127' title='bbox 1187 1246 1311 1284; x_wconf 77' lang='lat' dir='ltr'><strong>ingenio</strong></span> <span class='ocrx_word' id='word_1_128' title='bbox 1327 1256 1403 1276; x_wconf 82' lang='lat' dir='ltr'><strong>meo.</strong></span> <span class='ocrx_word' id='word_1_129' title='bbox 1452 1248 1493 1276; x_wconf 82' lang='lat' dir='ltr'><strong>At</strong></span> <span class='ocrx_word' id='word_1_130' title='bbox 1510 1246 1568 1277; x_wconf 78' lang='lat' dir='ltr'><strong>tibi</strong></span> <span class='ocrx_word' id='word_1_131' title='bbox 1582 1248 1636 1287; x_wconf 75' lang='lat' dir='ltr'><strong>qui</strong></span> 
     </span>
     <span class='ocr_line' id='line_1_19' title="bbox 172 1288 1635 1329; baseline 0.001 -10"><span class='ocrx_word' id='word_1_132' title='bbox 172 1290 327 1329; x_wconf 79' lang='lat' dir='ltr'><strong>praeteris,</strong></span> <span class='ocrx_word' id='word_1_133' title='bbox 339 1290 518 1329; x_wconf 78' lang='lat' dir='ltr'><strong>quicumque</strong></span> <span class='ocrx_word' id='word_1_134' title='bbox 529 1289 651 1327; x_wconf 78' lang='lat' dir='ltr'><strong>amasti,</strong></span> <span class='ocrx_word' id='word_1_135' title='bbox 672 1299 708 1320; x_wconf 80' lang='lat' dir='ltr'><strong>ne</strong></span> <span class='ocrx_word' id='word_1_136' title='bbox 721 1289 763 1319; x_wconf 80' lang='lat' dir='ltr'><strong>sit</strong></span> <span class='ocrx_word' id='word_1_137' title='bbox 774 1290 936 1319; x_wconf 81' lang='lat' dir='ltr'><strong>molestum</strong></span> <span class='ocrx_word' id='word_1_138' title='bbox 947 1289 1059 1326; x_wconf 70' lang='lat' dir='ltr'><strong>dicere,</strong></span> <span class='ocrx_word' id='word_1_139' title='bbox 1074 1289 1152 1318; x_wconf 82' lang='lat' dir='ltr'><strong>Ossa</strong></span> <span class='ocrx_word' id='word_1_140' title='bbox 1169 1288 1305 1318; x_wconf 81' lang='lat' dir='ltr'><strong>Nasonis</strong></span> <span class='ocrx_word' id='word_1_141' title='bbox 1320 1289 1453 1319; x_wconf 80' lang='lat' dir='ltr'><strong>molliter</strong></span> <span class='ocrx_word' id='word_1_142' title='bbox 1467 1290 1635 1329; x_wconf 79' lang='lat' dir='ltr'><strong>quiescant.</strong></span> 
     </span>
     <span class='ocr_line' id='line_1_20' title="bbox 174 1330 1635 1372; baseline 0.001 -10"><span class='ocrx_word' id='word_1_143' title='bbox 174 1332 244 1362; x_wconf 88' lang='lat' dir='ltr'><strong>Hoc</strong></span> <span class='ocrx_word' id='word_1_144' title='bbox 257 1332 335 1362; x_wconf 80' lang='lat' dir='ltr'><strong>satis</strong></span> <span class='ocrx_word' id='word_1_145' title='bbox 348 1335 394 1363; x_wconf 85' lang='lat' dir='ltr'><strong>est</strong></span> <span class='ocrx_word' id='word_1_146' title='bbox 410 1332 565 1362; x_wconf 72' lang='lat' dir='ltr'><strong>incitato:</strong></span> <span class='ocrx_word' id='word_1_147' title='bbox 587 1341 715 1372; x_wconf 84' lang='lat' dir='ltr'><strong>namque</strong></span> <span class='ocrx_word' id='word_1_148' title='bbox 731 1331 804 1362; x_wconf 80' lang='lat' dir='ltr'><strong>libri</strong></span> <span class='ocrx_word' id='word_1_149' title='bbox 827 1334 897 1362; x_wconf 80' lang='lat' dir='ltr'><strong>suut</strong></span> <span class='ocrx_word' id='word_1_150' title='bbox 921 1334 1116 1361; x_wconf 78' lang='lat' dir='ltr'><strong>monumenta</strong></span> <span class='ocrx_word' id='word_1_151' title='bbox 1140 1331 1200 1361; x_wconf 81' lang='lat' dir='ltr'><strong>mei</strong></span> <span class='ocrx_word' id='word_1_152' title='bbox 1218 1330 1345 1370; x_wconf 50' lang='grc' dir='ltr'><em>Μῄονα,</em></span> <span class='ocrx_word' id='word_1_153' title='bbox 1374 1335 1404 1362; x_wconf 79' lang='lat' dir='ltr'><strong>et</strong></span> <span class='ocrx_word' id='word_1_154' title='bbox 1421 1332 1521 1371; x_wconf 73' lang='lat' dir='ltr'><strong>magis</strong></span> <span class='ocrx_word' id='word_1_155' title='bbox 1542 1333 1635 1363; x_wconf 81' lang='lat' dir='ltr'><strong>duru-</strong></span> 
     </span>
    </p>
   </div>
   <div class='ocr_carea' id='block_1_10' title="bbox 784 1427 1020 1439">
    <p class='ocr_par' dir='ltr' id='par_1_11' title="bbox 784 1427 1020 1439">
     <span class='ocr_line' id='line_1_21' title="bbox 784 1427 1020 1439; baseline 0 -1"><span class='ocrx_word' id='word_1_156' title='bbox 784 1427 1020 1439; x_wconf 52' lang='lat' dir='ltr'><strong>eeoaeeeaeaeoeoee</strong></span> 
     </span>
    </p>
   </div>
   <div class='ocr_carea' id='block_1_11' title="bbox 174 1489 1635 1830">
    <p class='ocr_par' dir='ltr' id='par_1_12' title="bbox 174 1489 1635 1830">
     <span class='ocr_line' id='line_1_22' title="bbox 174 1489 1635 1532; baseline 0.001 -11"><span class='ocrx_word' id='word_1_157' title='bbox 174 1489 378 1522; x_wconf 80' lang='lat' dir='ltr'><strong>umbra.--66</strong></span> <span class='ocrx_word' id='word_1_158' title='bbox 401 1492 497 1523; x_wconf 86' lang='lat' dir='ltr'><strong>Unus</strong></span> <span class='ocrx_word' id='word_1_159' title='bbox 513 1491 601 1522; x_wconf 86' lang='lat' dir='ltr'><strong>liber</strong></span> <span class='ocrx_word' id='word_1_160' title='bbox 616 1491 669 1521; x_wconf 77' lang='lat' dir='ltr'><strong>Sic</strong></span> <span class='ocrx_word' id='word_1_161' title='bbox 684 1501 744 1522; x_wconf 83' lang='lat' dir='ltr'><strong>non</strong></span> <span class='ocrx_word' id='word_1_162' title='bbox 770 1501 810 1522; x_wconf 73' lang='lat' dir='ltr'><strong>ex</strong></span> <span class='ocrx_word' id='word_1_163' title='bbox 835 1494 899 1522; x_wconf 88' lang='lat' dir='ltr'><strong>toto</strong></span> <span class='ocrx_word' id='word_1_164' title='bbox 925 1494 1105 1523; x_wconf 83' lang='lat' dir='ltr'><strong>mort.—67</strong></span> <span class='ocrx_word' id='word_1_165' title='bbox 1130 1492 1196 1523; x_wconf 87' lang='lat' dir='ltr'><strong>Nec</strong></span> <span class='ocrx_word' id='word_1_166' title='bbox 1218 1501 1260 1522; x_wconf 87' lang='lat' dir='ltr'><strong>ex</strong></span> <span class='ocrx_word' id='word_1_167' title='bbox 1286 1501 1345 1522; x_wconf 84' lang='lat' dir='ltr'><strong>sex</strong></span> <span class='ocrx_word' id='word_1_168' title='bbox 1362 1496 1446 1523; x_wconf 86' lang='lat' dir='ltr'><strong>vett.</strong></span> <span class='ocrx_word' id='word_1_169' title='bbox 1462 1502 1524 1532; x_wconf 90' lang='lat' dir='ltr'><strong>pro</strong></span> <span class='ocrx_word' id='word_1_170' title='bbox 1543 1493 1635 1532; x_wconf 81' lang='lat' dir='ltr'><strong>vulg.</strong></span> 
     </span>
     <span class='ocr_line' id='line_1_23' title="bbox 177 1533 1633 1574; baseline 0.001 -11"><span class='ocrx_word' id='word_1_171' title='bbox 177 1533 271 1565; x_wconf 80' lang='lat' dir='ltr'><strong>Non:</strong></span> <span class='ocrx_word' id='word_1_172' title='bbox 296 1534 415 1565; x_wconf 78' lang='lat' dir='ltr'><strong>Heius.</strong></span> <span class='ocrx_word' id='word_1_173' title='bbox 433 1534 520 1574; x_wconf 86' lang='lat' dir='ltr'><strong>conj.</strong></span> <span class='ocrx_word' id='word_1_174' title='bbox 562 1534 626 1564; x_wconf 77' lang='lat' dir='ltr'><strong>Nec</strong></span> <span class='ocrx_word' id='word_1_175' title='bbox 641 1537 723 1564; x_wconf 72' lang='lat' dir='ltr'><strong>vetet</strong></span> <span class='ocrx_word' id='word_1_176' title='bbox 751 1534 829 1564; x_wconf 82' lang='lat' dir='ltr'><strong>hoc:</strong></span> <span class='ocrx_word' id='word_1_177' title='bbox 865 1534 953 1564; x_wconf 84' lang='lat' dir='ltr'><strong>Mor.</strong></span> <span class='ocrx_word' id='word_1_178' title='bbox 981 1539 1016 1565; x_wconf 86' lang='lat' dir='ltr'><strong>et</strong></span> <span class='ocrx_word' id='word_1_179' title='bbox 1043 1535 1105 1566; x_wconf 88' lang='lat' dir='ltr'><strong>Be.</strong></span> <span class='ocrx_word' id='word_1_180' title='bbox 1142 1535 1213 1565; x_wconf 80' lang='lat' dir='ltr'><strong>Non</strong></span> <span class='ocrx_word' id='word_1_181' title='bbox 1233 1538 1424 1573; x_wconf 81' lang='lat' dir='ltr'><strong>negut.—68</strong></span> <span class='ocrx_word' id='word_1_182' title='bbox 1449 1535 1633 1574; x_wconf 80' lang='lat' dir='ltr'><strong>Gottorpli.</strong></span> 
     </span>
     <span class='ocr_line' id='line_1_24' title="bbox 174 1575 1632 1617; baseline 0.001 -12"><span class='ocrx_word' id='word_1_183' title='bbox 174 1575 302 1616; x_wconf 80' lang='lat' dir='ltr'><strong>Suppos.</strong></span> <span class='ocrx_word' id='word_1_184' title='bbox 318 1577 420 1615; x_wconf 81' lang='lat' dir='ltr'><strong>titulo,</strong></span> <span class='ocrx_word' id='word_1_185' title='bbox 438 1578 566 1607; x_wconf 79' lang='lat' dir='ltr'>R.—70</span> <span class='ocrx_word' id='word_1_186' title='bbox 589 1576 645 1606; x_wconf 89' lang='lat' dir='ltr'><strong>Sic</strong></span> <span class='ocrx_word' id='word_1_187' title='bbox 667 1576 800 1606; x_wconf 89' lang='lat' dir='ltr'><strong>emend.</strong></span> <span class='ocrx_word' id='word_1_188' title='bbox 823 1577 914 1606; x_wconf 83' lang='lat' dir='ltr'><strong>Dan.</strong></span> <span class='ocrx_word' id='word_1_189' title='bbox 944 1576 1062 1607; x_wconf 83' lang='lat' dir='ltr'><strong>Heius.</strong></span> <span class='ocrx_word' id='word_1_190' title='bbox 1093 1577 1171 1607; x_wconf 86' lang='lat' dir='ltr'><strong>olim</strong></span> <span class='ocrx_word' id='word_1_191' title='bbox 1198 1578 1284 1607; x_wconf 79' lang='lat' dir='ltr'><strong>cond.</strong></span> <span class='ocrx_word' id='word_1_192' title='bbox 1311 1579 1398 1607; x_wconf 77' lang='lat' dir='ltr'><strong>crede</strong></span> <span class='ocrx_word' id='word_1_193' title='bbox 1417 1577 1472 1607; x_wconf 83' lang='lat' dir='ltr'><strong>sol.</strong></span> <span class='ocrx_word' id='word_1_194' title='bbox 1498 1577 1632 1617; x_wconf 85' lang='lat' dir='ltr'><strong>Mycill.</strong></span> 
     </span>
     <span class='ocr_line' id='line_1_25' title="bbox 175 1618 1631 1659; baseline 0.001 -12"><span class='ocrx_word' id='word_1_195' title='bbox 175 1618 307 1658; x_wconf 86' lang='lat' dir='ltr'><strong>Gryph.</strong></span> <span class='ocrx_word' id='word_1_196' title='bbox 323 1624 359 1649; x_wconf 88' lang='lat' dir='ltr'><strong>et</strong></span> <span class='ocrx_word' id='word_1_197' title='bbox 376 1620 431 1649; x_wconf 86' lang='lat' dir='ltr'><strong>alii</strong></span> <span class='ocrx_word' id='word_1_198' title='bbox 450 1620 550 1658; x_wconf 82' lang='lat' dir='ltr'><strong>Atque</strong></span> <span class='ocrx_word' id='word_1_199' title='bbox 566 1628 590 1649; x_wconf 77' lang='lat' dir='ltr'><strong>s·</strong></span> <span class='ocrx_word' id='word_1_200' title='bbox 613 1620 700 1649; x_wconf 82' lang='lat' dir='ltr'><strong>cond.</strong></span> <span class='ocrx_word' id='word_1_201' title='bbox 729 1620 817 1649; x_wconf 77' lang='lat' dir='ltr'><strong>crede</strong></span> <span class='ocrx_word' id='word_1_202' title='bbox 841 1618 984 1649; x_wconf 63' lang='lat' dir='ltr'><strong>soh—72</strong></span> <span class='ocrx_word' id='word_1_203' title='bbox 1009 1619 1196 1659; x_wconf 85' lang='lat' dir='ltr'><strong>Hamburg.</strong></span> <span class='ocrx_word' id='word_1_204' title='bbox 1225 1619 1258 1649; x_wconf 78' lang='lat' dir='ltr'><strong>in</strong></span> <span class='ocrx_word' id='word_1_205' title='bbox 1285 1619 1370 1649; x_wconf 81' lang='lat' dir='ltr'><strong>tituli</strong></span> <span class='ocrx_word' id='word_1_206' title='bbox 1398 1629 1506 1651; x_wconf 82' lang='lat' dir='ltr'><strong>murm.</strong></span> <span class='ocrx_word' id='word_1_207' title='bbox 1542 1619 1631 1649; x_wconf 83' lang='lat' dir='ltr'><strong>Turn</strong></span> 
     </span>
     <span class='ocr_line' id='line_1_26' title="bbox 176 1661 1633 1701; baseline 0.001 -11"><span class='ocrx_word' id='word_1_208' title='bbox 176 1664 246 1690; x_wconf 88' lang='lat' dir='ltr'><strong>tres</strong></span> <span class='ocrx_word' id='word_1_209' title='bbox 263 1661 339 1690; x_wconf 80' lang='lat' dir='ltr'><strong>libri</strong></span> <span class='ocrx_word' id='word_1_210' title='bbox 357 1661 474 1700; x_wconf 85' lang='lat' dir='ltr'><strong>scripti</strong></span> <span class='ocrx_word' id='word_1_211' title='bbox 488 1661 585 1691; x_wconf 80' lang='lat' dir='ltr'><strong>scribe</strong></span> <span class='ocrx_word' id='word_1_212' title='bbox 600 1665 662 1692; x_wconf 82' lang='lat' dir='ltr'><strong>not.</strong></span> <span class='ocrx_word' id='word_1_213' title='bbox 680 1665 714 1691; x_wconf 85' lang='lat' dir='ltr'><strong>et</strong></span> <span class='ocrx_word' id='word_1_214' title='bbox 738 1670 823 1691; x_wconf 91' lang='lat' dir='ltr'><strong>unus</strong></span> <span class='ocrx_word' id='word_1_215' title='bbox 851 1661 1048 1701; x_wconf 59' lang='lat' dir='ltr'><strong>sculpe-75</strong></span> <span class='ocrx_word' id='word_1_216' title='bbox 1074 1662 1135 1693; x_wconf 86' lang='lat' dir='ltr'><strong>Be.</strong></span> <span class='ocrx_word' id='word_1_217' title='bbox 1160 1661 1216 1693; x_wconf 73' lang='lat' dir='ltr'><strong>tib.</strong></span> <span class='ocrx_word' id='word_1_218' title='bbox 1236 1663 1309 1691; x_wconf 74' lang='lat' dir='ltr'><strong>(lum</strong></span> <span class='ocrx_word' id='word_1_219' title='bbox 1332 1666 1429 1692; x_wconf 81' lang='lat' dir='ltr'><strong>trans.</strong></span> <span class='ocrx_word' id='word_1_220' title='bbox 1447 1671 1483 1692; x_wconf 81' lang='lat' dir='ltr'><strong>ne</strong></span> <span class='ocrx_word' id='word_1_221' title='bbox 1498 1671 1523 1694; x_wconf 83' lang='lat' dir='ltr'><strong>s.</strong></span> <span class='ocrx_word' id='word_1_222' title='bbox 1540 1662 1633 1698; x_wconf 78' lang='lat' dir='ltr'><strong>mule,</strong></span> 
     </span>
     <span class='ocr_line' id='line_1_27' title="bbox 175 1702 1633 1744; baseline 0.002 -13"><span class='ocrx_word' id='word_1_223' title='bbox 175 1702 271 1741; x_wconf 78' lang='lat' dir='ltr'><strong>quisq.</strong></span> <span class='ocrx_word' id='word_1_224' title='bbox 303 1708 338 1733; x_wconf 90' lang='lat' dir='ltr'><strong>et</strong></span> <span class='ocrx_word' id='word_1_225' title='bbox 354 1703 489 1743; x_wconf 88' lang='lat' dir='ltr'><strong>quidam</strong></span> <span class='ocrx_word' id='word_1_226' title='bbox 506 1713 566 1743; x_wconf 92' lang='lat' dir='ltr'><strong>pro</strong></span> <span class='ocrx_word' id='word_1_227' title='bbox 585 1713 620 1734; x_wconf 83' lang='lat' dir='ltr'><strong>ne</strong></span> <span class='ocrx_word' id='word_1_228' title='bbox 634 1704 716 1743; x_wconf 85' lang='lat' dir='ltr'><strong>legit</strong></span> <span class='ocrx_word' id='word_1_229' title='bbox 730 1713 800 1734; x_wconf 85' lang='lat' dir='ltr'><strong>non.</strong></span> <span class='ocrx_word' id='word_1_230' title='bbox 847 1703 980 1734; x_wconf 85' lang='lat' dir='ltr'><strong>Deinde</strong></span> <span class='ocrx_word' id='word_1_231' title='bbox 998 1714 1058 1744; x_wconf 89' lang='lat' dir='ltr'><strong>pro</strong></span> <span class='ocrx_word' id='word_1_232' title='bbox 1075 1705 1212 1744; x_wconf 81' lang='lat' dir='ltr'><strong>quisquis</strong></span> <span class='ocrx_word' id='word_1_233' title='bbox 1227 1709 1297 1744; x_wconf 83' lang='lat' dir='ltr'><strong>opt.</strong></span> <span class='ocrx_word' id='word_1_234' title='bbox 1321 1705 1363 1734; x_wconf 85' lang='lat' dir='ltr'><strong>V.</strong></span> <span class='ocrx_word' id='word_1_235' title='bbox 1391 1704 1552 1744; x_wconf 78' lang='lat' dir='ltr'><strong>quicquis;</strong></span> <span class='ocrx_word' id='word_1_236' title='bbox 1576 1703 1633 1734; x_wconf 87' lang='lat' dir='ltr'><strong>alii</strong></span> 
     </span>
     <span class='ocr_line' id='line_1_28' title="bbox 178 1745 1632 1787; baseline 0.003 -14"><span class='ocrx_word' id='word_1_237' title='bbox 178 1749 246 1773; x_wconf 87' lang='lat' dir='ltr'><strong>tres</strong></span> <span class='ocrx_word' id='word_1_238' title='bbox 269 1745 433 1785; x_wconf 79' lang='lat' dir='ltr'><strong>quicquid;</strong></span> <span class='ocrx_word' id='word_1_239' title='bbox 469 1746 665 1777; x_wconf 82' lang='lat' dir='ltr'><strong>Medonian.</strong></span> <span class='ocrx_word' id='word_1_240' title='bbox 689 1746 853 1787; x_wconf 83' lang='lat' dir='ltr'><strong>quisquid:</strong></span> <span class='ocrx_word' id='word_1_241' title='bbox 889 1746 1008 1778; x_wconf 86' lang='lat' dir='ltr'><strong>Heius.</strong></span> <span class='ocrx_word' id='word_1_242' title='bbox 1038 1747 1127 1787; x_wconf 89' lang='lat' dir='ltr'><strong>conj.</strong></span> <span class='ocrx_word' id='word_1_243' title='bbox 1153 1747 1180 1777; x_wconf 76' lang='lat' dir='ltr'><strong>si</strong></span> <span class='ocrx_word' id='word_1_244' title='bbox 1204 1748 1374 1787; x_wconf 57' lang='lat' dir='ltr'><strong>quiet—77</strong></span> <span class='ocrx_word' id='word_1_245' title='bbox 1404 1747 1507 1777; x_wconf 84' lang='lat' dir='ltr'><strong>Titulo</strong></span> <span class='ocrx_word' id='word_1_246' title='bbox 1523 1756 1564 1776; x_wconf 83' lang='lat' dir='ltr'><strong>ex</strong></span> <span class='ocrx_word' id='word_1_247' title='bbox 1581 1756 1632 1786; x_wconf 87' lang='lat' dir='ltr'><strong>pr.</strong></span> 
     </span>
     <span class='ocr_line' id='line_1_29' title="bbox 176 1785 1630 1830; baseline 0.002 -14"><span class='ocrx_word' id='word_1_248' title='bbox 176 1785 251 1817; x_wconf 86' lang='lat' dir='ltr'><strong>Pol.</strong></span> <span class='ocrx_word' id='word_1_249' title='bbox 269 1792 303 1818; x_wconf 87' lang='lat' dir='ltr'><strong>et</strong></span> <span class='ocrx_word' id='word_1_250' title='bbox 320 1787 436 1818; x_wconf 80' lang='lat' dir='ltr'><strong>decem</strong></span> <span class='ocrx_word' id='word_1_251' title='bbox 453 1788 548 1826; x_wconf 78' lang='lat' dir='ltr'><strong>aliis3</strong></span> <span class='ocrx_word' id='word_1_252' title='bbox 584 1789 674 1827; x_wconf 77' lang='lat' dir='ltr'><strong>vulg.</strong></span> <span class='ocrx_word' id='word_1_253' title='bbox 702 1789 838 1820; x_wconf 81' lang='lat' dir='ltr'><strong>tumulo:</strong></span> <span class='ocrx_word' id='word_1_254' title='bbox 862 1788 982 1822; x_wconf 88' lang='lat' dir='ltr'><strong>Heins.</strong></span> <span class='ocrx_word' id='word_1_255' title='bbox 998 1789 1116 1821; x_wconf 84' lang='lat' dir='ltr'><strong>mallet</strong></span> <span class='ocrx_word' id='word_1_256' title='bbox 1132 1790 1250 1830; x_wconf 79' lang='lat' dir='ltr'><strong>titulos,</strong></span> <span class='ocrx_word' id='word_1_257' title='bbox 1278 1794 1314 1821; x_wconf 85' lang='lat' dir='ltr'><strong>et</strong></span> <span class='ocrx_word' id='word_1_258' title='bbox 1328 1788 1365 1818; x_wconf 82' lang='grc' dir='ltr'><strong>τὸ</strong></span> <span class='ocrx_word' id='word_1_259' title='bbox 1381 1793 1424 1820; x_wconf 85' lang='lat' dir='ltr'><strong>est</strong></span> <span class='ocrx_word' id='word_1_260' title='bbox 1445 1789 1630 1820; x_wconf 81' lang='lat' dir='ltr'><strong>omitteret.</strong></span> 
     </span>
    </p>
   </div>
   <div class='ocr_carea' id='block_1_12' title="bbox 831 1884 970 1916">
    <p class='ocr_par' dir='ltr' id='par_1_13' title="bbox 831 1884 970 1916">
     <span class='ocr_line' id='line_1_30' title="bbox 831 1884 970 1916; baseline 0.007 -1"><span class='ocrx_word' id='word_1_261' title='bbox 831 1885 861 1915; x_wconf 66' lang='lat'><strong>1&lt;</strong></span> <span class='ocrx_word' id='word_1_262' title='bbox 868 1884 970 1916; x_wconf 83' lang='lat' dir='ltr'><strong>OTAE</strong></span> 
     </span>
    </p>
   </div>
   <div class='ocr_carea' id='block_1_13' title="bbox 171 1956 877 2746">
    <p class='ocr_par' dir='ltr' id='par_1_14' title="bbox 175 1956 876 2099">
     <span class='ocr_line' id='line_1_31' title="bbox 175 1956 876 1997; baseline 0.001 -10"><span class='ocrx_word' id='word_1_263' title='bbox 175 1956 276 1996; x_wconf 79' lang='lat' dir='ltr'><strong>gruit.</strong></span> <span class='ocrx_word' id='word_1_264' title='bbox 326 1957 465 1994; x_wconf 84' lang='lat' dir='ltr'><strong>Verum,</strong></span> <span class='ocrx_word' id='word_1_265' title='bbox 485 1963 521 1988; x_wconf 91' lang='lat' dir='ltr'><strong>ut</strong></span> <span class='ocrx_word' id='word_1_266' title='bbox 537 1958 743 1988; x_wconf 87' lang='lat' dir='ltr'><strong>insinuatum</strong></span> <span class='ocrx_word' id='word_1_267' title='bbox 761 1967 876 1997; x_wconf 86' lang='lat' dir='ltr'><strong>supra,</strong></span> 
     </span>
     <span class='ocr_line' id='line_1_32' title="bbox 175 2006 876 2046; baseline 0.001 -9"><span class='ocrx_word' id='word_1_268' title='bbox 175 2007 217 2037; x_wconf 85' lang='lat' dir='ltr'><strong>de</strong></span> <span class='ocrx_word' id='word_1_269' title='bbox 235 2006 403 2038; x_wconf 80' lang='lat' dir='ltr'><strong>industria</strong></span> <span class='ocrx_word' id='word_1_270' title='bbox 421 2007 557 2037; x_wconf 85' lang='lat' dir='ltr'><strong>videtur</strong></span> <span class='ocrx_word' id='word_1_271' title='bbox 571 2016 686 2038; x_wconf 87' lang='lat' dir='ltr'><strong>errare</strong></span> <span class='ocrx_word' id='word_1_272' title='bbox 699 2006 822 2046; x_wconf 65' lang='lat' dir='ltr'><strong>Poeta,</strong></span> <span class='ocrx_word' id='word_1_273' title='bbox 839 2011 876 2038; x_wconf 90' lang='lat' dir='ltr'><strong>ut</strong></span> 
     </span>
     <span class='ocr_line' id='line_1_33' title="bbox 175 2058 648 2099; baseline 0.004 -11"><span class='ocrx_word' id='word_1_274' title='bbox 175 2058 281 2097; x_wconf 87' lang='lat' dir='ltr'><strong>magis</strong></span> <span class='ocrx_word' id='word_1_275' title='bbox 295 2059 383 2098; x_wconf 86' lang='lat' dir='ltr'><strong>qnod</strong></span> <span class='ocrx_word' id='word_1_276' title='bbox 401 2060 497 2099; x_wconf 87' lang='lat' dir='ltr'><strong>cupit</strong></span> <span class='ocrx_word' id='word_1_277' title='bbox 514 2058 648 2090; x_wconf 82' lang='lat' dir='ltr'><strong>efficiat.</strong></span> 
     </span>
    </p>

    <p class='ocr_par' dir='ltr' id='par_1_15' title="bbox 173 2108 877 2249">
     <span class='ocr_line' id='line_1_34' title="bbox 217 2108 877 2150; baseline 0.005 -13"><span class='ocrx_word' id='word_1_278' title='bbox 217 2110 259 2138; x_wconf 86' lang='grc'><strong>66</strong></span> <span class='ocrx_word' id='word_1_279' title='bbox 293 2108 346 2139; x_wconf 79' lang='lat' dir='ltr'><strong>Sic</strong></span> <span class='ocrx_word' id='word_1_280' title='bbox 371 2109 442 2149; x_wconf 85' lang='lat' dir='ltr'><strong>ego]</strong></span> <span class='ocrx_word' id='word_1_281' title='bbox 485 2112 622 2142; x_wconf 79' lang='lat' dir='ltr'><strong>Quanto</strong></span> <span class='ocrx_word' id='word_1_282' title='bbox 647 2109 765 2150; x_wconf 83' lang='lat' dir='ltr'><strong>patriae</strong></span> <span class='ocrx_word' id='word_1_283' title='bbox 790 2108 877 2140; x_wconf 90' lang='lat' dir='ltr'><strong>desi-</strong></span> 
     </span>
     <span class='ocr_line' id='line_1_35' title="bbox 174 2156 873 2200; baseline 0.004 -13"><span class='ocrx_word' id='word_1_284' title='bbox 174 2156 268 2188; x_wconf 88' lang='lat' dir='ltr'><strong>derio</strong></span> <span class='ocrx_word' id='word_1_285' title='bbox 297 2163 470 2190; x_wconf 83' lang='lat' dir='ltr'><strong>teneretur</strong></span> <span class='ocrx_word' id='word_1_286' title='bbox 498 2160 618 2200; x_wconf 70' lang='lat' dir='ltr'><strong>Poeta,</strong></span> <span class='ocrx_word' id='word_1_287' title='bbox 645 2170 688 2191; x_wconf 85' lang='lat' dir='ltr'><strong>ex</strong></span> <span class='ocrx_word' id='word_1_288' title='bbox 714 2160 776 2190; x_wconf 85' lang='lat' dir='ltr'><strong>hoc</strong></span> <span class='ocrx_word' id='word_1_289' title='bbox 799 2159 873 2190; x_wconf 84' lang='lat' dir='ltr'><strong>loco</strong></span> 
     </span>
     <span class='ocr_line' id='line_1_36' title="bbox 173 2207 515 2249; baseline 0.006 -12"><span class='ocrx_word' id='word_1_290' title='bbox 173 2207 317 2238; x_wconf 84' lang='lat' dir='ltr'><strong>maxime</strong></span> <span class='ocrx_word' id='word_1_291' title='bbox 334 2208 515 2249; x_wconf 82' lang='lat' dir='ltr'><strong>colligitur.</strong></span> 
     </span>
    </p>

    <p class='ocr_par' dir='ltr' id='par_1_16' title="bbox 171 2256 872 2338">
     <span class='ocr_line' id='line_1_37' title="bbox 213 2256 872 2298; baseline 0.003 -12"><span class='ocrx_word' id='word_1_292' title='bbox 213 2258 253 2286; x_wconf 87' lang='lat'><strong>67</strong></span> <span class='ocrx_word' id='word_1_293' title='bbox 280 2256 364 2297; x_wconf 82' lang='lat' dir='ltr'><strong>Hoc]</strong></span> <span class='ocrx_word' id='word_1_294' title='bbox 403 2258 447 2288; x_wconf 84' lang='lat' dir='ltr'><strong>Ut</strong></span> <span class='ocrx_word' id='word_1_295' title='bbox 469 2267 545 2289; x_wconf 81' lang='lat' dir='ltr'><strong>mea</strong></span> <span class='ocrx_word' id='word_1_296' title='bbox 571 2267 646 2288; x_wconf 85' lang='lat' dir='ltr'><strong>ossa</strong></span> <span class='ocrx_word' id='word_1_297' title='bbox 671 2257 702 2288; x_wconf 89' lang='lat' dir='ltr'><strong>in</strong></span> <span class='ocrx_word' id='word_1_298' title='bbox 729 2257 872 2298; x_wconf 79' lang='lat' dir='ltr'><strong>patriam</strong></span> 
     </span>
     <span class='ocr_line' id='line_1_38' title="bbox 171 2306 374 2338; baseline 0.005 -1"><span class='ocrx_word' id='word_1_299' title='bbox 171 2306 374 2338; x_wconf 78' lang='lat' dir='ltr'><strong>reserantur.</strong></span> 
     </span>
    </p>

    <p class='ocr_par' dir='ltr' id='par_1_17' title="bbox 173 2358 872 2543">
     <span class='ocr_line' id='line_1_39' title="bbox 218 2358 871 2399; baseline 0 -11"><span class='ocrx_word' id='word_1_300' title='bbox 218 2358 376 2398; x_wconf 78' lang='lat' dir='ltr'><strong>Thebana]</strong></span> <span class='ocrx_word' id='word_1_301' title='bbox 399 2358 591 2398; x_wconf 80' lang='lat' dir='ltr'><strong>Antigonen</strong></span> <span class='ocrx_word' id='word_1_302' title='bbox 610 2358 706 2397; x_wconf 83' lang='lat' dir='ltr'><strong>dicit,</strong></span> <span class='ocrx_word' id='word_1_303' title='bbox 729 2368 804 2399; x_wconf 87' lang='lat' dir='ltr'><strong>quae</strong></span> <span class='ocrx_word' id='word_1_304' title='bbox 829 2359 871 2388; x_wconf 90' lang='lat' dir='ltr'><strong>E-</strong></span> 
     </span>
     <span class='ocr_line' id='line_1_40' title="bbox 173 2407 872 2448; baseline 0.001 -11"><span class='ocrx_word' id='word_1_305' title='bbox 173 2408 315 2438; x_wconf 85' lang='lat' dir='ltr'><strong>teoclem</strong></span> <span class='ocrx_word' id='word_1_306' title='bbox 333 2407 486 2448; x_wconf 79' lang='lat' dir='ltr'><strong>fratrem,</strong></span> <span class='ocrx_word' id='word_1_307' title='bbox 507 2408 623 2448; x_wconf 85' lang='lat' dir='ltr'><strong>OEdipi</strong></span> <span class='ocrx_word' id='word_1_308' title='bbox 638 2408 872 2439; x_wconf 82' lang='lat' dir='ltr'><strong>Thebanorum</strong></span> 
     </span>
     <span class='ocr_line' id='line_1_41' title="bbox 174 2456 871 2498; baseline 0.007 -14"><span class='ocrx_word' id='word_1_309' title='bbox 174 2456 258 2495; x_wconf 83' lang='lat' dir='ltr'><strong>regis</strong></span> <span class='ocrx_word' id='word_1_310' title='bbox 273 2457 389 2497; x_wconf 86' lang='lat' dir='ltr'><strong>filium,</strong></span> <span class='ocrx_word' id='word_1_311' title='bbox 405 2459 554 2489; x_wconf 83' lang='lat' dir='ltr'><strong>Creonte</strong></span> <span class='ocrx_word' id='word_1_312' title='bbox 583 2466 661 2498; x_wconf 85' lang='lat' dir='ltr'><strong>rege</strong></span> <span class='ocrx_word' id='word_1_313' title='bbox 687 2459 806 2498; x_wconf 86' lang='lat' dir='ltr'><strong>invito,</strong></span> <span class='ocrx_word' id='word_1_314' title='bbox 822 2468 871 2489; x_wconf 86' lang='lat' dir='ltr'><strong>se-</strong></span> 
     </span>
     <span class='ocr_line' id='line_1_42' title="bbox 175 2505 302 2543; baseline 0.024 -10"><span class='ocrx_word' id='word_1_315' title='bbox 175 2505 302 2543; x_wconf 81' lang='lat' dir='ltr'><strong>pelivit.</strong></span> 
     </span>
    </p>

    <p class='ocr_par' dir='ltr' id='par_1_18' title="bbox 175 2557 872 2746">
     <span class='ocr_line' id='line_1_43' title="bbox 217 2557 872 2599; baseline 0.006 -14"><span class='ocrx_word' id='word_1_316' title='bbox 217 2558 258 2586; x_wconf 79' lang='lat'><strong>69</strong></span> <span class='ocrx_word' id='word_1_317' title='bbox 292 2557 429 2599; x_wconf 79' lang='lat' dir='ltr'><strong>Amomi]</strong></span> <span class='ocrx_word' id='word_1_318' title='bbox 465 2560 593 2590; x_wconf 88' lang='lat' dir='ltr'><strong>Frutex</strong></span> <span class='ocrx_word' id='word_1_319' title='bbox 623 2562 675 2589; x_wconf 80' lang='lat' dir='ltr'><strong>est</strong></span> <span class='ocrx_word' id='word_1_320' title='bbox 705 2559 872 2598; x_wconf 87' lang='lat' dir='ltr'><strong>exoticus,</strong></span> 
     </span>
     <span class='ocr_line' id='line_1_44' title="bbox 175 2605 872 2650; baseline 0.009 -16"><span class='ocrx_word' id='word_1_321' title='bbox 175 2605 290 2646; x_wconf 79' lang='lat' dir='ltr'><strong>quiex</strong></span> <span class='ocrx_word' id='word_1_322' title='bbox 308 2606 457 2647; x_wconf 82' lang='lat' dir='ltr'><strong>Assyria,</strong></span> <span class='ocrx_word' id='word_1_323' title='bbox 479 2614 580 2650; x_wconf 86' lang='lat' dir='ltr'><strong>atque</strong></span> <span class='ocrx_word' id='word_1_324' title='bbox 602 2608 764 2640; x_wconf 83' lang='lat' dir='ltr'><strong>Armenia</strong></span> <span class='ocrx_word' id='word_1_325' title='bbox 787 2618 872 2649; x_wconf 82' lang='lat' dir='ltr'><strong>prae-</strong></span> 
     </span>
     <span class='ocr_line' id='line_1_45' title="bbox 176 2653 872 2697; baseline 0.006 -13"><span class='ocrx_word' id='word_1_326' title='bbox 176 2653 303 2692; x_wconf 76' lang='lat' dir='ltr'><strong>sertim,</strong></span> <span class='ocrx_word' id='word_1_327' title='bbox 320 2653 541 2695; x_wconf 80' lang='lat' dir='ltr'><strong>afferebatur3</strong></span> <span class='ocrx_word' id='word_1_328' title='bbox 563 2657 659 2697; x_wconf 81' lang='lat' dir='ltr'><strong>cnjus</strong></span> <span class='ocrx_word' id='word_1_329' title='bbox 675 2657 710 2688; x_wconf 91' lang='lat' dir='ltr'><strong>in</strong></span> <span class='ocrx_word' id='word_1_330' title='bbox 726 2657 872 2689; x_wconf 85' lang='lat' dir='ltr'><strong>conden-</strong></span> 
     </span>
     <span class='ocr_line' id='line_1_46' title="bbox 176 2703 870 2746; baseline 0.009 -11"><span class='ocrx_word' id='word_1_331' title='bbox 176 2703 226 2735; x_wconf 79' lang='lat' dir='ltr'><strong>dis</strong></span> <span class='ocrx_word' id='word_1_332' title='bbox 242 2703 441 2746; x_wconf 65' lang='lat' dir='ltr'><strong>corporibus</strong></span> <span class='ocrx_word' id='word_1_333' title='bbox 456 2706 579 2738; x_wconf 88' lang='lat' dir='ltr'><strong>multus</strong></span> <span class='ocrx_word' id='word_1_334' title='bbox 597 2717 673 2739; x_wconf 81' lang='lat' dir='ltr'><strong>usus</strong></span> <span class='ocrx_word' id='word_1_335' title='bbox 687 2707 764 2740; x_wconf 84' lang='lat' dir='ltr'><strong>fuit.</strong></span> <span class='ocrx_word' id='word_1_336' title='bbox 814 2708 870 2741; x_wconf 84' lang='lat' dir='ltr'><strong>lta</strong></span> 
     </span>
    </p>
   </div>
   <div class='ocr_carea' id='block_1_14' title="bbox 925 1958 1634 2691">
    <p class='ocr_par' dir='ltr' id='par_1_19' title="bbox 931 1958 1631 2098">
     <span class='ocr_line' id='line_1_47' title="bbox 931 1958 1631 1990; baseline -0.003 0"><span class='ocrx_word' id='word_1_337' title='bbox 931 1964 1043 1990; x_wconf 84' lang='lat' dir='ltr'><strong>autem</strong></span> <span class='ocrx_word' id='word_1_338' title='bbox 1068 1960 1158 1990; x_wconf 85' lang='lat' dir='ltr'><strong>inter</strong></span> <span class='ocrx_word' id='word_1_339' title='bbox 1185 1969 1220 1990; x_wconf 90' lang='lat' dir='ltr'><strong>se</strong></span> <span class='ocrx_word' id='word_1_340' title='bbox 1248 1958 1452 1989; x_wconf 84' lang='lat' dir='ltr'><strong>dissentiunt</strong></span> <span class='ocrx_word' id='word_1_341' title='bbox 1475 1963 1631 1988; x_wconf 81' lang='lat' dir='ltr'><strong>auctores</strong></span> 
     </span>
     <span class='ocr_line' id='line_1_48' title="bbox 931 2008 1631 2049; baseline 0 -11"><span class='ocrx_word' id='word_1_342' title='bbox 931 2009 989 2049; x_wconf 86' lang='lat' dir='ltr'><strong>qni</strong></span> <span class='ocrx_word' id='word_1_343' title='bbox 1015 2009 1088 2049; x_wconf 85' lang='lat' dir='ltr'><strong>ejus</strong></span> <span class='ocrx_word' id='word_1_344' title='bbox 1112 2009 1324 2049; x_wconf 85' lang='lat' dir='ltr'><strong>reliquerunt</strong></span> <span class='ocrx_word' id='word_1_345' title='bbox 1351 2008 1631 2048; x_wconf 78' lang='lat' dir='ltr'><strong>descriptionem,</strong></span> 
     </span>
     <span class='ocr_line' id='line_1_49' title="bbox 931 2058 1465 2098; baseline 0 -9"><span class='ocrx_word' id='word_1_346' title='bbox 931 2064 966 2089; x_wconf 87' lang='lat' dir='ltr'><strong>ut</strong></span> <span class='ocrx_word' id='word_1_347' title='bbox 983 2059 1038 2089; x_wconf 84' lang='lat' dir='ltr'><strong>vix</strong></span> <span class='ocrx_word' id='word_1_348' title='bbox 1054 2060 1214 2098; x_wconf 86' lang='lat' dir='ltr'><strong>cognosci</strong></span> <span class='ocrx_word' id='word_1_349' title='bbox 1231 2058 1330 2089; x_wconf 85' lang='lat' dir='ltr'><strong>hodie</strong></span> <span class='ocrx_word' id='word_1_350' title='bbox 1347 2058 1465 2098; x_wconf 86' lang='lat' dir='ltr'><strong>possit.</strong></span> 
     </span>
    </p>

    <p class='ocr_par' dir='ltr' id='par_1_20' title="bbox 929 2108 1630 2199">
     <span class='ocr_line' id='line_1_50' title="bbox 973 2108 1630 2149; baseline 0.002 -10"><span class='ocrx_word' id='word_1_351' title='bbox 973 2112 1011 2139; x_wconf 89' lang='grc'><strong>71</strong></span> <span class='ocrx_word' id='word_1_352' title='bbox 1038 2108 1246 2149; x_wconf 78' lang='lat' dir='ltr'><strong>Properante]</strong></span> <span class='ocrx_word' id='word_1_353' title='bbox 1271 2109 1427 2149; x_wconf 80' lang='lat' dir='ltr'><strong>Namque</strong></span> <span class='ocrx_word' id='word_1_354' title='bbox 1444 2109 1630 2140; x_wconf 86' lang='lat' dir='ltr'><strong>viatoribus</strong></span> 
     </span>
     <span class='ocr_line' id='line_1_51' title="bbox 929 2158 1572 2199; baseline 0.002 -10"><span class='ocrx_word' id='word_1_355' title='bbox 929 2158 962 2189; x_wconf 86' lang='lat' dir='ltr'><strong>in</strong></span> <span class='ocrx_word' id='word_1_356' title='bbox 980 2159 1120 2199; x_wconf 87' lang='lat' dir='ltr'><strong>singulis</strong></span> <span class='ocrx_word' id='word_1_357' title='bbox 1133 2169 1200 2190; x_wconf 88' lang='lat' dir='ltr'><strong>non</strong></span> <span class='ocrx_word' id='word_1_358' title='bbox 1218 2160 1300 2190; x_wconf 87' lang='lat' dir='ltr'><strong>licet</strong></span> <span class='ocrx_word' id='word_1_359' title='bbox 1316 2159 1373 2190; x_wconf 85' lang='lat' dir='ltr'><strong>diu</strong></span> <span class='ocrx_word' id='word_1_360' title='bbox 1391 2160 1572 2191; x_wconf 85' lang='lat' dir='ltr'><strong>immorari.</strong></span> 
     </span>
    </p>

    <p class='ocr_par' dir='ltr' id='par_1_21' title="bbox 925 2208 1634 2541">
     <span class='ocr_line' id='line_1_52' title="bbox 969 2208 1630 2250; baseline 0.002 -11"><span class='ocrx_word' id='word_1_361' title='bbox 969 2212 1010 2239; x_wconf 70' lang='grc'><strong>74</strong></span> <span class='ocrx_word' id='word_1_362' title='bbox 1036 2209 1142 2249; x_wconf 83' lang='lat' dir='ltr'><strong>Perii]</strong></span> <span class='ocrx_word' id='word_1_363' title='bbox 1179 2208 1328 2240; x_wconf 64' lang='lat' dir='ltr'><strong>Videtur</strong></span> <span class='ocrx_word' id='word_1_364' title='bbox 1354 2209 1445 2240; x_wconf 90' lang='lat' dir='ltr'><strong>istud</strong></span> <span class='ocrx_word' id='word_1_365' title='bbox 1473 2209 1630 2250; x_wconf 83' lang='lat' dir='ltr'><strong>Augusto</strong></span> 
     </span>
     <span class='ocr_line' id='line_1_53' title="bbox 926 2258 1634 2300; baseline 0 -10"><span class='ocrx_word' id='word_1_366' title='bbox 926 2269 1043 2290; x_wconf 86' lang='lat' dir='ltr'><strong>creare</strong></span> <span class='ocrx_word' id='word_1_367' title='bbox 1057 2259 1229 2290; x_wconf 87' lang='lat' dir='ltr'><strong>invidiam.</strong></span> <span class='ocrx_word' id='word_1_368' title='bbox 1251 2260 1393 2298; x_wconf 79' lang='lat' dir='ltr'><strong>Verum,</strong></span> <span class='ocrx_word' id='word_1_369' title='bbox 1410 2258 1489 2300; x_wconf 81' lang='lat' dir='ltr'><strong>quid</strong></span> <span class='ocrx_word' id='word_1_370' title='bbox 1507 2259 1540 2289; x_wconf 89' lang='lat' dir='ltr'><strong>id</strong></span> <span class='ocrx_word' id='word_1_371' title='bbox 1558 2269 1634 2290; x_wconf 89' lang='lat' dir='ltr'><strong>nos-</strong></span> 
     </span>
     <span class='ocr_line' id='line_1_54' title="bbox 927 2309 1631 2350; baseline 0.001 -10"><span class='ocrx_word' id='word_1_372' title='bbox 927 2310 1000 2340; x_wconf 84' lang='lat' dir='ltr'><strong>tra?</strong></span> <span class='ocrx_word' id='word_1_373' title='bbox 1024 2310 1142 2341; x_wconf 81' lang='lat' dir='ltr'><strong>Potius</strong></span> <span class='ocrx_word' id='word_1_374' title='bbox 1167 2310 1271 2340; x_wconf 86' lang='lat' dir='ltr'><strong>fuerit</strong></span> <span class='ocrx_word' id='word_1_375' title='bbox 1298 2319 1338 2339; x_wconf 79' lang='lat' dir='ltr'><strong>ex</strong></span> <span class='ocrx_word' id='word_1_376' title='bbox 1357 2319 1395 2340; x_wconf 87' lang='lat' dir='ltr'><strong>eo</strong></span> <span class='ocrx_word' id='word_1_377' title='bbox 1423 2309 1631 2350; x_wconf 82' lang='lat' dir='ltr'><strong>intelligere,</strong></span> 
     </span>
     <span class='ocr_line' id='line_1_55' title="bbox 925 2359 1629 2400; baseline 0 -10"><span class='ocrx_word' id='word_1_378' title='bbox 925 2360 1108 2400; x_wconf 78' lang='lat' dir='ltr'><strong>ingeniosis</strong></span> <span class='ocrx_word' id='word_1_379' title='bbox 1152 2360 1194 2391; x_wconf 85' lang='lat' dir='ltr'><strong>ad</strong></span> <span class='ocrx_word' id='word_1_380' title='bbox 1233 2359 1394 2390; x_wconf 79' lang='lat' dir='ltr'><strong>Amorem</strong></span> <span class='ocrx_word' id='word_1_381' title='bbox 1443 2360 1629 2399; x_wconf 86' lang='lat' dir='ltr'><strong>periculum</strong></span> 
     </span>
     <span class='ocr_line' id='line_1_56' title="bbox 926 2410 1630 2450; baseline 0 -10"><span class='ocrx_word' id='word_1_382' title='bbox 926 2410 1111 2441; x_wconf 87' lang='lat' dir='ltr'><strong>maximum</strong></span> <span class='ocrx_word' id='word_1_383' title='bbox 1150 2410 1369 2450; x_wconf 86' lang='lat' dir='ltr'><strong>impendere;</strong></span> <span class='ocrx_word' id='word_1_384' title='bbox 1408 2418 1450 2439; x_wconf 82' lang='lat' dir='ltr'><strong>ne</strong></span> <span class='ocrx_word' id='word_1_385' title='bbox 1488 2415 1630 2449; x_wconf 80' lang='lat' dir='ltr'><strong>praeter-</strong></span> 
     </span>
     <span class='ocr_line' id='line_1_57' title="bbox 927 2458 1629 2501; baseline -0.001 -11"><span class='ocrx_word' id='word_1_386' title='bbox 927 2470 1025 2500; x_wconf 85' lang='lat' dir='ltr'><strong>quam</strong></span> <span class='ocrx_word' id='word_1_387' title='bbox 1042 2470 1125 2501; x_wconf 85' lang='lat' dir='ltr'><strong>quas</strong></span> <span class='ocrx_word' id='word_1_388' title='bbox 1150 2460 1222 2500; x_wconf 77' lang='lat' dir='ltr'><strong>ipse</strong></span> <span class='ocrx_word' id='word_1_389' title='bbox 1249 2459 1420 2490; x_wconf 84' lang='lat' dir='ltr'><strong>molestias</strong></span> <span class='ocrx_word' id='word_1_390' title='bbox 1443 2458 1546 2489; x_wconf 85' lang='lat' dir='ltr'><strong>habet</strong></span> <span class='ocrx_word' id='word_1_391' title='bbox 1571 2459 1629 2489; x_wconf 85' lang='lat' dir='ltr'><strong>ad-</strong></span> 
     </span>
     <span class='ocr_line' id='line_1_58' title="bbox 927 2510 1058 2541; baseline 0.008 -1"><span class='ocrx_word' id='word_1_392' title='bbox 927 2510 1058 2541; x_wconf 82' lang='lat' dir='ltr'><strong>damus.</strong></span> 
     </span>
    </p>

    <p class='ocr_par' dir='ltr' id='par_1_22' title="bbox 927 2557 1630 2691">
     <span class='ocr_line' id='line_1_59' title="bbox 969 2557 1630 2598; baseline -0.005 -6"><span class='ocrx_word' id='word_1_393' title='bbox 969 2564 1010 2592; x_wconf 75' lang='lat'><strong>⁷6</strong></span> <span class='ocrx_word' id='word_1_394' title='bbox 1033 2558 1190 2598; x_wconf 80' lang='lat' dir='ltr'><strong>Molliter]</strong></span> <span class='ocrx_word' id='word_1_395' title='bbox 1213 2557 1254 2588; x_wconf 90' lang='lat' dir='ltr'><strong>In</strong></span> <span class='ocrx_word' id='word_1_396' title='bbox 1269 2557 1380 2598; x_wconf 86' lang='lat' dir='ltr'><strong>cippis</strong></span> <span class='ocrx_word' id='word_1_397' title='bbox 1404 2566 1486 2588; x_wconf 82' lang='lat' dir='ltr'><strong>vero</strong></span> <span class='ocrx_word' id='word_1_398' title='bbox 1513 2558 1564 2589; x_wconf 80' lang='lat' dir='ltr'><strong>11oe</strong></span> <span class='ocrx_word' id='word_1_399' title='bbox 1592 2559 1630 2589; x_wconf 88' lang='lat' dir='ltr'><strong>li-</strong></span> 
     </span>
     <span class='ocr_line' id='line_1_60' title="bbox 927 2607 1628 2641; baseline -0.003 0"><span class='ocrx_word' id='word_1_400' title='bbox 927 2614 1009 2641; x_wconf 63' lang='lat' dir='ltr'><strong>term</strong></span> <span class='ocrx_word' id='word_1_401' title='bbox 1034 2609 1307 2640; x_wconf 77' lang='lat' dir='ltr'><strong>inscribebantur</strong></span> <span class='ocrx_word' id='word_1_402' title='bbox 1333 2609 1367 2638; x_wconf 73' lang='lat' dir='ltr'><strong>S.</strong></span> <span class='ocrx_word' id='word_1_403' title='bbox 1385 2607 1426 2639; x_wconf 83' lang='lat' dir='ltr'><strong>T.</strong></span> <span class='ocrx_word' id='word_1_404' title='bbox 1444 2607 1483 2639; x_wconf 88' lang='lat' dir='ltr'><strong>T.</strong></span> <span class='ocrx_word' id='word_1_405' title='bbox 1501 2609 1539 2640; x_wconf 83' lang='lat' dir='ltr'><strong>L.</strong></span> <span class='ocrx_word' id='word_1_406' title='bbox 1575 2609 1628 2639; x_wconf 86' lang='lat' dir='ltr'><strong>Sit</strong></span> 
     </span>
     <span class='ocr_line' id='line_1_61' title="bbox 928 2658 1206 2691; baseline 0 -1"><span class='ocrx_word' id='word_1_407' title='bbox 928 2659 987 2691; x_wconf 84' lang='lat' dir='ltr'><strong>tibi</strong></span> <span class='ocrx_word' id='word_1_408' title='bbox 1007 2664 1098 2690; x_wconf 73' lang='lat' dir='ltr'><strong>terra</strong></span> <span class='ocrx_word' id='word_1_409' title='bbox 1113 2658 1206 2690; x_wconf 78' lang='lat' dir='ltr'><strong>levis.</strong></span> 
     </span>
    </p>
   </div>
  </div>
 </body>
</html>
