1877 3193
161 161 275 203 2556
655 174 694 204 P.
725 174 885 204 ovmn
918 173 1133 205 NAsoms

163 265 299 316 Quod
316 281 448 319 mare,
470 269 588 323 quod
609 268 754 318 tellus,
777 281 969 323 appone,
992 268 1109 323 quod
1128 269 1290 312 educat
1311 269 1385 311 a'er
1402 283 1414 322 3

221 334 300 376 Nil
319 337 397 386 ibi,
419 336 538 390 quod
557 336 686 377 nobis
704 337 932 386 esuriatur,
953 338 1046 378 erit.

163 402 330 444 Nectar
350 409 394 444 et
415 404 696 453 ambrosiam,
718 404 872 445 latices
893 405 1133 458 epulasque
1156 405 1363 456 Deorum,

221 470 308 511 Det
328 471 431 511 mihi
455 472 646 512 formosa
665 484 780 511 nava
799 472 994 512 Juventa
1015 486 1167 524 manu3

163 537 267 578 Non
286 545 432 580 tamen
455 543 646 579 exacuet
666 543 844 592 torpeus
865 552 998 592 sapor
1018 540 1090 579 ille
1111 541 1305 593 palatum
1323 555 1332 582 :

221 605 366 646 Stabit
385 612 427 647 et
448 607 488 646 in
512 607 738 647 stomacho
760 607 934 660 pondus
952 608 1089 648 inerte
1110 608 1198 648 diu.

165 671 280 714 Haec
299 687 378 726 ego
401 687 486 714 non
509 674 663 721 ausim,
686 686 784 712 cum
804 676 888 714 sint
903 676 1148 724 verissima,
1173 676 1315 717 cuivis
1562 675 1620 715 'lo

221 740 447 791 Scribere3
478 741 661 780 delicias
686 753 740 779 ne
764 740 880 780 mala
901 746 1056 781 nostra
1075 747 1246 784 vocent.

163 805 344 847 Scilicet
364 809 402 847 is
423 812 563 847 status
585 812 668 856 est,
691 820 745 847 ea
765 820 908 847 rerum
930 807 1069 848 sonna
1089 822 1294 861 mearum,

220 873 403 916 Deliciis
425 876 555 915 etiam
576 876 717 928 possit
738 879 785 914 ut
806 887 907 915 esse
928 875 1066 915 locus.

163 939 365 981 Delicias
385 942 446 982 illi
468 955 624 996 precor
643 943 720 982 has
742 943 1007 995 contingere,
1031 943 1068 982 si
1090 943 1203 995 quis,

217 1006 289 1048 Ne
310 1009 415 1048 mihi
436 1010 491 1050 sit
509 1010 644 1049 levior
666 1009 858 1051 Caesaris
880 1011 958 1060 ira,
979 1010 1119 1051 timet.

162 1074 209 1115 Is
230 1089 418 1129 quoque,
443 1077 519 1129 qui
541 1078 692 1129 gracili
714 1078 838 1118 cibus
859 1082 926 1118 est
946 1078 991 1117 in
1014 1090 1210 1131 corpore,
1233 1089 1415 1118 somnus

219 1141 322 1183 Non
344 1143 421 1183 alit
443 1143 587 1185 officio
610 1158 770 1198 corpus
791 1146 918 1186 inane
939 1158 1035 1186 suo.

1563 338 1618 378 10

1562 1012 1619 1052 20

161 1268 239 1309 quod
252 1268 308 1299 a'e'r
321 1270 433 1306 nutrit,
449 1269 527 1299 nihil
541 1271 604 1299 erit
618 1269 661 1300 ibi
676 1271 753 1310 quod
769 1280 787 1300 α
803 1270 890 1300 nobis
904 1273 1077 1310 appetatur.
1122 1272 1259 1301 Juventa
1274 1272 1378 1301 sedula
1393 1271 1528 1310 proebeat
1543 1272 1619 1303 mihi

157 1311 287 1350 pulchra
300 1321 393 1342 manu
410 1313 528 1342 Nectar
544 1315 574 1342 et
597 1312 804 1351 Ambrosiam,
826 1316 916 1352 potus
943 1317 972 1343 et
995 1312 1077 1342 cibos
1099 1313 1250 1360 Deoruin,
1275 1317 1376 1343 tumen
1391 1315 1443 1343 ille
1457 1324 1548 1353 sapor
1561 1325 1620 1344 non

160 1354 337 1384 irritaverit
365 1356 502 1394 palatum
530 1357 596 1393 lan
583 1364 695 1385 «ruens,-
718 1358 747 1385 et
770 1357 890 1394 pondus
914 1355 967 1385 (liu
991 1355 1055 1385 1ιαί
1057 1354 1118 1385 ebat
1135 1355 1167 1385 in
1181 1355 1236 1394 pig
1239 1365 1274 1384 ro
1286 1359 1374 1385 venti
1377 1357 1464 1385 iculo.
1513 1357 1620 1391 Quan-

161 1405 250 1435 quam
265 1397 330 1427 lioec
345 1398 407 1427 sint
435 1397 617 1436 certissima,
641 1407 698 1436 ego
728 1407 787 1428 non
810 1398 910 1436 ausim
934 1398 1069 1428 scribere
1087 1397 1208 1433 cuivis;
1229 1407 1267 1428 ne
1289 1399 1440 1437 appellent
1465 1408 1619 1429 (erumnas

160 1442 282 1469 nostras
295 1440 431 1469 delicias.
480 1440 641 1469 Nimirum
656 1449 692 1470 ea
707 1443 752 1469 est
767 1433 912 1477 conditio,
928 1450 964 1470 ea
973 1439 1076 1477 facies
1088 1450 1138 1469 ier
1142 1450 1189 1469 nm
1206 1450 1358 1488 mem-Dum,
1375 1445 1407 1471 ut
1427 1442 1508 1471 Iocus
1523 1442 1618 1472 etiam

160 1489 223 1510 esse
237 1481 335 1520 possit
351 1479 496 1512 deliciis?
547 1481 644 1512 Voveo
671 1481 842 1518 hujusmodi
871 1482 996 1511 delicias
1021 1482 1069 1511 illi
1094 1482 1245 1520 obvenire,
1266 1483 1292 1511 si
1307 1482 1375 1521 quis
1390 1484 1500 1513 metuit
1515 1494 1552 1514 ne
1570 1484 1619 1514 ira

163 1522 298 1553 Caesaris
308 1524 349 1553 sit
365 1523 441 1553 milti
457 1523 568 1554 minor.
614 1523 674 1553 Ille
688 1524 782 1554 etium
794 1533 926 1562 somnus,
943 1523 995 1563 qui
1011 1527 1055 1553 est
1070 1524 1273 1553 alimentum
1264 1534 1295 1553 ιη
1311 1533 1434 1564 empore
1445 1526 1617 1566 macilento,

769 1616 1002 1628 mmo

159 1687 223 1714 —9
249 1682 314 1713 Alii
330 1685 408 1723 quod
431 1685 537 1714 educet
556 1683 619 1715 a'cir.
621 1687 704 1714 -11
731 1684 825 1715 Editi
845 1687 880 1714 et
898 1684 1018 1723 sc1ipti
1035 1685 1132 1715 multi
1149 1683 1355 1715 ambrosium:
1381 1689 1415 1715 et
1433 1689 1503 1716 tum
1520 1686 1562 1717 V.
1582 1690 1618 1718 et

160 1726 374 1758 Ms.Be1-sm.
390 1726 556 1767 laticesque
574 1727 708 1767 epulasq.
714 1730 795 1757 —12
822 1728 913 1757 Nava
933 1727 1254 1767 Heins.1ecepitex
1271 1728 1327 1758 Sa.
1342 1727 1468 1768 Scalig.
1485 1732 1519 1759 et
1535 1727 1618 1770 Anmg

159 1778 221 1810 pro
248 1769 339 1808 vulg.
364 1772 478 1808 grata.-
511 1769 544 1799 iu
572 1769 645 1799 aliis
671 1769 812 1809 pulchra,
835 1769 948 1809 Graia,
966 1769 1066 1809 flat-‚11
1113 1770 1335 1800 PnoJuventa
1351 1770 1499 1811 quinque
1515 1772 1619 1803 etiam

156 1811 271 1852 puella.
275 1814 358 1841 —13
364 1792 470 1842 ζ’Τνθεῑ
492 1811 570 1842 libri
593 1816 667 1842 tam.
693 1812 830 1842 excutiet
857 1815 937 1851 tormp
984 1813 1067 1843 Mox
1085 1812 1168 1843 editi
1185 1813 1319 1853 quidam
1342 1823 1406 1853 sap.
1427 1813 1485 1844 iste
1510 1814 1618 1853 pal.—

162 1856 201 1885 14
224 1854 304 1885 Jnn.
322 1864 386 1884 meo
403 1864 463 1894 pro
479 1855 628 1885 dinc—15
659 1855 699 1885 P.
715 1855 822 1884 teriss.
841 1864 998 1894 quamtis,
1021 1856 1100 1887 Jun.
1117 1860 1151 1885 et
1169 1855 1252 1885 editi
1280 1856 1430 1886 nonnulli
1453 1856 1619 1895 cuiquam·
1606 1880 1616 1893 ,

160 1896 256 1927 Leid.
281 1896 487 1935 cuique.—16
516 1897 630 1927 Vocent
656 1897 779 1928 Heins.
807 1898 943 1937 reponit
969 1907 1010 1928 ex
1036 1897 1165 1928 duobus
1193 1902 1276 1928 vett.
1293 1908 1354 1938 pro
1371 1899 1459 1938 vulg.
1476 1902 1617 1929 vocet.—

161 1942 199 1969 17
224 1939 353 1979 Scripti
370 1944 404 1969 et
421 1939 504 1970 editi
519 1940 569 1969 hic
586 1949 647 1980 pro
665 1940 702 1971 is.
749 1940 834 1971 Mox
850 1941 975 1970 Thuan.
1000 1944 1044 1971 est
1069 1951 1174 1971 rerum
1190 1941 1322 1977 fortuna
1338 1951 1483 1972 mearum.
1500 1941 1617 1971 Burm.

160 1985 268 2012 totum
285 1991 334 2012 vs.
351 1982 399 2012 sie
423 1981 583 2022 refingit:
610 1982 685 2013 Scil.
713 1982 762 2013 hz'c
786 1993 887 2013 rerum
910 1986 1024 2020 status,
1048 1987 1090 2021 et,
1119 1983 1173 2013 vel
1196 1983 1246 2013 Ιιὶε
1263 1983 1397 2021 fortuna
1424 1993 1618 2014 mearum.—

162 2026 201 2056 18
224 2024 294 2056 Pro
313 2025 410 2065 possit
425 2028 472 2065 ut,
490 2025 624 2056 'l'liuan.
641 2026 719 2066 quod
735 2029 848 2066 queat;
871 2026 960 2056 unde
987 2026 1107 2057 Heius.
1135 2036 1190 2066 quo
1214 2029 1404 2066 queat.—20
1429 2025 1616 2067 Gottorph.

818 2133 960 2164 NOTAE

202 2217 222 2246 9
245 2214 352 2253 Mare]
379 2214 480 2245 Unde
496 2214 620 2254 pisces.

202 2263 282 2304 A'e'r]
326 2263 416 2293 Aves
443 2262 623 2303 significat,
650 2263 729 2303 quia
761 2268 796 2294 et
826 2264 859 2294 in

161 2313 274 2345 a'e'rem
292 2314 467 2352 tolluntur,
485 2313 617 2343 tametsi
634 2322 677 2343 ex
694 2317 787 2343 terra
803 2317 861 2343 aut

161 2373 247 2404 aqua
255 2363 383 2393 victum
398 2372 492 2393 sunm
505 2363 704 2403 plerumque
716 2366 860 2394 sumant.

204 2417 241 2445 11
268 2413 402 2454 Nectar]
445 2415 552 2446 Quam
569 2413 684 2445 Graeci
701 2412 860 2444 dixerunt

162 2464 307 2495 Deorum
324 2464 506 2503 potionem.

203 2514 411 2554 Ambrosiam]
442 2513 509 2547 Qui
539 2513 633 2545 cibus
661 2513 860 2553 coelestium,

162 2564 387 2596 suavissimus.

204 2616 243 2645 12
265 2614 416 2654 Juventa]
444 2616 530 2647 Qum
544 2618 580 2645 et
593 2614 704 2654 Hebe,
717 2614 860 2647 Junonis

163 2663 241 2702 tilia,
265 2663 339 2693 Diis
366 2665 490 2704 pocula
512 2664 719 2706 ministrare,
736 2664 861 2697 Poeta.

162 2722 232 2744 rum
247 2722 400 2754 munere,
415 2715 524 2748 solita.

959 2219 997 2246 14
1023 2215 1144 2255 Inerte]
1176 2217 1243 2248 Qui
1261 2216 1356 2246 cibos
1370 2224 1480 2255 neque
1496 2224 1616 2246 conco-

915 2267 988 2306 quit
1005 2276 1116 2306 neque
1134 2265 1271 2305 digerit.

959 2318 996 2345 15
1015 2314 1111 2354 Haec]
1130 2316 1214 2347 Quae
1226 2314 1267 2344 de
1283 2314 1432 2344 ciborum
1447 2314 1524 2345 dico
1538 2323 1615 2346 meo

916 2364 1066 2396 fastidio.

960 2417 1001 2445 16
1038 2414 1193 2454 Delicias]
1236 2414 1340 2447 Quasi
1377 2414 1516 2446 delicati
1553 2416 1615 2447 sim

916 2465 1034 2505 palati.

958 2517 997 2545 17
1032 2514 1177 2553 Scilicet]
1219 2514 1367 2554 Ironice,
1396 2525 1504 2556 neque
1543 2515 1614 2548 sine

915 2564 1095 2604 stomacho,
1111 2564 1271 2605 loquitur.

957 2617 997 2644 21
1025 2613 1135 2653 Cibus]
1160 2615 1314 2655 Namque
1332 2615 1359 2647 is
1375 2625 1494 2657 corpus
1511 2618 1613 2648 maxi-

916 2674 968 2697 me
982 2665 1105 2697 mulcet
1122 2669 1157 2697 ct
1174 2664 1292 2699 reficit.
