1877 3193
626 205 868 236 'ruis‘rmM
907 206 999 235 mu.
1032 206 1094 235 iv.
1118 194 1166 234 9.
1511 192 1627 233 ‘2419

168 301 231 345 Ut
251 300 470 356 Scythicis
489 300 681 342 habitem
704 301 831 352 longe
851 304 1093 350 summotus
1114 300 1159 339 in
1179 298 1282 347 oris,

224 370 443 422 Siccaque
464 369 549 409 sint
568 369 708 408 oculis
731 370 932 422 proxima
954 369 1079 420 signa
1098 369 1231 408 meis:

167 438 337 479 Nostra
354 451 432 490 per
453 437 687 476 immensas
709 438 830 476 ibunt
852 437 1074 489 praeconia
1095 439 1241 487 gentes
1259 447 1270 486 ;

175 546 177 549 ,
225 505 441 557 Quodque
463 516 635 556 querar,
656 509 818 553 notum,
841 516 926 556 qua
944 505 1067 555 patet
1086 501 1221 549 orbis,
1240 500 1337 540 erit.

168 571 257 613 Ibit
274 573 329 613 ad
350 585 574 620 oceasum,
596 571 800 624 quicquid
823 570 1033 619 dicemus,
1051 569 1107 609 ab
1129 570 1253 609 ortu:

222 640 369 681 Testis
389 645 432 680 et
455 638 684 691 Hesperiae
706 637 831 678 vocis
854 636 973 677 Eous
989 637 1082 677 erit.

165 706 309 748 Trans
326 719 404 759 ego
425 705 638 754 tellurem,
661 708 781 745 trans
802 705 915 745 latas
933 704 1089 745 audiar
1107 702 1252 743 undas
1270 716 1279 742 :

223 774 281 814 Et
300 775 485 826 gemitus
506 786 595 814 vox
616 777 683 813 est
703 785 859 826 magna
878 772 1023 812 futura
1041 771 1142 812 mei.

167 840 263 882 Nec
284 845 359 882 tua
381 846 422 882 te
443 844 611 881 sontem
635 838 935 880 tantummodo
959 838 1130 879 saecula
1147 836 1317 880 norint:
1569 834 1607 874 2.

223 908 459 962 Perpetuae
482 909 646 949 crimen
667 907 944 960 posteritatis
965 907 1069 947 eris.

164 976 192 1017 J
198 990 267 1018 am
288 976 399 1017 feror
419 977 464 1016 in
486 988 673 1029 pugnas,
694 979 739 1015 et
762 973 951 1014 nondum
975 985 1139 1014 cornua
1159 972 1312 1013 sumsi.

223 1044 323 1086 Nec
345 1045 447 1084 mihi
467 1043 664 1084 sumendi
686 1055 823 1083 causa
839 1043 894 1083 sit
914 1043 1003 1083 ulla
1024 1040 1170 1081 velim.

167 1111 322 1152 Circus
344 1111 485 1151 adhuc
508 1115 682 1151 cessat:
715 1110 885 1163 spargit
904 1114 1048 1150 tamen
1070 1121 1169 1149 acer
1190 1118 1367 1147 arenam

222 1178 411 1227 Taurus,
433 1182 475 1218 et
494 1177 651 1218 infesto
666 1178 759 1231 jam
783 1175 896 1229 pede
914 1176 1067 1228 pulsat
1086 1175 1282 1215 humum.
1569 1171 1626 1212 30

168 1245 271 1286 Hoc
293 1258 483 1298 quoque,
508 1256 643 1297 quam
661 1242 800 1291 volui,
823 1242 926 1295 plus
948 1246 1033 1282 est.
1066 1239 1204 1290 Cane,
1228 1238 1379 1288 Musa,
1401 1241 1625 1296 receptus3

223 1313 341 1354 Dum
362 1312 469 1353 licet
486 1312 587 1352 huic
607 1323 770 1352 nomen
791 1309 1071 1351 dissimulare
1093 1320 1233 1349 suum.

164 1444 261 1464 arma.
310 1432 458 1468 Quamvis
473 1432 584 1470 degam
595 1432 702 1472 procul
715 1432 873 1470 relegatus
887 1431 922 1462 in
948 1433 1051 1461 tractu
1076 1426 1232 1469 Scythico,
1253 1429 1283 1457 ct
1309 1426 1411 1457 sidera
1426 1424 1549 1455 arentia
1563 1423 1626 1454 sint

165 1477 264 1507 rit-inu
280 1476 354 1506 meis
368 1476 473 1514 oculis,
489 1478 602 1506 ποεῖν-α’
617 1475 722 1505 laudes
729 1474 877 1512 serentur
891 1483 946 1513 per
960 1473 1139 1503 innumeras
1152 1470 1303 1508 nationes,
1319 1473 1348 1499 et
1365 1469 1443 1507 quod
1458 1476 1627 1507 conquerar

162 1520 223 1549 crit
235 1519 403 1557 cognitum,
415 1528 473 1558 qua
485 1518 613 1548 mumius
624 1520 670 1547 est
680 1521 795 1547 vastus.
829 1516 983 1556 Quicquid
993 1515 1182 1555 proferemus
1192 1514 1351 1552 procurret
1363 1510 1400 1540 ab
1410 1513 1481 1540 ortu
1493 1511 1533 1539 ad
1543 1519 1627 1539 occa-

163 1572 229 1592 sum
241 1572 252 1598 ;
275 1566 305 1592 et
325 1561 438 1591 Oriens
453 1560 514 1589 erit
530 1559 667 1589 cnnscius
682 1559 750 1589 soni
767 1558 908 1589 Occidui.
941 1559 1011 1596 Ego
1021 1557 1132 1587 audiar
1143 1556 1228 1585 ultra
1240 1555 1408 1591 eerram‚et
1424 1552 1508 1582 ultra
1520 1555 1625 1582 vastas

165 1614 279 1644 aquus,-
302 1608 331 1634 et
348 1613 406 1633 rna·
422 1612 496 1632 meae
511 1601 712 1641 querimoniae
725 1601 788 1642 fiet
803 1601 922 1639 ingens.
969 1599 1076 1639 Neque
1101 1602 1155 1629 tua
1181 1601 1318 1637 tempora
1334 1598 1456 1625 tantum
1478 1594 1626 1625 sciverint

166 1651 196 1677 te
211 1656 314 1677 reum.-
337 1648 400 1676 eris
422 1644 568 1684 probrum
593 1647 718 1673 ‹eterna›
740 1644 948 1683 posteritatis.
993 1643 1069 1672 ιΙιιηι,
1084 1650 1162 1680 agor
1183 1641 1217 1671 in
1240 1637 1421 1674 certamina,
1448 1640 1478 1667 et
1494 1637 1627 1667 nondum

167 1688 254 1719 indui
269 1698 400 1718 cornua:
423 1690 514 1726 atque
530 1686 635 1717 malim
651 1687 735 1716 nulla
761 1686 804 1716 sit
830 1685 907 1716 mihi
922 1694 1012 1716 causa
1028 1683 1187 1715 induendi.
1236 1682 1346 1712 Circus
1359 1680 1458 1710 adhuc
1473 1680 1601 1719 quiescit
1616 1690 1625 1708 .-

169 1736 268 1761 mmen
284 1733 392 1760 tam-us
399 1729 496 1766 ferox
511 1729 626 1766 disjicit
641 1739 777 1767 arenam,
791 1729 896 1767 etjam
905 1728 988 1766 serit
1004 1731 1120 1759 terram
1132 1726 1210 1766 pede
1225 1725 1316 1755 irato.
1365 1722 1436 1754 Hoc
1451 1722 1544 1752 etiam
1558 1722 1626 1760 plus

168 1778 210 1803 <st
224 1783 314 1814 quam
326 1772 406 1803 volui
417 1783 427 1802 .·
451 1771 556 1812 Musa,
570 1781 643 1803 cane
658 1771 810 1813 receptui,
825 1772 970 1812 quamdiu
983 1770 1161 1802 conceditur
1177 1768 1249 1800 huic
1264 1770 1366 1806 tegere
1382 1774 1487 1797 nomen
1504 1774 1602 1796 suum.

782 1859 955 1871 omn-‘et
961 1859 1014 1870 ue·

169 1921 228 1952 pro
245 1914 274 1942 et
289 1910 382 1940 malit
398 1909 527 1940 in.—l7
553 1909 593 1940 R.
611 1913 645 1940 et
661 1909 777 1940 decem
797 1911 875 1940 Cum
891 1918 952 1949 pro
973 1910 1036 1940 Ut.-
1061 1906 1253 1949 quindecim
1271 1906 1371 1942 Quod.
1399 1905 1461 1935 Be.
1478 1904 1628 1939 Quamvis

168 1965 235 1985 cum
251 1954 284 1984 S.
301 1954 330 1984 Ιι.
351 1953 526 1983 submotus:
551 1957 586 1982 et
610 1952 700 1983 Mor.
726 1953 804 1982 Cum
824 1952 912 1990 longe
926 1951 1049 1981 S.—19
1072 1952 1134 1982 Be.
1160 1959 1291 1990 proecon.
1318 1949 1511 1978 terras—21
1538 1946 1626 1976 Edd.

167 2001 252 2028 vett.
278 1997 310 2026 in
335 2005 394 2036 pro
419 1996 469 2025 ud.
494 1995 582 2026 Dein
608 2004 650 2025 ex
678 1994 747 2025 Ma.
774 1993 935 2025 Ciofanus
962 1992 1094 2033 profert
1119 1992 1253 2023 dicemus
1283 2000 1344 2031 pro
1372 1989 1460 2027 vulg.
1482 1989 1625 2019 ‹liccem-.-

169 2038 514 2070 Leid.‹1ucemus.—23
538 2037 636 2068 Latus
654 2047 696 2068 ex
713 2041 857 2077 quatuor
873 2040 959 2067 vett.
985 2036 1099 2076 placet
1129 2035 1249 2065 Heius.
1276 2042 1346 2072 prae
1376 2031 1464 2071 vulg.
1490 2030 1628 2061 altus.—

166 2085 207 2113 24
232 2082 394 2120 Excerpt.
411 2080 510 2112 Voss.
537 2082 602 2111 altu
627 2089 688 2120 pro
715 2089 842 2118 magna,
867 2078 1081 2118 improbante
1098 2078 1298 2109 Burm.-25
1324 2073 1412 2106 Edd.
1430 2077 1514 2104 vett.
1554 2073 1626 2103 Non

170 2129 242 2154 suu.-
269 2123 387 2154 Heius.
402 2123 495 2155 malit
514 2123 661 2154 Ne.—27
688 2121 745 2153 Pr.
762 2123 803 2152 V.
822 2125 857 2152 et
883 2125 952 2152 tres
970 2121 1023 2151 alii
1039 2130 1135 2162 pugn.
1152 2119 1230 2150 mihi
1245 2128 1329 2148 corn.
1346 2117 1422 2147 Pol.
1440 2126 1491 2156 pr.
1507 2120 1542 2146 et
1558 2115 1625 2146 duo

169 2168 301 2197 nondum
316 2166 390 2196 mihi
401 2176 411 2196 :
434 2175 485 2206 pr.
501 2166 575 2197 Pal.
591 2169 620 2196 et
636 2175 693 2195 non
706 2165 781 2194 mihi
797 2175 808 2200 ,·
823 2164 884 2194 Be.
904 2165 956 2193 seu
972 2165 1202 2194 nondum—29
1221 2162 1278 2192 Pr.
1291 2161 1332 2190 V.
1349 2169 1398 2200 pr.
1412 2159 1488 2189 Pal.
1506 2163 1540 2189 ct
1557 2163 1626 2188 tres

170 2210 222 2240 ulli
237 2219 342 2248 spat-g.
360 2209 430 2247 jum
445 2211 550 2239 torvus
561 2210 733 2239 arem-30
758 2207 852 2238 Unus
866 2206 924 2238 lib.
940 2209 968 2236 et
985 2204 1111 2247 offenso,
1128 2205 1246 2235 Burm.
1270 2202 1356 2243 conj.
1374 2210 1435 2243 pro
1452 2199 1626 2239 insenso.—

169 2255 206 2284 31
235 2252 302 2283 Alii
319 2251 369 2282 Μ.
385 2260 529 2282 recessus.

831 2334 970 2366 NOTAE

966 2411 1005 2439 27
1032 2405 1170 2446 Cornua]
1194 2405 1234 2436 In
1252 2404 1372 2446 quibus
1389 2403 1491 2435 robur
1507 2401 1626 2441 Tauri,

171 2421 291 2453 qucum
308 2413 525 2454 compellere.

925 2459 977 2490 cui
996 2468 1070 2489 sese
1087 2466 1203 2497 parem
1221 2454 1303 2486 facit
1323 2454 1441 2485 Poe'ta.

215 2466 252 2493 18
285 2463 390 2504 Sicca]
425 2465 514 2496 Quia
541 2462 654 2500 Ursae,
679 2461 722 2492 de
746 2459 868 2501 quibus

167 2513 238 2550 jam
264 2514 398 2553 saepius,
423 2522 591 2553 nunquam
618 2512 757 2542 Oceano
782 2510 869 2550 tingi

172 2561 340 2601 videntur,
356 2574 427 2603 quae
445 2573 615 2604 nunquam
633 2561 806 2593 occidunt.

215 2613 256 2641 22
292 2611 468 2652 Hesperioe]
497 2614 601 2653 Mcae,
627 2623 701 2654 quae
728 2612 871 2643 hominis

173 2668 225 2691 cet
243 2660 323 2691 Itali
338 2665 372 2691 et
388 2661 419 2691 in
436 2663 588 2701 partibus
605 2663 756 2694 occiduis
774 2662 855 2693 uati.

216 2714 256 2741 23
290 2711 389 2741 Trans
419 2721 474 2751 ego
502 2713 654 2753 tellurem]
686 2713 869 2754 Magnifice

175 2761 351 2802 cmpressit.

967 2513 1009 2542 20
1035 2510 1157 2550 Cessat]
1180 2507 1339 2539 Nondum
1354 2504 1529 2537 commissa
1542 2512 1627 2543 pug-

924 2571 978 2592 na.

968 2609 1116 2651 Spargit]
1136 2607 1233 2639 Quod
1251 2607 1382 2646 signum
1397 2609 1448 2636 cst
1465 2603 1625 2642 furentis,

925 2669 1070 2698 moxque
1088 2659 1119 2687 iu
1144 2658 1275 2687 hostem
1300 2656 1463 2694 impetum
1488 2653 1624 2685 facturi.

927 2711 1001 2740 Hau
1029 2712 1140 2737 autom
1170 2706 1331 2744 anomala
1362 2714 1435 2736 sese
1463 2705 1555 2736 Naso
1583 2702 1624 2735 ad

927 2768 1070 2800 pugnaui
1090 2757 1335 2798 pau-austrinum
1352 2754 1513 2786 ostendit.
