<?xml version="1.0" encoding="UTF-8"?>
<!DOCTYPE html PUBLIC "-//W3C//DTD XHTML 1.0 Transitional//EN"
    "http://www.w3.org/TR/xhtml1/DTD/xhtml1-transitional.dtd">
<html xmlns="http://www.w3.org/1999/xhtml" xml:lang="en" lang="en">
 <head>
  <title>
</title>
<meta http-equiv="Content-Type" content="text/html;charset=utf-8" />
  <meta name='ocr-system' content='tesseract 3.04.00' />
  <meta name='ocr-capabilities' content='ocr_page ocr_carea ocr_par ocr_line ocrx_word'/>
</head>
<body>
  <div class='ocr_page' id='page_1' title='image "./operaomniaexedit05oviduoft/operaomniaexedit05oviduoft_0109.png"; bbox 0 0 1863 3193; ppageno 0'>
   <div class='ocr_carea' id='block_1_1' title="bbox 624 153 1633 194">
    <p class='ocr_par' dir='ltr' id='par_1_1' title="bbox 624 153 1633 194">
     <span class='ocr_line' id='line_1_1' title="bbox 624 153 1633 194; baseline 0.001 -1"><span class='ocrx_word' id='word_1_1' title='bbox 624 164 866 194; x_wconf 67' lang='lat' dir='ltr'>rms&#39;rium</span> <span class='ocrx_word' id='word_1_2' title='bbox 906 163 1000 194; x_wconf 71' lang='lat' dir='ltr'>mn.</span> <span class='ocrx_word' id='word_1_3' title='bbox 1034 165 1107 193; x_wconf 86' lang='grc' dir='ltr'><strong>ιιι.</strong></span> <span class='ocrx_word' id='word_1_4' title='bbox 1138 155 1179 193; x_wconf 76' lang='grc'>4.</span> <span class='ocrx_word' id='word_1_5' title='bbox 1522 153 1633 194; x_wconf 65' lang='lat'>:³:327</span> 
     </span>
    </p>
   </div>
   <div class='ocr_carea' id='block_1_2' title="bbox 177 240 1636 781">
    <p class='ocr_par' dir='ltr' id='par_1_2' title="bbox 177 240 1636 781">
     <span class='ocr_line' id='line_1_2' title="bbox 177 240 1350 311; baseline -0.001 -14"><span class='ocrx_word' id='word_1_6' title='bbox 177 240 236 297; x_wconf 82' lang='grc' dir='ltr'><strong>Ο</strong></span> <span class='ocrx_word' id='word_1_7' title='bbox 263 269 374 298; x_wconf 70' lang='lat' dir='ltr'>MIHI</span> <span class='ocrx_word' id='word_1_8' title='bbox 400 272 499 299; x_wconf 82' lang='lat' dir='ltr'>care</span> <span class='ocrx_word' id='word_1_9' title='bbox 521 257 696 310; x_wconf 90' lang='lat' dir='ltr'>quidem</span> <span class='ocrx_word' id='word_1_10' title='bbox 717 271 903 311; x_wconf 83' lang='lat' dir='ltr'><strong>semper,</strong></span> <span class='ocrx_word' id='word_1_11' title='bbox 926 257 1003 299; x_wconf 87' lang='lat' dir='ltr'>sed</span> <span class='ocrx_word' id='word_1_12' title='bbox 1023 261 1218 310; x_wconf 88' lang='lat' dir='ltr'>tempore</span> <span class='ocrx_word' id='word_1_13' title='bbox 1240 257 1350 297; x_wconf 86' lang='lat' dir='ltr'>duro</span> 
     </span>
     <span class='ocr_line' id='line_1_3' title="bbox 233 325 1221 378; baseline 0 -13"><span class='ocrx_word' id='word_1_14' title='bbox 233 325 429 378; x_wconf 82' lang='lat' dir='ltr'>Cognito,</span> <span class='ocrx_word' id='word_1_15' title='bbox 450 338 516 365; x_wconf 88' lang='lat' dir='ltr'>res</span> <span class='ocrx_word' id='word_1_16' title='bbox 538 330 774 376; x_wconf 83' lang='lat' dir='ltr'>postquam</span> <span class='ocrx_word' id='word_1_17' title='bbox 797 326 1066 377; x_wconf 83' lang='lat' dir='ltr'>procubuere</span> <span class='ocrx_word' id='word_1_18' title='bbox 1087 337 1221 375; x_wconf 83' lang='lat' dir='ltr'>meae3</span> 
     </span>
     <span class='ocr_line' id='line_1_4' title="bbox 183 391 1207 443; baseline 0 -11"><span class='ocrx_word' id='word_1_19' title='bbox 183 392 347 433; x_wconf 84' lang='lat' dir='ltr'>Usibus</span> <span class='ocrx_word' id='word_1_20' title='bbox 369 392 526 432; x_wconf 87' lang='lat' dir='ltr'>edocto</span> <span class='ocrx_word' id='word_1_21' title='bbox 551 391 588 430; x_wconf 87' lang='lat' dir='ltr'>si</span> <span class='ocrx_word' id='word_1_22' title='bbox 612 391 850 443; x_wconf 83' lang='lat' dir='ltr'>quicquam</span> <span class='ocrx_word' id='word_1_23' title='bbox 874 391 1016 432; x_wconf 87' lang='lat' dir='ltr'>credis</span> <span class='ocrx_word' id='word_1_24' title='bbox 1036 392 1207 441; x_wconf 85' lang='lat' dir='ltr'>amico;</span> 
     </span>
     <span class='ocr_line' id='line_1_5' title="bbox 233 458 1190 510; baseline -0.001 -11"><span class='ocrx_word' id='word_1_25' title='bbox 233 459 349 500; x_wconf 77' lang='lat' dir='ltr'>Vive</span> <span class='ocrx_word' id='word_1_26' title='bbox 371 459 465 507; x_wconf 86' lang='lat' dir='ltr'>tibi,</span> <span class='ocrx_word' id='word_1_27' title='bbox 490 461 531 498; x_wconf 88' lang='lat' dir='ltr'>et</span> <span class='ocrx_word' id='word_1_28' title='bbox 551 458 676 510; x_wconf 81' lang='lat' dir='ltr'>longe</span> <span class='ocrx_word' id='word_1_29' title='bbox 697 459 870 498; x_wconf 85' lang='lat' dir='ltr'>nomina</span> <span class='ocrx_word' id='word_1_30' title='bbox 890 471 1051 510; x_wconf 84' lang='lat' dir='ltr'>magna</span> <span class='ocrx_word' id='word_1_31' title='bbox 1072 458 1190 510; x_wconf 82' lang='lat' dir='ltr'>fuge.</span> 
     </span>
     <span class='ocr_line' id='line_1_6' title="bbox 177 524 1636 578; baseline -0.003 -12"><span class='ocrx_word' id='word_1_32' title='bbox 177 525 291 566; x_wconf 84' lang='lat' dir='ltr'><strong>Vive</strong></span> <span class='ocrx_word' id='word_1_33' title='bbox 313 527 404 575; x_wconf 89' lang='lat' dir='ltr'>tibi,</span> <span class='ocrx_word' id='word_1_34' title='bbox 426 528 725 578; x_wconf 82' lang='lat' dir='ltr'>quantumque</span> <span class='ocrx_word' id='word_1_35' title='bbox 746 529 877 577; x_wconf 90' lang='lat' dir='ltr'>potes</span> <span class='ocrx_word' id='word_1_36' title='bbox 898 524 1149 577; x_wconf 81' lang='lat' dir='ltr'>praelustria</span> <span class='ocrx_word' id='word_1_37' title='bbox 1170 525 1271 566; x_wconf 85' lang='lat' dir='ltr'>vita.</span> <span class='ocrx_word' id='word_1_38' title='bbox 1609 527 1636 562; x_wconf 69' lang='grc' dir='ltr'>ἴ»</span> 
     </span>
     <span class='ocr_line' id='line_1_7' title="bbox 233 592 1185 646; baseline -0.001 -13"><span class='ocrx_word' id='word_1_39' title='bbox 233 593 408 633; x_wconf 80' lang='lat' dir='ltr'>Saevum</span> <span class='ocrx_word' id='word_1_40' title='bbox 428 593 651 646; x_wconf 62' lang='lat' dir='ltr'>praelustri</span> <span class='ocrx_word' id='word_1_41' title='bbox 670 592 833 632; x_wconf 88' lang='lat' dir='ltr'>fulmen</span> <span class='ocrx_word' id='word_1_42' title='bbox 853 592 909 632; x_wconf 85' lang='lat' dir='ltr'>ab</span> <span class='ocrx_word' id='word_1_43' title='bbox 932 604 1031 632; x_wconf 81' lang='lat' dir='ltr'>arce</span> <span class='ocrx_word' id='word_1_44' title='bbox 1052 592 1185 632; x_wconf 84' lang='lat' dir='ltr'>venit.</span> 
     </span>
     <span class='ocr_line' id='line_1_8' title="bbox 178 659 1358 714; baseline -0.001 -14"><span class='ocrx_word' id='word_1_45' title='bbox 178 659 294 700; x_wconf 85' lang='lat' dir='ltr'>Nam</span> <span class='ocrx_word' id='word_1_46' title='bbox 317 672 566 712; x_wconf 80' lang='lat' dir='ltr'>quanquam</span> <span class='ocrx_word' id='word_1_47' title='bbox 588 660 670 701; x_wconf 91' lang='lat' dir='ltr'>soli</span> <span class='ocrx_word' id='word_1_48' title='bbox 692 662 883 712; x_wconf 83' lang='lat' dir='ltr'>possunt</span> <span class='ocrx_word' id='word_1_49' title='bbox 902 659 1109 714; x_wconf 85' lang='lat' dir='ltr'>prodesse</span> <span class='ocrx_word' id='word_1_50' title='bbox 1129 662 1328 712; x_wconf 85' lang='lat' dir='ltr'>potentes</span> <span class='ocrx_word' id='word_1_51' title='bbox 1347 673 1358 710; x_wconf 89' lang='grc'>;</span> 
     </span>
     <span class='ocr_line' id='line_1_9' title="bbox 233 726 1230 781; baseline 0.001 -15"><span class='ocrx_word' id='word_1_52' title='bbox 233 726 333 767; x_wconf 90' lang='lat' dir='ltr'>Non</span> <span class='ocrx_word' id='word_1_53' title='bbox 355 727 498 779; x_wconf 86' lang='lat' dir='ltr'>prosit</span> <span class='ocrx_word' id='word_1_54' title='bbox 515 729 679 781; x_wconf 88' lang='lat' dir='ltr'>potius,</span> <span class='ocrx_word' id='word_1_55' title='bbox 709 729 747 768; x_wconf 88' lang='lat' dir='ltr'>si</span> <span class='ocrx_word' id='word_1_56' title='bbox 768 728 866 780; x_wconf 87' lang='lat' dir='ltr'>quis</span> <span class='ocrx_word' id='word_1_57' title='bbox 888 728 1047 768; x_wconf 89' lang='lat' dir='ltr'>obesse</span> <span class='ocrx_word' id='word_1_58' title='bbox 1067 730 1230 779; x_wconf 80' lang='lat' dir='ltr'>potest.</span> 
     </span>
    </p>
   </div>
   <div class='ocr_carea' id='block_1_3' title="bbox 175 854 1637 1022">
    <p class='ocr_par' dir='ltr' id='par_1_3' title="bbox 175 854 1637 1022">
     <span class='ocr_line' id='line_1_10' title="bbox 221 854 1634 895; baseline 0 -14"><span class='ocrx_word' id='word_1_59' title='bbox 221 855 248 881; x_wconf 78' lang='lat'><em>0</em></span> <span class='ocrx_word' id='word_1_60' title='bbox 264 854 339 884; x_wconf 75' lang='lat' dir='ltr'>mihi</span> <span class='ocrx_word' id='word_1_61' title='bbox 364 856 483 895; x_wconf 79' lang='lat' dir='ltr'>quidem</span> <span class='ocrx_word' id='word_1_62' title='bbox 508 865 626 895; x_wconf 79' lang='lat' dir='ltr'>semper·</span> <span class='ocrx_word' id='word_1_63' title='bbox 642 855 764 893; x_wconf 78' lang='lat' dir='ltr'>dilecte,</span> <span class='ocrx_word' id='word_1_64' title='bbox 790 856 843 885; x_wconf 79' lang='lat' dir='ltr'>sed</span> <span class='ocrx_word' id='word_1_65' title='bbox 867 855 988 893; x_wconf 80' lang='lat' dir='ltr'>cognite</span> <span class='ocrx_word' id='word_1_66' title='bbox 1010 858 1142 893; x_wconf 80' lang='lat' dir='ltr'>tempore</span> <span class='ocrx_word' id='word_1_67' title='bbox 1159 854 1297 892; x_wconf 78' lang='lat' dir='ltr'>adverso,</span> <span class='ocrx_word' id='word_1_68' title='bbox 1322 856 1480 893; x_wconf 71' lang='lat' dir='ltr'>postquam</span> <span class='ocrx_word' id='word_1_69' title='bbox 1499 863 1545 884; x_wconf 71' lang='lat' dir='ltr'>res</span> <span class='ocrx_word' id='word_1_70' title='bbox 1562 863 1634 883; x_wconf 61' lang='lat' dir='ltr'>mem</span> 
     </span>
     <span class='ocr_line' id='line_1_11' title="bbox 175 896 1637 938; baseline 0.001 -13"><span class='ocrx_word' id='word_1_71' title='bbox 175 897 298 936; x_wconf 76' lang='lat' dir='ltr'>afflictae</span> <span class='ocrx_word' id='word_1_72' title='bbox 315 902 396 929; x_wconf 76' lang='lat' dir='ltr'>saemt.</span> <span class='ocrx_word' id='word_1_73' title='bbox 443 898 480 928; x_wconf 80' lang='lat' dir='ltr'>Si</span> <span class='ocrx_word' id='word_1_74' title='bbox 496 908 585 937; x_wconf 77' lang='lat' dir='ltr'>qnam</span> <span class='ocrx_word' id='word_1_75' title='bbox 600 897 701 938; x_wconf 79' lang='lat' dir='ltr'>fidem</span> <span class='ocrx_word' id='word_1_76' title='bbox 718 897 808 926; x_wconf 74' lang='lat' dir='ltr'>habes</span> <span class='ocrx_word' id='word_1_77' title='bbox 823 898 919 927; x_wconf 74' lang='lat' dir='ltr'>(unico</span> <span class='ocrx_word' id='word_1_78' title='bbox 936 896 1129 936; x_wconf 66' lang='lat' dir='ltr'>experientia</span> <span class='ocrx_word' id='word_1_79' title='bbox 1144 897 1302 934; x_wconf 74' lang='lat' dir='ltr'>instituto,</span> <span class='ocrx_word' id='word_1_80' title='bbox 1320 898 1386 926; x_wconf 74' lang='lat' dir='ltr'>rive</span> <span class='ocrx_word' id='word_1_81' title='bbox 1401 896 1473 935; x_wconf 75' lang='lat' dir='ltr'>tibi,</span> <span class='ocrx_word' id='word_1_82' title='bbox 1497 900 1526 925; x_wconf 80' lang='lat' dir='ltr'>et</span> <span class='ocrx_word' id='word_1_83' title='bbox 1546 899 1637 935; x_wconf 72' lang='lat' dir='ltr'>louge</span> 
     </span>
     <span class='ocr_line' id='line_1_12' title="bbox 175 938 1635 978; baseline 0.001 -11"><span class='ocrx_word' id='word_1_84' title='bbox 175 939 240 969; x_wconf 72' lang='lat' dir='ltr'>rita</span> <span class='ocrx_word' id='word_1_85' title='bbox 254 940 336 969; x_wconf 75' lang='lat' dir='ltr'>clara</span> <span class='ocrx_word' id='word_1_86' title='bbox 352 940 484 970; x_wconf 75' lang='lat' dir='ltr'>nomina.</span> <span class='ocrx_word' id='word_1_87' title='bbox 535 941 610 971; x_wconf 75' lang='lat' dir='ltr'>Vive</span> <span class='ocrx_word' id='word_1_88' title='bbox 625 939 696 977; x_wconf 79' lang='lat' dir='ltr'>tibi,</span> <span class='ocrx_word' id='word_1_89' title='bbox 711 939 828 977; x_wconf 71' lang='lat' dir='ltr'>etfnge</span> <span class='ocrx_word' id='word_1_90' title='bbox 844 939 1005 978; x_wconf 78' lang='lat' dir='ltr'>splendida</span> <span class='ocrx_word' id='word_1_91' title='bbox 1021 942 1168 978; x_wconf 74' lang='lat' dir='ltr'>quantum</span> <span class='ocrx_word' id='word_1_92' title='bbox 1187 942 1272 978; x_wconf 86' lang='lat' dir='ltr'>potes</span> <span class='ocrx_word' id='word_1_93' title='bbox 1285 949 1294 967; x_wconf 86' lang='lat'><em>:</em></span> <span class='ocrx_word' id='word_1_94' title='bbox 1311 938 1417 975; x_wconf 79' lang='lat' dir='ltr'>serum</span> <span class='ocrx_word' id='word_1_95' title='bbox 1426 938 1549 976; x_wconf 79' lang='lat' dir='ltr'>fulmen</span> <span class='ocrx_word' id='word_1_96' title='bbox 1564 940 1635 968; x_wconf 80' lang='lat' dir='ltr'>mit-</span> 
     </span>
     <span class='ocr_line' id='line_1_13' title="bbox 176 981 1637 1022; baseline 0.001 -12"><span class='ocrx_word' id='word_1_97' title='bbox 176 982 255 1011; x_wconf 78' lang='lat' dir='ltr'>titur</span> <span class='ocrx_word' id='word_1_98' title='bbox 269 982 306 1012; x_wconf 81' lang='lat' dir='ltr'>ab</span> <span class='ocrx_word' id='word_1_99' title='bbox 322 993 391 1013; x_wconf 77' lang='lat' dir='ltr'>arce</span> <span class='ocrx_word' id='word_1_100' title='bbox 406 993 540 1013; x_wconf 76' lang='lat' dir='ltr'>corusca.</span> <span class='ocrx_word' id='word_1_101' title='bbox 589 984 670 1012; x_wconf 70' lang='lat' dir='ltr'>Num</span> <span class='ocrx_word' id='word_1_102' title='bbox 686 982 810 1012; x_wconf 76' lang='lat' dir='ltr'>tametsi</span> <span class='ocrx_word' id='word_1_103' title='bbox 826 982 882 1011; x_wconf 72' lang='lat' dir='ltr'>soli</span> <span class='ocrx_word' id='word_1_104' title='bbox 906 985 1045 1022; x_wconf 78' lang='lat' dir='ltr'>potentes</span> <span class='ocrx_word' id='word_1_105' title='bbox 1056 984 1183 1021; x_wconf 85' lang='lat' dir='ltr'>possunt</span> <span class='ocrx_word' id='word_1_106' title='bbox 1198 981 1322 1021; x_wconf 75' lang='lat' dir='ltr'>juvare,</span> <span class='ocrx_word' id='word_1_107' title='bbox 1344 991 1403 1011; x_wconf 78' lang='lat' dir='ltr'>non</span> <span class='ocrx_word' id='word_1_108' title='bbox 1410 981 1501 1019; x_wconf 80' lang='lat' dir='ltr'>juvet</span> <span class='ocrx_word' id='word_1_109' title='bbox 1527 981 1554 1011; x_wconf 71' lang='lat' dir='ltr'>si</span> <span class='ocrx_word' id='word_1_110' title='bbox 1569 983 1637 1020; x_wconf 75' lang='lat' dir='ltr'>quis</span> 
     </span>
    </p>
   </div>
   <div class='ocr_carea' id='block_1_4' title="bbox 785 1071 1015 1082">
    <p class='ocr_par' dir='ltr' id='par_1_4' title="bbox 785 1071 1015 1082">
     <span class='ocr_line' id='line_1_14' title="bbox 785 1071 1015 1082; baseline 0.004 -1"><span class='ocrx_word' id='word_1_111' title='bbox 785 1072 802 1081; x_wconf 64' lang='grc' dir='ltr'><em>ο</em></span> <span class='ocrx_word' id='word_1_112' title='bbox 806 1071 955 1082; x_wconf 50' lang='lat' dir='ltr'>,tert-etv</span> <span class='ocrx_word' id='word_1_113' title='bbox 961 1072 1015 1082; x_wconf 63' lang='lat' dir='ltr'>ree</span> 
     </span>
    </p>
   </div>
   <div class='ocr_carea' id='block_1_5' title="bbox 172 1132 1640 2320">
    <p class='ocr_par' dir='ltr' id='par_1_5' title="bbox 172 1132 1640 2320">
     <span class='ocr_line' id='line_1_15' title="bbox 220 1132 1636 1175; baseline 0 -9"><span class='ocrx_word' id='word_1_114' title='bbox 220 1137 239 1166; x_wconf 83' lang='lat'>2</span> <span class='ocrx_word' id='word_1_115' title='bbox 262 1135 342 1167; x_wconf 82' lang='lat' dir='ltr'>Jun.</span> <span class='ocrx_word' id='word_1_116' title='bbox 357 1139 453 1175; x_wconf 82' lang='lat' dir='ltr'>postq.</span> <span class='ocrx_word' id='word_1_117' title='bbox 469 1135 649 1165; x_wconf 79' lang='lat' dir='ltr'>succubuere</span> <span class='ocrx_word' id='word_1_118' title='bbox 666 1137 819 1164; x_wconf 52' lang='lat' dir='ltr'>mean—3</span> <span class='ocrx_word' id='word_1_119' title='bbox 844 1134 904 1162; x_wconf 87' lang='lat' dir='ltr'>Be.</span> <span class='ocrx_word' id='word_1_120' title='bbox 927 1132 1072 1163; x_wconf 82' lang='lat' dir='ltr'>Versibus</span> <span class='ocrx_word' id='word_1_121' title='bbox 1098 1133 1260 1164; x_wconf 59' lang='lat' dir='ltr'>erioch—G</span> <span class='ocrx_word' id='word_1_122' title='bbox 1281 1132 1384 1164; x_wconf 84' lang='lat' dir='ltr'>Multi</span> <span class='ocrx_word' id='word_1_123' title='bbox 1401 1137 1486 1165; x_wconf 84' lang='lat' dir='ltr'>vett.</span> <span class='ocrx_word' id='word_1_124' title='bbox 1501 1135 1539 1164; x_wconf 77' lang='lat' dir='ltr'>ab</span> <span class='ocrx_word' id='word_1_125' title='bbox 1564 1137 1636 1174; x_wconf 73' lang='lat' dir='ltr'>igne</span> 
     </span>
     <span class='ocr_line' id='line_1_16' title="bbox 177 1174 1636 1217; baseline 0 -10"><span class='ocrx_word' id='word_1_126' title='bbox 177 1187 245 1208; x_wconf 77' lang='lat' dir='ltr'>ren.</span> <span class='ocrx_word' id='word_1_127' title='bbox 261 1182 296 1208; x_wconf 90' lang='lat' dir='ltr'>et</span> <span class='ocrx_word' id='word_1_128' title='bbox 311 1178 391 1209; x_wconf 84' lang='lat' dir='ltr'>Jun.</span> <span class='ocrx_word' id='word_1_129' title='bbox 407 1178 567 1209; x_wconf 60' lang='lat' dir='ltr'>hosta-7</span> <span class='ocrx_word' id='word_1_130' title='bbox 594 1177 669 1207; x_wconf 87' lang='lat' dir='ltr'>Lib.</span> <span class='ocrx_word' id='word_1_131' title='bbox 693 1176 806 1206; x_wconf 86' lang='lat' dir='ltr'>Vatic.</span> <span class='ocrx_word' id='word_1_132' title='bbox 831 1174 967 1213; x_wconf 85' lang='lat' dir='ltr'>habent,</span> <span class='ocrx_word' id='word_1_133' title='bbox 992 1175 1063 1205; x_wconf 80' lang='lat' dir='ltr'>Non</span> <span class='ocrx_word' id='word_1_134' title='bbox 1086 1175 1189 1215; x_wconf 81' lang='lat' dir='ltr'>potius</span> <span class='ocrx_word' id='word_1_135' title='bbox 1210 1176 1345 1215; x_wconf 77' lang='lat' dir='ltr'>prodest,</span> <span class='ocrx_word' id='word_1_136' title='bbox 1360 1176 1457 1215; x_wconf 76' lang='lat' dir='ltr'>siquis</span> <span class='ocrx_word' id='word_1_137' title='bbox 1470 1176 1570 1208; x_wconf 80' lang='lat' dir='ltr'>obesse</span> <span class='ocrx_word' id='word_1_138' title='bbox 1583 1188 1636 1217; x_wconf 75' lang='lat' dir='ltr'>pu-</span> 
     </span>
     <span class='ocr_line' id='line_1_17' title="bbox 177 1216 1636 1259; baseline 0 -10"><span class='ocrx_word' id='word_1_139' title='bbox 177 1223 259 1251; x_wconf 81' lang='lat' dir='ltr'>test:</span> <span class='ocrx_word' id='word_1_140' title='bbox 283 1220 338 1250; x_wconf 88' lang='lat' dir='ltr'>alii</span> <span class='ocrx_word' id='word_1_141' title='bbox 352 1220 504 1259; x_wconf 80' lang='lat' dir='ltr'>impressi</span> <span class='ocrx_word' id='word_1_142' title='bbox 528 1224 563 1249; x_wconf 92' lang='lat' dir='ltr'>et</span> <span class='ocrx_word' id='word_1_143' title='bbox 576 1217 709 1256; x_wconf 80' lang='lat' dir='ltr'>Maffei,</span> <span class='ocrx_word' id='word_1_144' title='bbox 727 1217 799 1247; x_wconf 88' lang='lat' dir='ltr'>Non</span> <span class='ocrx_word' id='word_1_145' title='bbox 818 1216 919 1256; x_wconf 79' lang='lat' dir='ltr'>prosit</span> <span class='ocrx_word' id='word_1_146' title='bbox 932 1217 1049 1256; x_wconf 79' lang='lat' dir='ltr'>potius,</span> <span class='ocrx_word' id='word_1_147' title='bbox 1065 1218 1118 1257; x_wconf 63' lang='lat' dir='ltr'>&amp;c-</span> <span class='ocrx_word' id='word_1_148' title='bbox 1142 1217 1274 1248; x_wconf 85' lang='lat' dir='ltr'>Ciofan.</span> <span class='ocrx_word' id='word_1_149' title='bbox 1298 1218 1479 1249; x_wconf 81' lang='lat' dir='ltr'>Disticlion</span> <span class='ocrx_word' id='word_1_150' title='bbox 1495 1219 1558 1249; x_wconf 84' lang='lat' dir='ltr'>hoc</span> <span class='ocrx_word' id='word_1_151' title='bbox 1577 1230 1636 1250; x_wconf 87' lang='lat' dir='ltr'>uu-</span> 
     </span>
     <span class='ocr_line' id='line_1_18' title="bbox 178 1258 1636 1302; baseline 0 -10"><span class='ocrx_word' id='word_1_152' title='bbox 178 1262 304 1302; x_wconf 78' lang='lat' dir='ltr'>gatoris</span> <span class='ocrx_word' id='word_1_153' title='bbox 322 1262 463 1301; x_wconf 88' lang='lat' dir='ltr'>alicujus</span> <span class='ocrx_word' id='word_1_154' title='bbox 481 1265 545 1299; x_wconf 82' lang='lat' dir='ltr'>est,</span> <span class='ocrx_word' id='word_1_155' title='bbox 563 1270 629 1290; x_wconf 90' lang='lat' dir='ltr'>non</span> <span class='ocrx_word' id='word_1_156' title='bbox 646 1259 805 1290; x_wconf 83' lang='lat' dir='ltr'>Nasonis.</span> <span class='ocrx_word' id='word_1_157' title='bbox 832 1258 1002 1289; x_wconf 84' lang='lat' dir='ltr'>Henricus</span> <span class='ocrx_word' id='word_1_158' title='bbox 1017 1260 1210 1300; x_wconf 85' lang='lat' dir='ltr'>Stephanus</span> <span class='ocrx_word' id='word_1_159' title='bbox 1226 1259 1480 1291; x_wconf 88' lang='lat' dir='ltr'>Animadversis</span> <span class='ocrx_word' id='word_1_160' title='bbox 1495 1261 1527 1291; x_wconf 91' lang='lat' dir='ltr'>in</span> <span class='ocrx_word' id='word_1_161' title='bbox 1544 1261 1636 1292; x_wconf 76' lang='lat' dir='ltr'><strong>Ada-</strong></span> 
     </span>
     <span class='ocr_line' id='line_1_19' title="bbox 177 1300 1634 1343; baseline 0 -8"><span class='ocrx_word' id='word_1_162' title='bbox 177 1305 268 1343; x_wconf 84' lang='lat' dir='ltr'>gium</span> <span class='ocrx_word' id='word_1_163' title='bbox 286 1304 427 1342; x_wconf 82' lang='lat' dir='ltr'>Erasmi,</span> <span class='ocrx_word' id='word_1_164' title='bbox 441 1304 450 1320; x_wconf 82' lang='lat'>‘</span> <span class='ocrx_word' id='word_1_165' title='bbox 467 1303 591 1334; x_wconf 88' lang='lat' dir='ltr'>Procul</span> <span class='ocrx_word' id='word_1_166' title='bbox 610 1312 628 1333; x_wconf 89' lang='lat' dir='ltr'>a</span> <span class='ocrx_word' id='word_1_167' title='bbox 643 1303 731 1335; x_wconf 86' lang='lat' dir='ltr'>Jove</span> <span class='ocrx_word' id='word_1_168' title='bbox 748 1306 783 1332; x_wconf 86' lang='lat' dir='ltr'>et</span> <span class='ocrx_word' id='word_1_169' title='bbox 800 1300 963 1341; x_wconf 73' lang='lat' dir='ltr'>fulmine-‚³</span> <span class='ocrx_word' id='word_1_170' title='bbox 975 1302 1087 1342; x_wconf 85' lang='lat' dir='ltr'>ejecto</span> <span class='ocrx_word' id='word_1_171' title='bbox 1103 1307 1319 1342; x_wconf 82' lang='lat' dir='ltr'>pentametro</span> <span class='ocrx_word' id='word_1_172' title='bbox 1335 1304 1406 1341; x_wconf 80' lang='lat' dir='ltr'>illo,</span> <span class='ocrx_word' id='word_1_173' title='bbox 1422 1304 1477 1343; x_wconf 87' lang='lat' dir='ltr'>qui</span> <span class='ocrx_word' id='word_1_174' title='bbox 1489 1305 1634 1343; x_wconf 79' lang='lat' dir='ltr'>codices,</span> 
     </span>
     <span class='ocr_line' id='line_1_20' title="bbox 177 1345 1637 1387; baseline 0.001 -11"><span class='ocrx_word' id='word_1_175' title='bbox 177 1356 241 1387; x_wconf 87' lang='lat' dir='ltr'>qua</span> <span class='ocrx_word' id='word_1_176' title='bbox 258 1346 403 1386; x_wconf 82' lang='lat' dir='ltr'>scriptos</span> <span class='ocrx_word' id='word_1_177' title='bbox 421 1355 487 1386; x_wconf 89' lang='lat' dir='ltr'>qua</span> <span class='ocrx_word' id='word_1_178' title='bbox 503 1345 627 1384; x_wconf 90' lang='lat' dir='ltr'>editos,</span> <span class='ocrx_word' id='word_1_179' title='bbox 643 1345 835 1385; x_wconf 74' lang='lat' dir='ltr'>complures</span> <span class='ocrx_word' id='word_1_180' title='bbox 852 1345 1054 1385; x_wconf 85' lang='lat' dir='ltr'>occupavit;</span> <span class='ocrx_word' id='word_1_181' title='bbox 1090 1346 1162 1376; x_wconf 82' lang='lat' dir='ltr'>Non</span> <span class='ocrx_word' id='word_1_182' title='bbox 1179 1349 1306 1386; x_wconf 78' lang='lat' dir='ltr'>prosunt</span> <span class='ocrx_word' id='word_1_183' title='bbox 1321 1357 1329 1376; x_wconf 89' lang='lat'><em>:</em></span> <span class='ocrx_word' id='word_1_184' title='bbox 1353 1346 1456 1386; x_wconf 78' lang='lat' dir='ltr'>potius</span> <span class='ocrx_word' id='word_1_185' title='bbox 1469 1348 1637 1387; x_wconf 79' lang='lat' dir='ltr'>plurimum</span> 
     </span>
     <span class='ocr_line' id='line_1_21' title="bbox 175 1387 1636 1429; baseline 0.001 -11"><span class='ocrx_word' id='word_1_186' title='bbox 175 1389 275 1420; x_wconf 80' lang='lat' dir='ltr'>obesse</span> <span class='ocrx_word' id='word_1_187' title='bbox 289 1390 398 1427; x_wconf 85' lang='lat' dir='ltr'>solent,</span> <span class='ocrx_word' id='word_1_188' title='bbox 414 1388 548 1429; x_wconf 85' lang='lat' dir='ltr'>reponit</span> <span class='ocrx_word' id='word_1_189' title='bbox 566 1388 657 1418; x_wconf 89' lang='lat' dir='ltr'>illum</span> <span class='ocrx_word' id='word_1_190' title='bbox 674 1398 715 1419; x_wconf 90' lang='lat' dir='ltr'>ex</span> <span class='ocrx_word' id='word_1_191' title='bbox 733 1387 928 1418; x_wconf 87' lang='lat' dir='ltr'>melioribus</span> <span class='ocrx_word' id='word_1_192' title='bbox 944 1387 1037 1419; x_wconf 89' lang='lat' dir='ltr'>libris</span> <span class='ocrx_word' id='word_1_193' title='bbox 1053 1399 1060 1418; x_wconf 91' lang='lat'>:</span> <span class='ocrx_word' id='word_1_194' title='bbox 1087 1389 1159 1419; x_wconf 83' lang='lat' dir='ltr'>Non</span> <span class='ocrx_word' id='word_1_195' title='bbox 1174 1390 1271 1428; x_wconf 80' lang='lat' dir='ltr'>prosit</span> <span class='ocrx_word' id='word_1_196' title='bbox 1282 1390 1398 1429; x_wconf 80' lang='lat' dir='ltr'>polius,</span> <span class='ocrx_word' id='word_1_197' title='bbox 1413 1389 1439 1419; x_wconf 81' lang='lat' dir='ltr'>si</span> <span class='ocrx_word' id='word_1_198' title='bbox 1454 1390 1521 1429; x_wconf 81' lang='lat' dir='ltr'>quis</span> <span class='ocrx_word' id='word_1_199' title='bbox 1536 1390 1636 1420; x_wconf 63' lang='lat' dir='ltr'>obesse</span> 
     </span>
     <span class='ocr_line' id='line_1_22' title="bbox 172 1429 1635 1472; baseline 0.001 -10"><span class='ocrx_word' id='word_1_200' title='bbox 172 1434 291 1471; x_wconf 76' lang='lat' dir='ltr'>potest.-</span> <span class='ocrx_word' id='word_1_201' title='bbox 316 1436 411 1462; x_wconf 88' lang='lat' dir='ltr'>recte</span> <span class='ocrx_word' id='word_1_202' title='bbox 434 1431 460 1461; x_wconf 90' lang='lat' dir='ltr'>is</span> <span class='ocrx_word' id='word_1_203' title='bbox 488 1431 520 1461; x_wconf 89' lang='lat' dir='ltr'>id</span> <span class='ocrx_word' id='word_1_204' title='bbox 548 1431 705 1472; x_wconf 81' lang='lat' dir='ltr'>quidem3</span> <span class='ocrx_word' id='word_1_205' title='bbox 739 1429 798 1460; x_wconf 90' lang='lat' dir='ltr'>sed</span> <span class='ocrx_word' id='word_1_206' title='bbox 820 1439 883 1460; x_wconf 90' lang='lat' dir='ltr'>nec</span> <span class='ocrx_word' id='word_1_207' title='bbox 898 1430 946 1461; x_wconf 82' lang='lat' dir='ltr'>sic</span> <span class='ocrx_word' id='word_1_208' title='bbox 963 1431 1134 1461; x_wconf 83' lang='lat' dir='ltr'>Nasonem</span> <span class='ocrx_word' id='word_1_209' title='bbox 1153 1432 1186 1461; x_wconf 91' lang='lat' dir='ltr'>in</span> <span class='ocrx_word' id='word_1_210' title='bbox 1201 1431 1291 1462; x_wconf 82' lang='lat' dir='ltr'>bisce</span> <span class='ocrx_word' id='word_1_211' title='bbox 1308 1432 1461 1462; x_wconf 87' lang='lat' dir='ltr'>versibus</span> <span class='ocrx_word' id='word_1_212' title='bbox 1479 1441 1635 1472; x_wconf 85' lang='lat' dir='ltr'>agnosco.</span> 
     </span>
     <span class='ocr_line' id='line_1_23' title="bbox 177 1471 1634 1513; baseline 0.001 -9"><span class='ocrx_word' id='word_1_213' title='bbox 177 1474 292 1505; x_wconf 78' lang='lat' dir='ltr'>Heius.</span> <span class='ocrx_word' id='word_1_214' title='bbox 328 1474 404 1504; x_wconf 86' lang='lat' dir='ltr'>Non</span> <span class='ocrx_word' id='word_1_215' title='bbox 420 1478 487 1504; x_wconf 83' lang='lat' dir='ltr'>tam</span> <span class='ocrx_word' id='word_1_216' title='bbox 506 1473 613 1504; x_wconf 88' lang='lat' dir='ltr'>facilis</span> <span class='ocrx_word' id='word_1_217' title='bbox 629 1473 662 1503; x_wconf 87' lang='lat' dir='ltr'>in</span> <span class='ocrx_word' id='word_1_218' title='bbox 676 1473 774 1503; x_wconf 84' lang='lat' dir='ltr'>obelo</span> <span class='ocrx_word' id='word_1_219' title='bbox 792 1471 1002 1512; x_wconf 82' lang='lat' dir='ltr'>configendis</span> <span class='ocrx_word' id='word_1_220' title='bbox 1019 1473 1172 1503; x_wconf 85' lang='lat' dir='ltr'>versibus</span> <span class='ocrx_word' id='word_1_221' title='bbox 1201 1483 1275 1504; x_wconf 88' lang='lat' dir='ltr'>esse</span> <span class='ocrx_word' id='word_1_222' title='bbox 1293 1484 1438 1513; x_wconf 89' lang='lat' dir='ltr'>possum,</span> <span class='ocrx_word' id='word_1_223' title='bbox 1454 1484 1517 1505; x_wconf 91' lang='lat' dir='ltr'>nec</span> <span class='ocrx_word' id='word_1_224' title='bbox 1535 1475 1634 1505; x_wconf 77' lang='lat' dir='ltr'>video</span> 
     </span>
     <span class='ocr_line' id='line_1_24' title="bbox 175 1515 1636 1557; baseline 0 -11"><span class='ocrx_word' id='word_1_225' title='bbox 175 1516 256 1557; x_wconf 87' lang='lat' dir='ltr'>quid</span> <span class='ocrx_word' id='word_1_226' title='bbox 282 1515 464 1547; x_wconf 85' lang='lat' dir='ltr'>offenderit</span> <span class='ocrx_word' id='word_1_227' title='bbox 494 1516 684 1554; x_wconf 85' lang='lat' dir='ltr'>Heinsium,</span> <span class='ocrx_word' id='word_1_228' title='bbox 712 1515 903 1555; x_wconf 80' lang='lat' dir='ltr'>praesertim</span> <span class='ocrx_word' id='word_1_229' title='bbox 929 1515 955 1545; x_wconf 79' lang='lat' dir='ltr'>si</span> <span class='ocrx_word' id='word_1_230' title='bbox 988 1520 1083 1546; x_wconf 90' lang='lat' dir='ltr'>recta</span> <span class='ocrx_word' id='word_1_231' title='bbox 1111 1516 1296 1556; x_wconf 80' lang='lat' dir='ltr'>recipiatur</span> <span class='ocrx_word' id='word_1_232' title='bbox 1321 1517 1438 1554; x_wconf 77' lang='lat' dir='ltr'>lectio,</span> <span class='ocrx_word' id='word_1_233' title='bbox 1470 1526 1569 1557; x_wconf 84' lang='lat' dir='ltr'>quam</span> <span class='ocrx_word' id='word_1_234' title='bbox 1600 1524 1636 1547; x_wconf 80' lang='lat' dir='ltr'>et</span> 
     </span>
     <span class='ocr_line' id='line_1_25' title="bbox 177 1557 1635 1598; baseline -0.001 -9"><span class='ocrx_word' id='word_1_235' title='bbox 177 1557 474 1590; x_wconf 85' lang='lat' dir='ltr'>Francofnrtensis</span> <span class='ocrx_word' id='word_1_236' title='bbox 491 1562 525 1588; x_wconf 89' lang='lat' dir='ltr'>et</span> <span class='ocrx_word' id='word_1_237' title='bbox 543 1558 678 1598; x_wconf 84' lang='lat' dir='ltr'>plurimi</span> <span class='ocrx_word' id='word_1_238' title='bbox 694 1562 893 1597; x_wconf 74' lang='lat' dir='ltr'>agnoscunt,</span> <span class='ocrx_word' id='word_1_239' title='bbox 910 1561 945 1588; x_wconf 87' lang='lat' dir='ltr'>et</span> <span class='ocrx_word' id='word_1_240' title='bbox 961 1567 1060 1598; x_wconf 89' lang='lat' dir='ltr'>quam</span> <span class='ocrx_word' id='word_1_241' title='bbox 1078 1558 1184 1588; x_wconf 87' lang='lat' dir='ltr'>Aldus</span> <span class='ocrx_word' id='word_1_242' title='bbox 1202 1563 1237 1589; x_wconf 92' lang='lat' dir='ltr'>et</span> <span class='ocrx_word' id='word_1_243' title='bbox 1250 1559 1479 1589; x_wconf 81' lang='lat' dir='ltr'>Bersmannus</span> <span class='ocrx_word' id='word_1_244' title='bbox 1496 1559 1635 1590; x_wconf 83' lang='lat' dir='ltr'>liabent.</span> 
     </span>
     <span class='ocr_line' id='line_1_26' title="bbox 176 1599 1636 1640; baseline 0 -8"><span class='ocrx_word' id='word_1_245' title='bbox 176 1601 300 1632; x_wconf 85' lang='lat' dir='ltr'>Sensus</span> <span class='ocrx_word' id='word_1_246' title='bbox 328 1601 428 1632; x_wconf 84' lang='lat' dir='ltr'>etiam</span> <span class='ocrx_word' id='word_1_247' title='bbox 457 1601 682 1638; x_wconf 82' lang='lat' dir='ltr'>clarissimus;</span> <span class='ocrx_word' id='word_1_248' title='bbox 721 1600 803 1631; x_wconf 88' lang='lat' dir='ltr'>licet</span> <span class='ocrx_word' id='word_1_249' title='bbox 829 1600 890 1630; x_wconf 84' lang='lat' dir='ltr'>soli</span> <span class='ocrx_word' id='word_1_250' title='bbox 921 1605 1076 1640; x_wconf 88' lang='lat' dir='ltr'>potentes</span> <span class='ocrx_word' id='word_1_251' title='bbox 1092 1599 1257 1631; x_wconf 82' lang='lat' dir='ltr'>beneficia</span> <span class='ocrx_word' id='word_1_252' title='bbox 1272 1606 1307 1631; x_wconf 88' lang='lat' dir='ltr'>et</span> <span class='ocrx_word' id='word_1_253' title='bbox 1323 1611 1464 1632; x_wconf 88' lang='lat' dir='ltr'>munera</span> <span class='ocrx_word' id='word_1_254' title='bbox 1481 1601 1636 1633; x_wconf 84' lang='lat' dir='ltr'>conferre</span> 
     </span>
     <span class='ocr_line' id='line_1_27' title="bbox 179 1642 1640 1684; baseline 0 -10"><span class='ocrx_word' id='word_1_255' title='bbox 179 1644 319 1682; x_wconf 87' lang='lat' dir='ltr'>possint,</span> <span class='ocrx_word' id='word_1_256' title='bbox 341 1653 458 1674; x_wconf 90' lang='lat' dir='ltr'>careas</span> <span class='ocrx_word' id='word_1_257' title='bbox 485 1644 596 1683; x_wconf 88' lang='lat' dir='ltr'>potius</span> <span class='ocrx_word' id='word_1_258' title='bbox 612 1643 744 1673; x_wconf 85' lang='lat' dir='ltr'>illorum</span> <span class='ocrx_word' id='word_1_259' title='bbox 762 1642 924 1682; x_wconf 89' lang='lat' dir='ltr'>amicitia,</span> <span class='ocrx_word' id='word_1_260' title='bbox 940 1643 1018 1683; x_wconf 80' lang='lat' dir='ltr'>quia</span> <span class='ocrx_word' id='word_1_261' title='bbox 1035 1648 1070 1674; x_wconf 91' lang='lat' dir='ltr'>et</span> <span class='ocrx_word' id='word_1_262' title='bbox 1092 1652 1216 1674; x_wconf 84' lang='lat' dir='ltr'>nocere</span> <span class='ocrx_word' id='word_1_263' title='bbox 1234 1649 1384 1684; x_wconf 84' lang='lat' dir='ltr'>possunt.</span> <span class='ocrx_word' id='word_1_264' title='bbox 1431 1643 1484 1674; x_wconf 86' lang='lat' dir='ltr'>An</span> <span class='ocrx_word' id='word_1_265' title='bbox 1499 1648 1640 1683; x_wconf 66' lang='lat' dir='ltr'>potentes</span> 
     </span>
     <span class='ocr_line' id='line_1_28' title="bbox 179 1685 1635 1726; baseline 0.002 -12"><span class='ocrx_word' id='word_1_266' title='bbox 179 1685 378 1724; x_wconf 83' lang='lat' dir='ltr'>simpliciter</span> <span class='ocrx_word' id='word_1_267' title='bbox 406 1686 566 1725; x_wconf 76' lang='lat' dir='ltr'>positum,</span> <span class='ocrx_word' id='word_1_268' title='bbox 589 1694 800 1726; x_wconf 82' lang='lat' dir='ltr'>concoquere</span> <span class='ocrx_word' id='word_1_269' title='bbox 829 1694 895 1715; x_wconf 89' lang='lat' dir='ltr'>non</span> <span class='ocrx_word' id='word_1_270' title='bbox 923 1685 1033 1725; x_wconf 78' lang='lat' dir='ltr'>potuit</span> <span class='ocrx_word' id='word_1_271' title='bbox 1054 1686 1063 1715; x_wconf 88' lang='lat'><em>?</em></span> <span class='ocrx_word' id='word_1_272' title='bbox 1102 1685 1190 1726; x_wconf 87' lang='lat' dir='ltr'>quod</span> <span class='ocrx_word' id='word_1_273' title='bbox 1218 1686 1360 1717; x_wconf 83' lang='lat' dir='ltr'>barbare</span> <span class='ocrx_word' id='word_1_274' title='bbox 1387 1686 1455 1716; x_wconf 80' lang='lat' dir='ltr'>dici</span> <span class='ocrx_word' id='word_1_275' title='bbox 1472 1686 1635 1717; x_wconf 67' lang='lat' dir='ltr'>credebat</span> 
     </span>
     <span class='ocr_line' id='line_1_29' title="bbox 178 1727 1636 1769; baseline 0.002 -12"><span class='ocrx_word' id='word_1_276' title='bbox 178 1727 338 1757; x_wconf 85' lang='lat' dir='ltr'>Barthius</span> <span class='ocrx_word' id='word_1_277' title='bbox 355 1727 394 1757; x_wconf 86' lang='lat' dir='ltr'>ad</span> <span class='ocrx_word' id='word_1_278' title='bbox 415 1728 545 1760; x_wconf 84' lang='lat' dir='ltr'>Briton.</span> <span class='ocrx_word' id='word_1_279' title='bbox 570 1737 609 1759; x_wconf 85' lang='lat'>11.</span> <span class='ocrx_word' id='word_1_280' title='bbox 635 1731 708 1759; x_wconf 82' lang='lat'>516.</span> <span class='ocrx_word' id='word_1_281' title='bbox 732 1727 791 1758; x_wconf 89' lang='lat' dir='ltr'>sed</span> <span class='ocrx_word' id='word_1_282' title='bbox 814 1728 878 1758; x_wconf 85' lang='lat' dir='ltr'>hoc</span> <span class='ocrx_word' id='word_1_283' title='bbox 902 1727 1018 1758; x_wconf 90' lang='lat' dir='ltr'>Ovidii</span> <span class='ocrx_word' id='word_1_284' title='bbox 1046 1728 1120 1758; x_wconf 91' lang='lat' dir='ltr'>loco</span> <span class='ocrx_word' id='word_1_285' title='bbox 1148 1728 1298 1759; x_wconf 77' lang='lat' dir='ltr'>vindicat</span> <span class='ocrx_word' id='word_1_286' title='bbox 1324 1729 1460 1759; x_wconf 72' lang='lat' dir='ltr'>Reincs.</span> <span class='ocrx_word' id='word_1_287' title='bbox 1489 1730 1636 1769; x_wconf 77' lang='lat' dir='ltr'>Epistol.</span> 
     </span>
     <span class='ocr_line' id='line_1_30' title="bbox 180 1770 1636 1812; baseline 0.002 -13"><span class='ocrx_word' id='word_1_288' title='bbox 180 1778 251 1800; x_wconf 79' lang='lat' dir='ltr'>Lxr.</span> <span class='ocrx_word' id='word_1_289' title='bbox 270 1770 311 1800; x_wconf 85' lang='lat' dir='ltr'>ad</span> <span class='ocrx_word' id='word_1_290' title='bbox 329 1771 526 1808; x_wconf 81' lang='lat' dir='ltr'>Daumium3</span> <span class='ocrx_word' id='word_1_291' title='bbox 550 1776 585 1801; x_wconf 91' lang='lat' dir='ltr'>et</span> <span class='ocrx_word' id='word_1_292' title='bbox 603 1771 804 1802; x_wconf 80' lang='lat' dir='ltr'>Ciceronem</span> <span class='ocrx_word' id='word_1_293' title='bbox 823 1775 858 1800; x_wconf 87' lang='lat' dir='ltr'>et</span> <span class='ocrx_word' id='word_1_294' title='bbox 873 1770 954 1801; x_wconf 84' lang='lat' dir='ltr'>alios</span> <span class='ocrx_word' id='word_1_295' title='bbox 973 1780 1106 1811; x_wconf 87' lang='lat' dir='ltr'>quoque</span> <span class='ocrx_word' id='word_1_296' title='bbox 1134 1770 1181 1801; x_wconf 84' lang='lat' dir='ltr'>ita</span> <span class='ocrx_word' id='word_1_297' title='bbox 1198 1781 1273 1801; x_wconf 87' lang='lat' dir='ltr'>usos</span> <span class='ocrx_word' id='word_1_298' title='bbox 1291 1771 1522 1812; x_wconf 75' lang='lat' dir='ltr'>lexicographi</span> <span class='ocrx_word' id='word_1_299' title='bbox 1543 1779 1636 1802; x_wconf 72' lang='lat' dir='ltr'>nota·</span> 
     </span>
     <span class='ocr_line' id='line_1_31' title="bbox 180 1812 1637 1853; baseline 0.001 -11"><span class='ocrx_word' id='word_1_300' title='bbox 180 1817 266 1842; x_wconf 87' lang='lat' dir='ltr'>runt.</span> <span class='ocrx_word' id='word_1_301' title='bbox 293 1812 418 1842; x_wconf 84' lang='lat' dir='ltr'>Noster</span> <span class='ocrx_word' id='word_1_302' title='bbox 435 1814 498 1852; x_wconf 89' lang='lat' dir='ltr'>Ep.</span> <span class='ocrx_word' id='word_1_303' title='bbox 514 1823 547 1843; x_wconf 88' lang='lat' dir='ltr'>v.</span> <span class='ocrx_word' id='word_1_304' title='bbox 562 1817 614 1844; x_wconf 80' lang='grc'>85.</span> <span class='ocrx_word' id='word_1_305' title='bbox 637 1814 646 1829; x_wconf 90' lang='lat'>‘</span> <span class='ocrx_word' id='word_1_306' title='bbox 662 1813 771 1853; x_wconf 89' lang='lat' dir='ltr'>Cupio</span> <span class='ocrx_word' id='word_1_307' title='bbox 788 1812 860 1843; x_wconf 85' lang='lat' dir='ltr'>fieri</span> <span class='ocrx_word' id='word_1_308' title='bbox 874 1818 1028 1843; x_wconf 83' lang='lat' dir='ltr'>matrona</span> <span class='ocrx_word' id='word_1_309' title='bbox 1045 1813 1219 1853; x_wconf 85' lang='lat' dir='ltr'>potentis.⁷</span> <span class='ocrx_word' id='word_1_310' title='bbox 1242 1814 1359 1845; x_wconf 80' lang='lat' dir='ltr'>Phaed.</span> <span class='ocrx_word' id='word_1_311' title='bbox 1374 1824 1414 1845; x_wconf 90' lang='lat'>11.</span> <span class='ocrx_word' id='word_1_312' title='bbox 1431 1817 1461 1845; x_wconf 82' lang='grc'>6.</span> <span class='ocrx_word' id='word_1_313' title='bbox 1484 1817 1492 1831; x_wconf 83' lang='lat'>‘</span> <span class='ocrx_word' id='word_1_314' title='bbox 1507 1815 1637 1845; x_wconf 54' lang='lat' dir='ltr'>Contu-„2</span> 
     </span>
     <span class='ocr_line' id='line_1_32' title="bbox 180 1855 1636 1896; baseline 0.001 -13"><span class='ocrx_word' id='word_1_315' title='bbox 180 1859 338 1894; x_wconf 82' lang='lat' dir='ltr'>potentes</span> <span class='ocrx_word' id='word_1_316' title='bbox 356 1864 453 1884; x_wconf 85' lang='lat' dir='ltr'>nemo</span> <span class='ocrx_word' id='word_1_317' title='bbox 471 1860 522 1885; x_wconf 86' lang='lat' dir='ltr'>est</span> <span class='ocrx_word' id='word_1_318' title='bbox 538 1856 686 1885; x_wconf 86' lang='lat' dir='ltr'>munitus</span> <span class='ocrx_word' id='word_1_319' title='bbox 702 1855 806 1891; x_wconf 85' lang='lat' dir='ltr'>satis,’</span> <span class='ocrx_word' id='word_1_320' title='bbox 823 1860 858 1885; x_wconf 90' lang='lat' dir='ltr'>et</span> <span class='ocrx_word' id='word_1_321' title='bbox 874 1864 899 1885; x_wconf 90' lang='lat'>1.</span> <span class='ocrx_word' id='word_1_322' title='bbox 914 1859 966 1885; x_wconf 83' lang='lat'>30.</span> <span class='ocrx_word' id='word_1_323' title='bbox 1005 1856 1013 1871; x_wconf 82' lang='lat'>‘</span> <span class='ocrx_word' id='word_1_324' title='bbox 1028 1855 1183 1886; x_wconf 88' lang='lat' dir='ltr'>Humiles</span> <span class='ocrx_word' id='word_1_325' title='bbox 1208 1855 1374 1895; x_wconf 77' lang='lat' dir='ltr'>laborant,</span> <span class='ocrx_word' id='word_1_326' title='bbox 1391 1856 1448 1886; x_wconf 86' lang='lat' dir='ltr'>ubi</span> <span class='ocrx_word' id='word_1_327' title='bbox 1479 1861 1636 1896; x_wconf 77' lang='lat' dir='ltr'>potentes</span> 
     </span>
     <span class='ocr_line' id='line_1_33' title="bbox 180 1896 1636 1938; baseline 0.001 -12"><span class='ocrx_word' id='word_1_328' title='bbox 180 1896 343 1927; x_wconf 87' lang='lat' dir='ltr'>dissident</span> <span class='ocrx_word' id='word_1_329' title='bbox 360 1897 379 1927; x_wconf 76' lang='lat'>:¹</span> <span class='ocrx_word' id='word_1_330' title='bbox 404 1902 438 1926; x_wconf 87' lang='lat' dir='ltr'>et</span> <span class='ocrx_word' id='word_1_331' title='bbox 455 1897 487 1926; x_wconf 81' lang='lat' dir='ltr'>lii</span> <span class='ocrx_word' id='word_1_332' title='bbox 506 1902 584 1927; x_wconf 88' lang='lat' dir='ltr'>sunt</span> <span class='ocrx_word' id='word_1_333' title='bbox 610 1897 618 1912; x_wconf 90' lang='lat'>‘</span> <span class='ocrx_word' id='word_1_334' title='bbox 635 1896 806 1936; x_wconf 82' lang='lat' dir='ltr'>potentes&#39;</span> <span class='ocrx_word' id='word_1_335' title='bbox 824 1897 870 1927; x_wconf 87' lang='lat' dir='ltr'>illi</span> <span class='ocrx_word' id='word_1_336' title='bbox 897 1899 905 1913; x_wconf 87' lang='lat'>‘</span> <span class='ocrx_word' id='word_1_337' title='bbox 925 1897 1045 1934; x_wconf 87' lang='lat' dir='ltr'>amici‚&#39;</span> <span class='ocrx_word' id='word_1_338' title='bbox 1057 1903 1092 1927; x_wconf 88' lang='lat' dir='ltr'>et</span> <span class='ocrx_word' id='word_1_339' title='bbox 1108 1898 1116 1913; x_wconf 92' lang='lat'>‘</span> <span class='ocrx_word' id='word_1_340' title='bbox 1133 1907 1264 1937; x_wconf 82' lang='lat' dir='ltr'>magnae</span> <span class='ocrx_word' id='word_1_341' title='bbox 1281 1898 1462 1935; x_wconf 74' lang='lat' dir='ltr'>amicitiae‚’</span> <span class='ocrx_word' id='word_1_342' title='bbox 1486 1908 1569 1938; x_wconf 80' lang='lat' dir='ltr'>quas</span> <span class='ocrx_word' id='word_1_343' title='bbox 1585 1897 1636 1928; x_wconf 80' lang='lat' dir='ltr'>fu-</span> 
     </span>
     <span class='ocr_line' id='line_1_34' title="bbox 181 1938 1636 1979; baseline 0 -10"><span class='ocrx_word' id='word_1_344' title='bbox 181 1939 320 1979; x_wconf 78' lang='lat' dir='ltr'>giendas</span> <span class='ocrx_word' id='word_1_345' title='bbox 338 1948 410 1969; x_wconf 85' lang='lat' dir='ltr'>esse</span> <span class='ocrx_word' id='word_1_346' title='bbox 427 1939 528 1969; x_wconf 87' lang='lat' dir='ltr'>(locet</span> <span class='ocrx_word' id='word_1_347' title='bbox 543 1940 648 1970; x_wconf 78' lang='lat' dir='ltr'>Naso.</span> <span class='ocrx_word' id='word_1_348' title='bbox 664 1938 741 1968; x_wconf 85' lang='lat' dir='ltr'>Vid.</span> <span class='ocrx_word' id='word_1_349' title='bbox 757 1938 797 1967; x_wconf 81' lang='lat' dir='ltr'>ad</span> <span class='ocrx_word' id='word_1_350' title='bbox 814 1939 955 1970; x_wconf 77' lang='lat' dir='ltr'>Quintil.</span> <span class='ocrx_word' id='word_1_351' title='bbox 969 1949 1002 1968; x_wconf 77' lang='lat' dir='ltr'>v.</span> <span class='ocrx_word' id='word_1_352' title='bbox 1020 1939 1063 1969; x_wconf 89' lang='lat' dir='ltr'>de</span> <span class='ocrx_word' id='word_1_353' title='bbox 1078 1939 1164 1969; x_wconf 71' lang='lat' dir='ltr'>Inst.</span> <span class='ocrx_word' id='word_1_354' title='bbox 1178 1949 1206 1970; x_wconf 89' lang='lat' dir='ltr'>c.</span> <span class='ocrx_word' id='word_1_355' title='bbox 1225 1942 1276 1970; x_wconf 84' lang='lat'>12.</span> <span class='ocrx_word' id='word_1_356' title='bbox 1301 1939 1354 1969; x_wconf 87' lang='lat' dir='ltr'>An</span> <span class='ocrx_word' id='word_1_357' title='bbox 1370 1939 1458 1970; x_wconf 78' lang='lat' dir='ltr'>forte</span> <span class='ocrx_word' id='word_1_358' title='bbox 1474 1940 1530 1970; x_wconf 88' lang='lat' dir='ltr'>illc</span> <span class='ocrx_word' id='word_1_359' title='bbox 1545 1940 1636 1970; x_wconf 82' lang='lat' dir='ltr'>lusus</span> 
     </span>
     <span class='ocr_line' id='line_1_35' title="bbox 181 1980 1634 2021; baseline 0 -9"><span class='ocrx_word' id='word_1_360' title='bbox 181 1982 320 2012; x_wconf 79' lang='lat' dir='ltr'>Heinsio</span> <span class='ocrx_word' id='word_1_361' title='bbox 337 1981 560 2021; x_wconf 77' lang='lat' dir='ltr'>displicuerit,</span> <span class='ocrx_word' id='word_1_362' title='bbox 579 1981 611 2011; x_wconf 92' lang='lat' dir='ltr'>in</span> <span class='ocrx_word' id='word_1_363' title='bbox 625 1980 840 2020; x_wconf 84' lang='lat' dir='ltr'>oppositione</span> <span class='ocrx_word' id='word_1_364' title='bbox 858 1981 1034 2011; x_wconf 82' lang='lat' dir='ltr'>verborum</span> <span class='ocrx_word' id='word_1_365' title='bbox 1052 1981 1061 1997; x_wconf 93' lang='lat'>‘</span> <span class='ocrx_word' id='word_1_366' title='bbox 1078 1980 1251 2020; x_wconf 83' lang='lat' dir='ltr'>prodesse’</span> <span class='ocrx_word' id='word_1_367' title='bbox 1267 1986 1303 2011; x_wconf 87' lang='lat' dir='ltr'>et</span> <span class='ocrx_word' id='word_1_368' title='bbox 1320 1983 1328 1997; x_wconf 83' lang='lat'>‘</span> <span class='ocrx_word' id='word_1_369' title='bbox 1343 1982 1463 2012; x_wconf 80' lang='lat' dir='ltr'>obesse</span> <span class='ocrx_word' id='word_1_370' title='bbox 1477 1982 1496 2012; x_wconf 82' lang='lat'>?&#39;</span> <span class='ocrx_word' id='word_1_371' title='bbox 1520 1982 1579 2012; x_wconf 83' lang='lat' dir='ltr'>sed</span> <span class='ocrx_word' id='word_1_372' title='bbox 1597 1989 1634 2013; x_wconf 90' lang='lat' dir='ltr'>et</span> 
     </span>
     <span class='ocr_line' id='line_1_36' title="bbox 180 2022 1638 2064; baseline 0.001 -10"><span class='ocrx_word' id='word_1_373' title='bbox 180 2024 229 2055; x_wconf 87' lang='lat' dir='ltr'>ita</span> <span class='ocrx_word' id='word_1_374' title='bbox 250 2025 378 2055; x_wconf 77' lang='lat' dir='ltr'>Noster</span> <span class='ocrx_word' id='word_1_375' title='bbox 395 2023 494 2062; x_wconf 84' lang='lat' dir='ltr'>infra,</span> <span class='ocrx_word' id='word_1_376' title='bbox 512 2024 608 2061; x_wconf 70' lang='lat' dir='ltr'>Eleg.</span> <span class='ocrx_word' id='word_1_377' title='bbox 635 2033 666 2053; x_wconf 86' lang='lat' dir='ltr'>v.</span> <span class='ocrx_word' id='word_1_378' title='bbox 694 2027 720 2053; x_wconf 93' lang='lat' dir='ltr'>l.</span> <span class='ocrx_word' id='word_1_379' title='bbox 749 2026 800 2052; x_wconf 73' lang='lat'>(50.</span> <span class='ocrx_word' id='word_1_380' title='bbox 834 2023 843 2039; x_wconf 87' lang='lat'>‘</span> <span class='ocrx_word' id='word_1_381' title='bbox 863 2022 952 2061; x_wconf 84' lang='lat' dir='ltr'>Hoc,</span> <span class='ocrx_word' id='word_1_382' title='bbox 977 2022 1057 2052; x_wconf 80' lang='lat' dir='ltr'>milii</span> <span class='ocrx_word' id='word_1_383' title='bbox 1081 2023 1169 2063; x_wconf 90' lang='lat' dir='ltr'>quod</span> <span class='ocrx_word' id='word_1_384' title='bbox 1190 2023 1342 2062; x_wconf 86' lang='lat' dir='ltr'>prodest,</span> <span class='ocrx_word' id='word_1_385' title='bbox 1358 2024 1384 2054; x_wconf 92' lang='lat' dir='ltr'>si</span> <span class='ocrx_word' id='word_1_386' title='bbox 1403 2023 1477 2063; x_wconf 78' lang='lat' dir='ltr'>tibi,</span> <span class='ocrx_word' id='word_1_387' title='bbox 1501 2025 1638 2064; x_wconf 84' lang='lat' dir='ltr'>Lector,</span> 
     </span>
     <span class='ocr_line' id='line_1_37' title="bbox 181 2065 1636 2108; baseline 0.001 -12"><span class='ocrx_word' id='word_1_388' title='bbox 181 2066 279 2096; x_wconf 85' lang='lat' dir='ltr'>obest</span> <span class='ocrx_word' id='word_1_389' title='bbox 295 2067 312 2096; x_wconf 85' lang='lat'>:’</span> <span class='ocrx_word' id='word_1_390' title='bbox 337 2072 372 2097; x_wconf 83' lang='lat' dir='ltr'>et</span> <span class='ocrx_word' id='word_1_391' title='bbox 388 2067 474 2097; x_wconf 84' lang='lat' dir='ltr'>Met.</span> <span class='ocrx_word' id='word_1_392' title='bbox 494 2076 543 2097; x_wconf 78' lang='lat' dir='ltr'>xr.</span> <span class='ocrx_word' id='word_1_393' title='bbox 561 2069 633 2096; x_wconf 80' lang='lat'><strong>320.</strong></span> <span class='ocrx_word' id='word_1_394' title='bbox 669 2065 839 2096; x_wconf 82' lang='lat' dir='ltr'>‘Tonanti</span> <span class='ocrx_word' id='word_1_395' title='bbox 868 2065 952 2095; x_wconf 74' lang='lat' dir='ltr'>Esse</span> <span class='ocrx_word' id='word_1_396' title='bbox 977 2069 1086 2095; x_wconf 86' lang='lat' dir='ltr'>satum</span> <span class='ocrx_word' id='word_1_397' title='bbox 1114 2066 1274 2105; x_wconf 83' lang='lat' dir='ltr'>prodest?</span> <span class='ocrx_word' id='word_1_398' title='bbox 1307 2076 1348 2097; x_wconf 87' lang='lat' dir='ltr'>an</span> <span class='ocrx_word' id='word_1_399' title='bbox 1376 2066 1474 2098; x_wconf 88' lang='lat' dir='ltr'>obest</span> <span class='ocrx_word' id='word_1_400' title='bbox 1503 2076 1636 2108; x_wconf 86' lang='lat' dir='ltr'>quoque</span> 
     </span>
     <span class='ocr_line' id='line_1_38' title="bbox 182 2107 1635 2149; baseline 0.001 -10"><span class='ocrx_word' id='word_1_401' title='bbox 182 2109 288 2148; x_wconf 83' lang='lat' dir='ltr'>gloria</span> <span class='ocrx_word' id='word_1_402' title='bbox 304 2109 417 2139; x_wconf 76' lang='lat' dir='ltr'>multis</span> <span class='ocrx_word' id='word_1_403' title='bbox 433 2109 451 2137; x_wconf 78' lang='lat'>:¹</span> <span class='ocrx_word' id='word_1_404' title='bbox 477 2114 511 2139; x_wconf 79' lang='lat' dir='ltr'>et</span> <span class='ocrx_word' id='word_1_405' title='bbox 528 2108 657 2139; x_wconf 64' lang='lat' dir='ltr'>Nasoni</span> <span class='ocrx_word' id='word_1_406' title='bbox 675 2109 844 2138; x_wconf 78' lang='lat' dir='ltr'>antitheta</span> <span class='ocrx_word' id='word_1_407' title='bbox 872 2108 929 2137; x_wconf 86' lang='lat' dir='ltr'>illa</span> <span class='ocrx_word' id='word_1_408' title='bbox 956 2107 1059 2137; x_wconf 80' lang='lat' dir='ltr'>fuisse</span> <span class='ocrx_word' id='word_1_409' title='bbox 1085 2107 1117 2137; x_wconf 91' lang='lat' dir='ltr'>in</span> <span class='ocrx_word' id='word_1_410' title='bbox 1146 2108 1277 2138; x_wconf 87' lang='lat' dir='ltr'>deliciis</span> <span class='ocrx_word' id='word_1_411' title='bbox 1294 2110 1366 2149; x_wconf 87' lang='lat' dir='ltr'>quis</span> <span class='ocrx_word' id='word_1_412' title='bbox 1383 2110 1513 2141; x_wconf 84' lang='lat' dir='ltr'>nescit?</span> <span class='ocrx_word' id='word_1_413' title='bbox 1545 2110 1635 2142; x_wconf 83' lang='lat' dir='ltr'>Quin</span> 
     </span>
     <span class='ocr_line' id='line_1_39' title="bbox 182 2150 1636 2189; baseline 0.001 -8"><span class='ocrx_word' id='word_1_414' title='bbox 182 2156 216 2182; x_wconf 84' lang='lat' dir='ltr'>et</span> <span class='ocrx_word' id='word_1_415' title='bbox 234 2151 364 2182; x_wconf 81' lang='lat' dir='ltr'>acutius</span> <span class='ocrx_word' id='word_1_416' title='bbox 380 2151 487 2181; x_wconf 77' lang='lat' dir='ltr'>adhuc</span> <span class='ocrx_word' id='word_1_417' title='bbox 504 2151 589 2181; x_wconf 78' lang='lat' dir='ltr'>(lixit</span> <span class='ocrx_word' id='word_1_418' title='bbox 617 2151 755 2181; x_wconf 85' lang='lat' dir='ltr'>Metam.</span> <span class='ocrx_word' id='word_1_419' title='bbox 782 2159 820 2180; x_wconf 87' lang='lat'>11.</span> <span class='ocrx_word' id='word_1_420' title='bbox 838 2152 912 2179; x_wconf 76' lang='grc'><strong>519.</strong></span> <span class='ocrx_word' id='word_1_421' title='bbox 936 2150 944 2165; x_wconf 90' lang='lat'>‘</span> <span class='ocrx_word' id='word_1_422' title='bbox 961 2159 1036 2189; x_wconf 76' lang='lat' dir='ltr'>qua:</span> <span class='ocrx_word' id='word_1_423' title='bbox 1064 2150 1188 2189; x_wconf 86' lang='lat' dir='ltr'>prosim</span> <span class='ocrx_word' id='word_1_424' title='bbox 1214 2151 1284 2181; x_wconf 84' lang='lat' dir='ltr'>sola</span> <span class='ocrx_word' id='word_1_425' title='bbox 1309 2152 1484 2183; x_wconf 89' lang='lat' dir='ltr'>nocendo.&#39;</span> <span class='ocrx_word' id='word_1_426' title='bbox 1528 2152 1636 2184; x_wconf 91' lang='lat' dir='ltr'>Immo</span> 
     </span>
     <span class='ocr_line' id='line_1_40' title="bbox 181 2191 1639 2234; baseline 0.002 -12"><span class='ocrx_word' id='word_1_427' title='bbox 181 2203 243 2223; x_wconf 76' lang='lat' dir='ltr'>nec</span> <span class='ocrx_word' id='word_1_428' title='bbox 263 2194 293 2223; x_wconf 90' lang='lat' dir='ltr'>in</span> <span class='ocrx_word' id='word_1_429' title='bbox 311 2195 426 2224; x_wconf 83' lang='lat' dir='ltr'>horum</span> <span class='ocrx_word' id='word_1_430' title='bbox 442 2194 618 2223; x_wconf 72' lang='lat' dir='ltr'>verborum</span> <span class='ocrx_word' id='word_1_431' title='bbox 633 2191 849 2232; x_wconf 86' lang='lat' dir='ltr'>oppositione</span> <span class='ocrx_word' id='word_1_432' title='bbox 866 2191 928 2221; x_wconf 81' lang='lat' dir='ltr'>sibi</span> <span class='ocrx_word' id='word_1_433' title='bbox 947 2192 1148 2232; x_wconf 74' lang='lat' dir='ltr'>temperavit</span> <span class='ocrx_word' id='word_1_434' title='bbox 1166 2193 1287 2223; x_wconf 88' lang='lat' dir='ltr'>Cicero</span> <span class='ocrx_word' id='word_1_435' title='bbox 1304 2204 1311 2224; x_wconf 86' lang='lat'>:</span> <span class='ocrx_word' id='word_1_436' title='bbox 1338 2200 1375 2224; x_wconf 90' lang='lat' dir='ltr'>ut</span> <span class='ocrx_word' id='word_1_437' title='bbox 1389 2204 1451 2234; x_wconf 92' lang='lat' dir='ltr'>pro</span> <span class='ocrx_word' id='word_1_438' title='bbox 1468 2195 1639 2233; x_wconf 78' lang='lat' dir='ltr'>Cluentio,</span> 
     </span>
     <span class='ocr_line' id='line_1_41' title="bbox 181 2234 1636 2277; baseline 0.001 -11"><span class='ocrx_word' id='word_1_439' title='bbox 181 2237 234 2266; x_wconf 83' lang='lat'>29.</span> <span class='ocrx_word' id='word_1_440' title='bbox 257 2238 266 2251; x_wconf 72' lang='lat'><strong><em>⁴</em></strong></span> <span class='ocrx_word' id='word_1_441' title='bbox 281 2237 326 2266; x_wconf 72' lang='lat' dir='ltr'>tt</span> <span class='ocrx_word' id='word_1_442' title='bbox 339 2236 427 2277; x_wconf 87' lang='lat' dir='ltr'>quod</span> <span class='ocrx_word' id='word_1_443' title='bbox 444 2236 640 2275; x_wconf 80' lang='lat' dir='ltr'>intempore</span> <span class='ocrx_word' id='word_1_444' title='bbox 654 2235 732 2265; x_wconf 85' lang='lat' dir='ltr'>mali</span> <span class='ocrx_word' id='word_1_445' title='bbox 744 2234 821 2272; x_wconf 87' lang='lat' dir='ltr'>suit,</span> <span class='ocrx_word' id='word_1_446' title='bbox 838 2234 917 2264; x_wconf 82' lang='lat' dir='ltr'>nihil</span> <span class='ocrx_word' id='word_1_447' title='bbox 932 2234 1019 2264; x_wconf 87' lang='lat' dir='ltr'>obsit</span> <span class='ocrx_word' id='word_1_448' title='bbox 1035 2245 1042 2272; x_wconf 84' lang='lat'><em>3</em></span> <span class='ocrx_word' id='word_1_449' title='bbox 1059 2235 1147 2275; x_wconf 87' lang='lat' dir='ltr'>quod</span> <span class='ocrx_word' id='word_1_450' title='bbox 1160 2235 1191 2265; x_wconf 91' lang='lat' dir='ltr'>in</span> <span class='ocrx_word' id='word_1_451' title='bbox 1206 2245 1305 2266; x_wconf 84' lang='lat' dir='ltr'>causa</span> <span class='ocrx_word' id='word_1_452' title='bbox 1318 2236 1395 2267; x_wconf 91' lang='lat' dir='ltr'>boni</span> <span class='ocrx_word' id='word_1_453' title='bbox 1408 2236 1484 2276; x_wconf 87' lang='lat' dir='ltr'>fnit,</span> <span class='ocrx_word' id='word_1_454' title='bbox 1495 2236 1636 2277; x_wconf 88' lang='lat' dir='ltr'>prosit:&#39;</span> 
     </span>
     <span class='ocr_line' id='line_1_42' title="bbox 181 2277 1636 2320; baseline 0.001 -11"><span class='ocrx_word' id='word_1_455' title='bbox 181 2284 216 2309; x_wconf 85' lang='lat' dir='ltr'>et</span> <span class='ocrx_word' id='word_1_456' title='bbox 232 2278 274 2309; x_wconf 84' lang='lat' dir='ltr'>de</span> <span class='ocrx_word' id='word_1_457' title='bbox 289 2279 385 2309; x_wconf 78' lang='lat' dir='ltr'>Orat.</span> <span class='ocrx_word' id='word_1_458' title='bbox 403 2287 426 2308; x_wconf 86' lang='lat'>1.</span> <span class='ocrx_word' id='word_1_459' title='bbox 443 2283 494 2309; x_wconf 68' lang='lat'>2⁴5.</span> <span class='ocrx_word' id='word_1_460' title='bbox 530 2280 537 2295; x_wconf 82' lang='lat'>‘</span> <span class='ocrx_word' id='word_1_461' title='bbox 557 2278 673 2308; x_wconf 85' lang='lat' dir='ltr'>Pudor</span> <span class='ocrx_word' id='word_1_462' title='bbox 691 2287 754 2308; x_wconf 86' lang='lat' dir='ltr'>non</span> <span class='ocrx_word' id='word_1_463' title='bbox 773 2277 872 2307; x_wconf 85' lang='lat' dir='ltr'>modo</span> <span class='ocrx_word' id='word_1_464' title='bbox 888 2286 951 2307; x_wconf 88' lang='lat' dir='ltr'>non</span> <span class='ocrx_word' id='word_1_465' title='bbox 969 2277 1065 2308; x_wconf 83' lang='lat' dir='ltr'>obest</span> <span class='ocrx_word' id='word_1_466' title='bbox 1081 2278 1241 2318; x_wconf 86' lang='lat' dir='ltr'>orationi,</span> <span class='ocrx_word' id='word_1_467' title='bbox 1256 2279 1314 2310; x_wconf 91' lang='lat' dir='ltr'>sed</span> <span class='ocrx_word' id='word_1_468' title='bbox 1334 2280 1438 2310; x_wconf 84' lang='lat' dir='ltr'>etiam</span> <span class='ocrx_word' id='word_1_469' title='bbox 1455 2279 1636 2320; x_wconf 85' lang='lat' dir='ltr'>probitatis</span> 
     </span>
    </p>
   </div>
   <div class='ocr_carea' id='block_1_6' title="bbox 185 2384 1639 2699">
    <p class='ocr_par' dir='ltr' id='par_1_6' title="bbox 185 2384 1639 2699">
     <span class='ocr_line' id='line_1_43' title="bbox 840 2384 980 2415; baseline -0.007 0"><span class='ocrx_word' id='word_1_470' title='bbox 840 2384 980 2415; x_wconf 79' lang='lat' dir='ltr'>NOTAE</span> 
     </span>
     <span class='ocr_line' id='line_1_44' title="bbox 226 2459 1380 2501; baseline -0.001 -11"><span class='ocrx_word' id='word_1_471' title='bbox 226 2461 244 2489; x_wconf 80' lang='grc'>3</span> <span class='ocrx_word' id='word_1_472' title='bbox 267 2460 391 2501; x_wconf 78' lang='lat' dir='ltr'>Usibus]</span> <span class='ocrx_word' id='word_1_473' title='bbox 410 2460 522 2490; x_wconf 81' lang='lat' dir='ltr'>Rebus</span> <span class='ocrx_word' id='word_1_474' title='bbox 539 2465 641 2501; x_wconf 81' lang='lat' dir='ltr'>atque</span> <span class='ocrx_word' id='word_1_475' title='bbox 656 2460 882 2500; x_wconf 80' lang='lat' dir='ltr'>experientia.</span> <span class='ocrx_word' id='word_1_476' title='bbox 937 2469 1003 2490; x_wconf 89' lang='lat' dir='ltr'>non</span> <span class='ocrx_word' id='word_1_477' title='bbox 1014 2469 1112 2500; x_wconf 89' lang='lat' dir='ltr'>quem</span> <span class='ocrx_word' id='word_1_478' title='bbox 1129 2460 1184 2489; x_wconf 84' lang='lat' dir='ltr'>alii</span> <span class='ocrx_word' id='word_1_479' title='bbox 1201 2459 1380 2490; x_wconf 85' lang='lat' dir='ltr'>dederunt.</span> 
     </span>
     <span class='ocr_line' id='line_1_45' title="bbox 185 2508 1637 2552; baseline 0.002 -15"><span class='ocrx_word' id='word_1_480' title='bbox 185 2508 257 2538; x_wconf 86' lang='lat' dir='ltr'>Illis</span> <span class='ocrx_word' id='word_1_481' title='bbox 271 2520 347 2540; x_wconf 88' lang='lat' dir='ltr'>vero</span> <span class='ocrx_word' id='word_1_482' title='bbox 361 2511 504 2541; x_wconf 87' lang='lat' dir='ltr'>maxime</span> <span class='ocrx_word' id='word_1_483' title='bbox 519 2511 725 2541; x_wconf 80' lang='lat' dir='ltr'>credendum</span> <span class='ocrx_word' id='word_1_484' title='bbox 740 2511 796 2552; x_wconf 91' lang='lat' dir='ltr'>qui</span> <span class='ocrx_word' id='word_1_485' title='bbox 815 2520 880 2541; x_wconf 89' lang='lat' dir='ltr'>non</span> <span class='ocrx_word' id='word_1_486' title='bbox 981 2510 1134 2548; x_wconf 78' lang='lat' dir='ltr'>Nomina]</span> <span class='ocrx_word' id='word_1_487' title='bbox 1150 2510 1326 2547; x_wconf 82' lang='lat' dir='ltr'>Potentes,</span> <span class='ocrx_word' id='word_1_488' title='bbox 1344 2517 1497 2549; x_wconf 81' lang='lat' dir='ltr'>quorum,</span> <span class='ocrx_word' id='word_1_489' title='bbox 1511 2508 1537 2538; x_wconf 85' lang='lat' dir='ltr'>si</span> <span class='ocrx_word' id='word_1_490' title='bbox 1556 2518 1637 2548; x_wconf 82' lang='lat' dir='ltr'>pau-</span> 
     </span>
     <span class='ocr_line' id='line_1_46' title="bbox 187 2558 1638 2602; baseline 0.003 -16"><span class='ocrx_word' id='word_1_491' title='bbox 187 2562 253 2587; x_wconf 84' lang='lat' dir='ltr'>tam</span> <span class='ocrx_word' id='word_1_492' title='bbox 280 2559 383 2590; x_wconf 84' lang='lat' dir='ltr'>verba</span> <span class='ocrx_word' id='word_1_493' title='bbox 398 2571 495 2601; x_wconf 86' lang='lat' dir='ltr'>quam</span> <span class='ocrx_word' id='word_1_494' title='bbox 523 2571 576 2592; x_wconf 84' lang='lat' dir='ltr'>res</span> <span class='ocrx_word' id='word_1_495' title='bbox 601 2561 691 2602; x_wconf 85' lang='lat' dir='ltr'>ipsas</span> <span class='ocrx_word' id='word_1_496' title='bbox 719 2561 882 2592; x_wconf 82' lang='lat' dir='ltr'>exhibere</span> <span class='ocrx_word' id='word_1_497' title='bbox 937 2559 1029 2590; x_wconf 77' lang='lat' dir='ltr'>culos</span> <span class='ocrx_word' id='word_1_498' title='bbox 1046 2559 1210 2598; x_wconf 79' lang='lat' dir='ltr'>excipias,</span> <span class='ocrx_word' id='word_1_499' title='bbox 1226 2558 1396 2598; x_wconf 77' lang='lat' dir='ltr'>mancipia</span> <span class='ocrx_word' id='word_1_500' title='bbox 1412 2567 1485 2588; x_wconf 87' lang='lat' dir='ltr'>esse</span> <span class='ocrx_word' id='word_1_501' title='bbox 1500 2564 1638 2598; x_wconf 83' lang='lat' dir='ltr'>oportet</span> 
     </span>
     <span class='ocr_line' id='line_1_47' title="bbox 188 2606 1457 2652; baseline 0.003 -17"><span class='ocrx_word' id='word_1_502' title='bbox 188 2606 354 2637; x_wconf 74' lang='lat' dir='ltr'>videntur.</span> <span class='ocrx_word' id='word_1_503' title='bbox 937 2611 1140 2652; x_wconf 85' lang='lat' dir='ltr'>quicumque</span> <span class='ocrx_word' id='word_1_504' title='bbox 1158 2619 1232 2639; x_wconf 84' lang='lat' dir='ltr'>cum</span> <span class='ocrx_word' id='word_1_505' title='bbox 1249 2608 1314 2638; x_wconf 89' lang='lat' dir='ltr'>illis</span> <span class='ocrx_word' id='word_1_506' title='bbox 1331 2608 1457 2639; x_wconf 83' lang='lat' dir='ltr'>vivunt.</span> 
     </span>
     <span class='ocr_line' id='line_1_48' title="bbox 230 2655 1639 2699; baseline 0.002 -13"><span class='ocrx_word' id='word_1_507' title='bbox 230 2659 247 2686; x_wconf 72' lang='lat'><strong>4</strong></span> <span class='ocrx_word' id='word_1_508' title='bbox 279 2655 352 2686; x_wconf 72' lang='lat' dir='ltr'>Vive</span> <span class='ocrx_word' id='word_1_509' title='bbox 367 2657 439 2696; x_wconf 76' lang='lat' dir='ltr'>cibi]</span> <span class='ocrx_word' id='word_1_510' title='bbox 462 2660 516 2690; x_wconf 78' lang='lat' dir='ltr'>Ne</span> <span class='ocrx_word' id='word_1_511' title='bbox 539 2661 583 2691; x_wconf 75' lang='lat' dir='ltr'>sis</span> <span class='ocrx_word' id='word_1_512' title='bbox 611 2662 765 2692; x_wconf 68' lang='lat' dir='ltr'>alterius:</span> <span class='ocrx_word' id='word_1_513' title='bbox 791 2671 881 2691; x_wconf 81' lang='lat' dir='ltr'>nam.</span> <span class='ocrx_word' id='word_1_514' title='bbox 991 2662 1009 2689; x_wconf 88' lang='grc'>7</span> <span class='ocrx_word' id='word_1_515' title='bbox 1051 2657 1150 2697; x_wconf 83' lang='lat' dir='ltr'>Nam]</span> <span class='ocrx_word' id='word_1_516' title='bbox 1186 2658 1371 2697; x_wconf 81' lang='lat' dir='ltr'>Nugatoris</span> <span class='ocrx_word' id='word_1_517' title='bbox 1395 2658 1536 2699; x_wconf 76' lang='lat' dir='ltr'>alicujus</span> <span class='ocrx_word' id='word_1_518' title='bbox 1563 2668 1639 2689; x_wconf 77' lang='lat' dir='ltr'>esse</span> 
     </span>
    </p>
   </div>
   <div class='ocr_carea' id='block_1_7' title="bbox 189 2707 1639 2752">
    <p class='ocr_par' dir='ltr' id='par_1_7' title="bbox 189 2707 1639 2752">
     <span class='ocr_line' id='line_1_49' title="bbox 189 2707 1639 2752; baseline 0.001 -14"><span class='ocrx_word' id='word_1_519' title='bbox 189 2718 252 2749; x_wconf 79' lang='lat' dir='ltr'>quc</span> <span class='ocrx_word' id='word_1_520' title='bbox 271 2708 322 2738; x_wconf 77' lang='lat' dir='ltr'>liic</span> <span class='ocrx_word' id='word_1_521' title='bbox 348 2712 401 2738; x_wconf 73' lang='lat' dir='ltr'>est</span> <span class='ocrx_word' id='word_1_522' title='bbox 429 2718 526 2740; x_wconf 79' lang='lat' dir='ltr'>verus</span> <span class='ocrx_word' id='word_1_523' title='bbox 549 2712 648 2751; x_wconf 84' lang='lat' dir='ltr'>hujus</span> <span class='ocrx_word' id='word_1_524' title='bbox 672 2713 883 2752; x_wconf 80' lang='lat' dir='ltr'>locisensus‚</span> <span class='ocrx_word' id='word_1_525' title='bbox 936 2710 1001 2740; x_wconf 83' lang='lat' dir='ltr'>hoc</span> <span class='ocrx_word' id='word_1_526' title='bbox 1032 2707 1220 2740; x_wconf 80' lang='lat' dir='ltr'>Disticlion</span> <span class='ocrx_word' id='word_1_527' title='bbox 1249 2717 1315 2739; x_wconf 88' lang='lat' dir='ltr'>uon</span> <span class='ocrx_word' id='word_1_528' title='bbox 1345 2713 1471 2739; x_wconf 81' lang='lat' dir='ltr'>temere</span> <span class='ocrx_word' id='word_1_529' title='bbox 1507 2709 1639 2740; x_wconf 87' lang='lat' dir='ltr'>censuit</span> 
     </span>
    </p>
   </div>
  </div>
 </body>
</html>
