1877 3193
1537 150 1561 165 ρ-

518 158 671 189 nmsr.
706 158 771 188 Ex
806 158 967 189 PONTo
1004 159 1101 191 mn.
1136 159 1200 189 ιν.
1233 148 1275 189 9.
1508 149 1623 189 2119

164 251 238 294 Sic
260 256 306 294 tu
325 253 395 294 bis
416 253 550 294 fueris
574 252 759 302 Consul,
782 252 853 293 bis
875 251 1038 293 Consul
1059 256 1103 293 et
1122 252 1195 293 ille
1215 266 1225 304 3

221 319 360 374 Inque
382 320 512 361 domo
532 321 677 361 bimus
699 320 992 371 conspicietur
1013 319 1167 361 honor.

166 386 255 438 Qui
274 401 523 441 quanquam
546 392 611 428 est
630 388 794 439 ingens,
815 392 859 426 et
879 387 1046 426 nullum
1071 387 1235 427 Martia
1256 399 1427 428 summo

220 453 370 495 Altius
391 456 618 508 imperium
640 454 830 494 Consule
854 453 1002 493 Roma
1023 454 1167 504 videt3

162 520 434 575 Multiplicat
456 526 597 561 tamen
616 521 944 571 hunc.gravitas
968 521 1160 560 auctoris
1182 521 1405 571 honorem,

219 589 278 630 Et
298 589 568 642 majestatem
588 600 658 626 res
676 587 780 625 data
801 585 948 626 dantis
970 586 1116 627 habet.

161 654 190 695 J
194 655 352 696 udiciis
374 654 501 706 igitur
522 653 654 693 liceat
677 652 930 705 Flaccoque
952 653 1122 706 tibique

216 721 399 761 Talibus
420 718 613 771 Augusti
634 723 806 771 tempus
828 720 869 758 in
891 732 1017 759 omne
1037 720 1133 761 frui.

162 787 224 829 Ut
243 791 386 829 tamen
408 800 435 827 a
455 800 597 827 rerum
618 799 722 826 cura
743 787 944 839 propiore
972 789 1175 840 vacabit;

218 855 338 896 Vota
358 867 510 908 precor
530 855 644 894 votis
666 853 812 894 addite
835 859 979 895 vestra
1000 856 1127 896 meis.

161 922 234 972 Et,
258 922 297 963 si
317 935 445 976 quem
468 922 591 963 dabit
613 934 720 962 aura
743 923 903 971 sinum,
930 923 1079 963 laxate
1099 923 1305 963 rudentes
1324 938 1333 963 z

217 989 368 1030 Exeat
387 1002 411 1029 e
433 989 600 1042 Stygiis
623 994 672 1029 ut
692 1001 790 1029 mea
809 989 934 1029 navis
958 991 1099 1042 aquis,

160 1056 342 1098 Praefuit
360 1056 446 1105 his,
469 1055 690 1105 Graecine,
718 1057 828 1097 locis
850 1057 983 1097 modo
1008 1057 1223 1108 Flaccus,
1255 1062 1297 1099 et
1316 1057 1391 1097 illo
1570 1057 1621 1097 15

217 1123 340 1177 Ripa
358 1123 486 1164 ferox
504 1123 604 1163 Istri
623 1123 703 1163 sub
725 1123 837 1163 duce
859 1127 951 1164 tuta
967 1123 1067 1164 suit.

1569 386 1625 427 65

1565 724 1621 763 70

157 1241 230 1272 tuis.
276 1242 329 1272 lta
343 1242 489 1279 tufueris
503 1242 551 1273 bis
569 1243 694 1281 Consul,
708 1245 739 1273 et
755 1243 806 1273 ille
820 1242 867 1273 bis
884 1244 1006 1281 Consul,
1023 1246 1053 1273 et
1069 1243 1182 1282 duplex
1194 1242 1289 1272 honor
1306 1241 1456 1272 videbitur
1473 1243 1502 1271 iri
1520 1242 1620 1272 (imizo.

158 1284 222 1318 Qui
237 1294 408 1324 quanquam
423 1288 469 1315 est
484 1285 615 1325 ampluS,
629 1294 723 1324 neque
742 1285 841 1315 Roma
857 1285 998 1316 bellicosa
1013 1285 1124 1324 aspicit
1141 1284 1305 1323 imperium
1318 1283 1467 1314 excelsius
1479 1293 1621 1323 supremo

159 1326 311 1363 Consu1e;
333 1327 531 1357 nihilominus
559 1327 707 1365 Majestas
733 1328 869 1357 auctoris
885 1330 977 1366 auget
1005 1328 1081 1358 hanc
1107 1328 1305 1366 (lig-nitatem,
1331 1329 1360 1356 et
1378 1336 1427 1356 res
1442 1327 1516 1355 ‹lata
1532 1325 1622 1356 habet

155 1368 387 1408 amplitudinem
402 1369 579 1408 praebentis.
626 1369 820 1399 Concedatur
834 1379 907 1409 ergo
921 1373 950 1401 et
969 1370 1080 1401 Flacco
1103 1373 1134 1400 et
1149 1369 1207 1400 tun·
1227 1369 1300 1407 frui
1315 1378 1432 1408 semper
1447 1368 1622 1407 hujusmodi

147 1410 280 1447 ,iudiciis
302 1411 452 1449 Augusti.
499 1412 576 1442 Cum
600 1415 703 1442 tamen
717 1412 820 1443 licebit
836 1413 920 1442 cobis
941 1423 996 1452 per
1022 1422 1115 1442 caras
1141 1422 1208 1451 quoe
1230 1413 1269 1441 ad
1286 1422 1337 1441 vos
1360 1411 1462 1448 magis
1475 1413 1626 1450 spectent,

144 1452 286 1492 J‘ungite,
303 1463 416 1494 quceso,
432 1458 550 1484 vestras
561 1463 667 1493 preces
683 1455 760 1484 meis
772 1454 861 1484 votis.
910 1455 952 1484 Et
966 1455 994 1484 si
1010 1458 1116 1484 ventus
1124 1454 1225 1491 faciet
1238 1453 1368 1492 aliquem
1383 1453 1497 1489 sinum,
1513 1453 1621 1485 solvite

152 1496 296 1526 rudentes
311 1500 344 1526 ut
369 1506 435 1527 mea
450 1496 538 1526 navis
555 1499 692 1534 emergat
709 1505 749 1526 ex
774 1496 864 1534 aquis
878 1496 1022 1533 infernis.
1072 1496 1204 1526 Flaccus
1229 1495 1411 1534 paepositus
1429 1494 1497 1531 fuit
1524 1504 1622 1533 nuper

154 1537 202 1569 his
217 1538 301 1579 locis,
319 1538 474 1575 Groecine,
497 1541 527 1568 et
542 1547 655 1568 scevam
679 1537 772 1568 littus
788 1538 929 1568 Danubii
943 1538 1012 1575 suit
1028 1547 1168 1568 securam
1183 1538 1235 1568 illo
1248 1537 1393 1577 praeside.
1440 1536 1504 1566 Hic
1522 1537 1621 1567 tenuit

771 1622 1005 1633 cccccccccc

153 1675 242 1705 binus
265 1677 451 1714 consu—TI
482 1674 525 1705 Ut
554 1673 674 1705 Heius.
700 1674 834 1714 recepit
857 1684 898 1705 ex
931 1684 990 1705 sex
1017 1676 1156 1716 scriptis
1188 1685 1248 1715 pro
1277 1675 1368 1714 vulg.
1402 1675 1490 1704 Cum.
1535 1672 1620 1703 Mox

153 1718 222 1748 duo
236 1717 312 1748 libri
327 1727 415 1757 prop.
439 1716 656 1747 vacabis—73
684 1716 782 1751 Quem
800 1717 920 1748 Heius.
939 1719 1072 1757 recepit
1097 1728 1138 1748 ex
1165 1718 1270 1748 tribus
1294 1716 1430 1756 scriptis
1449 1725 1511 1755 pro
1528 1716 1617 1755 vulg.

155 1770 226 1799 qua.
271 1760 355 1790 Mox
371 1760 476 1790 laxate
493 1760 595 1790 habet
614 1769 665 1798 pr.
684 1759 745 1790 Ed.
763 1759 850 1800 quod
871 1760 989 1792 Heius.
1014 1761 1167 1800 impense
1192 1760 1337 1797 aru-iden
1362 1759 1416 1789 alii
1443 1759 1621 1796 jactate.—

152 1805 193 1833 74
211 1802 249 1833 F.
266 1802 330 1832 Ex.
350 1801 485 1833 Euxinis
497 1805 542 1833 ut.
589 1801 660 1832 Pro
677 1804 766 1842 vulg.
782 1812 798 1832 e
822 1802 958 1843 quidam
973 1804 1091 1844 scripti
1105 1809 1140 1835 et
1154 1802 1237 1834 editi
1255 1802 1381 1833 habent
1397 1803 1511 1832 α.-77
1537 1800 1618 1832 Jun.

824 1893 963 1925 NOTAE

198 1956 239 1985 60
264 1953 452 1994 Imperium]
470 1953 703 1991 Consulatum,
721 1953 863 1993 scilicet,

157 2004 213 2044 qui
227 2003 396 2044 prioribus
405 2003 626 2044 deponendus
636 2013 711 2034 cum
722 2003 862 2043 siugulis

158 2054 253 2084 annis
271 2054 348 2084 novi
366 2054 431 2085 duo
448 2058 658 2092 crearentur,
679 2053 741 2084 nisi
758 2053 862 2085 iidem

161 2103 452 2135 confirmarentur.

200 2153 279 2184 Jani
294 2153 358 2193 die]
391 2154 554 2184 Kalendis
570 2154 736 2185 Januarii.

200 2207 242 2236 62
282 2204 446 2244 Fascibus]
490 2205 689 2243 Consulatu,
720 2204 776 2245 qui
802 2215 863 2244 per

156 2253 266 2286 fasces
303 2254 520 2295 intelligitur,
556 2255 598 2286 de
637 2254 758 2295 quibus
789 2255 861 2295 jam

159 2304 272 2336 toties.

201 2359 240 2386 65
267 2354 412 2394 Nullum]
448 2354 482 2386 Si
513 2354 611 2385 modo
639 2354 861 2394 Imperatoris

159 2404 264 2444 ipsius
281 2404 482 2445 dignitatem
501 2404 663 2444 excipias.

200 2456 239 2484 71
276 2455 441 2495 Propiore]
486 2455 571 2486 Quae
598 2454 705 2494 magis
738 2453 779 2484 ad
807 2463 860 2485 res

161 2513 237 2534 suas
251 2509 398 2544 spectet.

200 2556 241 2584 73
265 2553 390 2594 Sinum]
413 2555 454 2585 In
474 2555 556 2584 velis
574 2564 653 2585 vero
669 2555 754 2586 fiunt
770 2555 861 2584 sinus

160 2605 186 2635 si
203 2613 271 2645 qua
284 2609 382 2644 parte
394 2605 568 2644 impellant
580 2607 686 2637 venti.
700 2607 859 2637 Ceterum

161 2664 222 2694 per
250 2654 357 2684 sinum
388 2655 680 2694 opportunitatem
698 2657 863 2697 intellige,

160 2714 220 2738 seu
244 2704 465 2736 favorabilem
496 2705 707 2737 occasionem
733 2706 776 2739 ad
804 2706 863 2738 ali-

918 1955 997 1996 quid
1013 1966 1074 1996 pro
1092 1956 1227 1988 Nasone
1246 1952 1506 1994 impetrandum.

960 2005 1098 2045 Laxata]
1143 2005 1264 2042 Pergit
1294 2014 1336 2034 ex
1368 2003 1486 2033 eadem
1515 2006 1619 2034 meta-

918 2056 1025 2096 phora
1043 2058 1133 2088 Naso
1160 2057 1367 2091 Graecinum,
1391 2053 1470 2095 quid
1500 2063 1558 2093 pro
1582 2063 1619 2085 se

918 2117 1002 2146 opus
1020 2107 1064 2138 sit
1088 2106 1191 2145 facto,
1216 2106 1382 2141 ed0‹·ere;
1410 2107 1445 2134 ut
1463 2103 1619 2134 nimirum

920 2157 1020 2187 sicuti
1038 2157 1215 2187 rudentum
1230 2166 1292 2194 ope
1307 2160 1485 2185 ventorum
1504 2153 1568 2183 vim
1586 2154 1619 2184 in

919 2207 994 2237 vela
1011 2211 1122 2237 nauta*
1140 2216 1200 2245 pro
1219 2205 1359 2235 arbitrio
1377 2203 1620 2243 determinant,

918 2257 967 2288 ita
997 2256 1156 2297 prudenti
1183 2266 1240 2286 sua
1263 2255 1415 2285 oratione
1441 2253 1618 2284 ‹li-moinus

917 2317 992 2338 cum
1015 2306 1123 2337 fratre
1149 2305 1404 2346 opportunitate
1425 2303 1457 2333 in
1475 2312 1618 2333 Commo-

917 2356 994 2387 dum
1012 2367 1105 2386 suum
1125 2361 1273 2386 utantur.

958 2409 998 2437 7⁴
1027 2406 1140 2445 Navis]
1184 2406 1251 2435 Pro
1284 2405 1418 2434 Nasone
1447 2401 1530 2440 ipso,
1559 2404 1616 2431 aut

916 2457 990 2497 ejus
1004 2457 1085 2486 vita.

958 2506 1072 2545 Aquis]
1105 2504 1248 2537 Inferi&
1280 2501 1398 2542 quibus
1422 2499 1616 2538 Scythicam

916 2556 1086 2592 regionem
1106 2563 1217 2593 paroni
1237 2552 1330 2581 facit.

957 2607 996 2633 75
1027 2604 1167 2639 Flac-cusi
1197 2602 1314 2630 Frawr
1332 2606 1419 2630 tuus.

957 2657 998 2684 76
1025 2652 1118 2692 Ripa]
1153 2653 1217 2681 l’ro
1234 2650 1392 2687 ¹gentibus
1412 2649 1521 2689 posuit
1539 2658 1614 2691 qua:

916 2702 1062 2735 Danubii
1078 2700 1341 2743 frequentabant
1356 2699 1475 2741 ripam.
