1877 3193
243 180 358 225 2446
735 191 777 221 P.
809 188 969 220 ovmn
1002 183 1216 219 NAsoms

245 288 367 330 Ossa
384 285 644 342 bipenniferi
666 285 730 325 sic
752 285 837 325 sint
857 284 971 324 male
992 296 1148 337 pressa
1171 281 1361 337 Lycurgi
1382 295 1393 322 τ

301 357 448 410 Impia
470 370 546 395 nec
570 367 701 407 poena
724 353 948 393 Pentheos
968 352 1119 392 umbra
1138 355 1286 391 vacet.

245 424 320 465 Sic
337 425 465 464 micet
491 428 714 469 aeternum,
737 422 966 473 vicinaque
989 420 1136 459 sidera
1157 419 1314 467 vincat,

301 491 512 543 Coniugis
536 492 578 529 in
602 490 719 529 coelo
743 488 900 529 Cressa
925 487 1101 528 Corona
1124 492 1227 528 tuae.

245 558 352 600 Huc
370 559 490 604 adest„
515 562 558 597 et
576 570 707 598 casus
727 557 907 604 releves,
933 556 1240 608 pulcherrime,
1261 556 1450 602 nostros,

302 625 445 666 Unum
469 627 520 665 de
539 637 719 664 numero
741 637 825 671 me,
848 636 1025 671 memor,
1050 635 1147 662 esse
1170 626 1263 661 tuo.

245 694 356 734 Sunt
383 694 461 733 Dis
486 694 594 731 inter
616 704 662 730 se
686 691 971 730 commercia:
1003 689 1175 729 flectere
1197 692 1317 728 tenta

301 760 555 800 Caesareum
577 769 737 796 numen
760 757 949 803 numine,
975 756 1167 804 Bacche,
1187 759 1279 796 tuo.

242 827 338 868 Vos
361 839 552 880 quoque,
576 826 798 864 consortes
820 822 967 869 studii,
995 822 1070 874 pia
1091 823 1232 870 turba,
1253 821 1415 874 poetae,

301 895 419 935 Haec
441 892 594 933 eadem
617 894 758 930 sumto
780 889 964 942 quisque
986 893 1138 940 rogate
1160 900 1293 928 mero.

244 962 389 1015 Atque
410 960 569 1014 aliquis
591 963 801 1006 vestrum,
824 956 1018 997 Nasonis
1040 956 1216 996 nomine
1239 954 1371 1005 dicto,

302 1029 508 1082 Deponat
528 1025 732 1080 lacrymis
753 1024 918 1078 pocula
939 1025 1076 1063 mixta
1098 1024 1190 1063 suis
1208 1037 1217 1064 ε

242 1095 598 1147 Admonitusque
620 1093 719 1140 mei,
742 1105 839 1132 cum
862 1091 1231 1144 circumspexerit
1251 1102 1416 1139 omnes,

301 1163 450 1211 Dicat,
474 1160 563 1200 Ubi
581 1165 648 1200 est
668 1158 805 1199 nostri
827 1171 928 1210 pars
946 1158 1074 1198 modo
1098 1157 1224 1198 Naso
1247 1157 1401 1198 chori?

240 1326 312 1346 sono
327 1315 470 1345 attonito.
518 1313 571 1343 Ita
584 1323 650 1343 ossa
665 1311 836 1349 securigeri
851 1311 991 1351 Lycurgi
1008 1312 1085 1341 male
1101 1311 1226 1341 cubent:
1251 1321 1344 1350 neque
1358 1312 1478 1342 scelesti
1493 1312 1606 1342 IlIanes
1622 1313 1705 1343 Pen-

241 1358 305 1389 thei
320 1361 445 1388 careant
460 1356 618 1396 supplicio.
665 1356 715 1385 Ita
736 1356 856 1384 Corona
872 1355 1027 1384 Cretensis
1043 1358 1104 1383 rme
1120 1354 1227 1383 uxoris
1241 1355 1273 1383 ἰἰι
1290 1355 1360 1383 coelo
1371 1358 1519 1384 (eternum
1534 1355 1704 1394 splendeat,

241 1405 272 1432 et
287 1404 407 1440 superet
422 1401 525 1430 sideru
541 1399 695 1439 proxima.
744 1397 814 1427 Huc
839 1398 934 1433 adsis,
949 1395 1188 1434 formosissime,
1205 1399 1295 1434 atque
1311 1397 1430 1426 minuas
1446 1400 1583 1426 nostrum
1605 1396 1704 1432 insor-

241 1444 373 1480 tunium,
390 1444 553 1473 recordans
568 1451 615 1471 me
631 1450 692 1470 esse
707 1450 746 1470 ex
761 1440 834 1469 tuis.
882 1439 1156 1473 Estfmnilimitas
1173 1439 1246 1468 Diis
1257 1439 1337 1468 inter
1348 1448 1390 1469 se.
1436 1439 1548 1469 Nitere
1565 1440 1703 1470 emollire

240 1496 350 1516 numen
366 1486 540 1515 Caesrzreum
552 1483 676 1513 numine
691 1485 757 1519 tuo,
772 1491 789 1511 o
802 1481 907 1512 Liber.
935 1482 993 1511 l'os
1009 1481 1103 1511 etium
1116 1484 1210 1513 rates.
1223 1482 1293 1519 pius
1304 1485 1410 1520 cretus,
1426 1485 1579 1512 consortes
1593 1482 1704 1521 studii,

241 1532 325 1558 orate
339 1527 456 1565 singuli
482 1527 547 1556 hoec
562 1526 667 1556 eadem
684 1525 754 1554 rino
779 1527 877 1563 capto.
922 1524 1025 1563 Atque
1049 1523 1162 1562 uliquis
1192 1526 1339 1561 ves-trum,
1354 1525 1472 1554 nomine
1489 1524 1622 1554 Nasonis
1634 1534 1707 1564 pro-

240 1571 313 1609 lato,
330 1571 461 1609 deponat
485 1569 592 1607 pocula
609 1568 701 1598 mista
725 1567 788 1596 suis
803 1566 967 1606 lucrymis.-
991 1570 1020 1596 et
1038 1566 1097 1596 mei
1112 1565 1299 1603 admonitus,
1321 1569 1479 1605 postquam
1496 1567 1703 1606 circumspex-

239 1614 298 1644 erit
314 1622 428 1652 omnes,
443 1611 542 1651 dicat,
562 1610 622 1642 Ubi
638 1613 683 1640 est
701 1610 785 1640 Naso
799 1619 892 1649 nuper
908 1608 1076 1639 membrum
1090 1608 1187 1639 nostri
1203 1606 1364 1647 agminis?
1389 1609 1484 1648 quue
1501 1609 1556 1649 sic,
1571 1609 1598 1639 si
1610 1610 1703 1640 meri-

852 1702 1089 1714 eeeeeeeeeeee

241 1772 345 1802 etiam
372 1780 448 1802 cum
477 1770 645 1801 nonnullis
672 1773 756 1800 vett.
779 1768 867 1799 Edd.
889 1771 1006 1807 grata:
1040 1768 1096 1800 alii
1127 1769 1240 1808 Graia,
1257 1769 1308 1801 vel
1330 1779 1438 1808 prmra,
1451 1769 1505 1799 vel
1519 1778 1634 1809 gnara,
1650 1769 1705 1800 vel

240 1816 366 1853 ignava,
381 1813 436 1844 vel
451 1815 637 1843 sacrm—39
661 1813 722 1842 Be.
741 1822 803 1851 pro
818 1821 924 1851 pressa
940 1810 1080 1842 exhibet
1103 1814 1281 1842 tecta.—-42
1306 1812 1427 1843 Heius.
1443 1813 1575 1852 recepit
1593 1813 1704 1842 Cressa

241 1867 282 1887 ex
301 1856 432 1887 Zulich.
449 1856 506 1886 alii
523 1865 598 1885 cum
617 1854 762 1895 vulgatis
786 1855 964 1885 clara.—-43
990 1854 1081 1894 Lege
1097 1857 1131 1884 ut
1158 1864 1218 1886 cas.
1234 1855 1349 1885 releves
1364 1866 1375 1891 ;
1400 1856 1453 1886 vel
1470 1858 1500 1885 et
1514 1864 1575 1886 cus.
1591 1855 1704 1884 releva.

243 1899 363 1930 Heins.
389 1899 457 1930 Pro
474 1908 560 1929 casus
578 1898 661 1929 Lov.
678 1897 781 1928 habet
795 1907 897 1933 curas,
922 1901 957 1927 et
976 1906 1055 1926 mox
1070 1900 1287 1928 nostras—44
1312 1896 1439 1928 Ciofan.
1457 1907 1497 1926 ex
1513 1898 1554 1928 V.
1573 1894 1705 1936 profert

241 1951 287 1972 me
301 1952 312 1977 ;
335 1941 427 1981 vulg.
443 1941 507 1977 sis;
536 1945 571 1971 et
587 1941 667 1972 Juu.
686 1939 755 1978 fac.
793 1940 889 1970 Unus
915 1939 1000 1969 liber
1027 1949 1075 1969 me
1090 1950 1258 1971 memorare
1274 1943 1425 1972 tum—46
1441 1940 1503 1970 Be.
1518 1948 1625 1970 nomen
1641 1947 1702 1978 pro

240 1986 449 2016 ›tamem—47
476 1985 558 2014 Lov.
575 1985 704 2014 consort.
720 1983 835 2023 studio,
848 1982 1001 2022 piru—50
1024 1982 1152 2023 Scripti
1179 1983 1315 2024 plurimi
1343 1983 1497 2023 Opponat,
1521 1982 1576 2013 vel
1599 1981 1704 2021 Appo-

903 2095 935 2126 N
941 2095 1043 2126 OTAE

241 2189 395 2220 furentes
412 2190 468 2230 qui
491 2189 619 2219 Bacchi
636 2189 752 2228 thyrso
777 2188 873 2226 tacti,
895 2198 945 2217 sa-

240 2251 301 2272 cra
317 2241 390 2281 ejus
410 2241 554 2270 maximo
582 2240 728 2280 strepitu
751 2249 826 2269 cum
852 2248 944 2278 cyru-

240 2290 325 2321 balis
342 2294 445 2331 atque
464 2290 634 2330 tympanis
651 2289 884 2319 celebrabant.

283 2342 324 2372 39
347 2340 502 2381 Lycurgi]
527 2340 637 2380 Hujus
666 2338 822 2369 Thraciae
841 2337 943 2377 regis,

242 2392 299 2434 qui
327 2392 389 2423 sibi
415 2401 515 2422 crura
539 2390 742 2431 amputavit,
757 2398 833 2419 cum
856 2388 942 2418 vites

240 2445 422 2473 conaretur
438 2440 601 2481 incidere,
616 2439 767 2471 fabulam
789 2437 892 2469 habes
909 2437 942 2468 in

241 2491 386 2522 Metam.

282 2544 324 2573 40
349 2540 521 2580 Pentheos]
545 2541 690 2571 Diverse
715 2538 757 2569 de
780 2547 820 2569 eo
837 2537 941 2579 scrip-

239 2596 366 2624 serunt.
391 2593 520 2623 Noster
534 2592 574 2622 ab
590 2591 705 2631 Agave
721 2593 829 2620 matre
846 2588 943 2619 Echi-

239 2640 312 2672 onis
330 2650 450 2680 uxore,
466 2642 604 2681 ejusque
620 2639 790 2671 sororibus
806 2638 840 2669 in
850 2636 942 2668 furo-

242 2699 313 2721 rem
343 2691 459 2730 versis,
494 2691 658 2722 laniatum
698 2689 775 2720 ideo
805 2687 942 2729 scripsit

240 2740 332 2783 quod
356 2741 472 2773 Liberi
494 2743 602 2783 patris
627 2751 724 2774 sacra
741 2745 941 2782 aspernatus

1000 2194 1104 2219 esset.

1039 2242 1081 2269 42
1108 2240 1232 2278 Cressa]
1272 2238 1422 2268 Ariadne
1455 2246 1611 2277 namque,
1637 2236 1700 2267 Mi-

998 2288 1071 2317 nois
1088 2287 1167 2325 filia,
1181 2287 1356 2318 Cretensis
1370 2286 1445 2323 fuit,
1463 2285 1558 2324 cnjus
1575 2294 1700 2316 corona

997 2338 1030 2367 in
1048 2337 1170 2368 coelum
1195 2337 1371 2367 translata.
1415 2336 1526 2375 Hujus
1550 2335 1697 2367 fabulam

997 2388 1099 2419 habes
1112 2388 1143 2418 in
1158 2388 1265 2427 primo
1281 2388 1324 2417 de
1343 2386 1425 2417 Arte
1443 2386 1588 2418 amandi.

1038 2441 1079 2469 43
1097 2436 1324 2476 Pulcleerrime]
1338 2437 1491 2468 Bacchus
1505 2446 1585 2468 vero
1596 2437 1699 2477 juxta

997 2497 1073 2519 cum
1105 2488 1265 2529 Apolline
1288 2487 1455 2518 imberbes
1480 2491 1516 2518 et
1544 2487 1698 2528 virginea

996 2538 1084 2570 facie
1101 2539 1300 2579 pinguntur.

1038 2592 1079 2621 47
1106 2589 1180 2629 Pia]
1204 2590 1270 2622 Qui
1287 2599 1352 2619 nou
1382 2589 1556 2620 Musarum
1583 2588 1697 2630 modo,

997 2638 1056 2669 sed
1071 2643 1107 2670 et
1123 2639 1271 2670 Deorum
1289 2639 1494 2672 sacerdotes,

1036 2691 1078 2720 48
1102 2688 1227 2730 Sumto]
1254 2690 1444 2732 Postquam
1467 2689 1590 2731 pocula
1612 2689 1696 2720 liba-

994 2739 1122 2772 veritis.
