1877 3193
201 133 316 176 2684
688 149 729 179 P.
762 148 920 179 orion
953 149 1178 180 NAsoms

203 241 302 283 Nec
325 245 467 284 tamen
487 243 702 297 ingenium
724 244 852 284 nobis
870 244 1121 298 respondet,
1142 248 1191 286 ut
1208 249 1330 286 ante:
1604 248 1658 287 15

259 308 347 351 Sed
368 312 535 352 siccum
557 311 692 351 sterili
713 324 888 352 vomere
908 312 1035 352 littus
1058 325 1148 353 aro.

202 377 384 420 Scilicet
404 383 451 420 ut
470 379 601 419 limus
623 392 756 420 venas
778 382 978 420 excaecat
997 379 1040 419 in
1060 379 1207 428 undis,

259 443 479 499 Laesaque
501 460 740 500 suppresso
760 446 880 487 sonte
903 447 1064 488 resistit
1084 460 1200 501 aqua
1217 460 1227 498 3

200 511 395 555 Pectora
414 514 476 554 sic
498 527 596 555 mea
618 518 717 555 sunt
737 515 840 554 limo
861 514 1012 556 vitiata
1032 515 1247 556 malorum
1265 528 1275 556 :

258 579 317 621 Et
337 595 508 622 carmen
530 595 643 622 vena
663 582 924 635 pauperiore
952 582 1056 622 fluit.
1603 582 1660 624 ΞΟ

202 646 251 688 Si
272 648 370 701 quis
392 649 437 688 in
457 649 539 689 hac
561 649 708 702 ipsum
728 653 840 688 terra
860 649 1081 701 posuisset
1103 649 1373 703 Homerum3

258 714 406 764 Esset,
427 716 555 757 crede
576 715 695 764 mihi,
716 714 861 755 factus
880 719 925 754 et
944 715 1016 754 ille
1035 715 1190 757 Getes.

173 796 177 799 ’
201 781 275 822 Da
293 783 468 823 veniam
486 782 605 823 fasso
623 796 635 832 3
668 782 826 822 studiis
847 795 1021 835 quoque
1042 781 1179 823 fraena
1198 785 1360 836 remisi,

259 848 448 889 Ducitur
468 852 511 889 et
533 849 680 901 digitis
701 849 824 889 litera
843 862 941 889 rara
963 849 1089 889 meis.

201 914 401 968 Impetus
422 916 493 956 ille
514 929 649 966 sacer,
674 917 748 970 qui
769 920 921 957 vatum
943 920 1123 970 pectora
1141 918 1293 969 nutrit,
1604 920 1660 960 25

258 981 348 1032 Qui
369 983 489 1036 prius
511 984 554 1024 in
574 984 703 1024 nobis
724 996 822 1024 esse
845 983 1031 1033 solebat,
1053 985 1191 1025 abest.

199 1049 293 1091 Vix
312 1051 431 1091 venit
452 1051 507 1091 ad
527 1056 688 1105 partes,
711 1052 788 1093 vix
810 1055 968 1093 sumtae
994 1051 1129 1094 Musa
1151 1053 1324 1095 tabellae

257 1118 452 1172 Imponit
471 1119 620 1172 pigras
641 1133 770 1173 paene
793 1125 952 1161 coacta
971 1133 1145 1161 manus.

202 1185 449 1239 Parvaque,
471 1200 525 1227 ne
544 1188 689 1228 dicam
708 1188 924 1229 scribendi
945 1189 1068 1229 nulla
1087 1188 1290 1242 voluptas

258 1252 338 1292 Est
357 1252 488 1297 mihi:
518 1267 599 1294 nec
619 1255 806 1294 numeris
827 1260 1005 1296 nectere
1027 1256 1161 1296 verba
1175 1256 1315 1309 juvat.
1605 1258 1662 1299 30

203 1368 322 1398 Serere.
367 1369 474 1409 Neque
489 1372 591 1399 tumen
605 1369 764 1408 ingenium
780 1368 964 1407 nobisfuz·et
976 1373 1009 1400 ut
1023 1370 1113 1409 prius
1124 1380 1135 1405 ;
1157 1370 1208 1399 sed
1222 1370 1284 1399 colo
1300 1369 1390 1400 littus
1405 1369 1527 1401 aridum
1543 1380 1661 1401 vomere

201 1411 318 1441 inutili.
365 1411 538 1449 Nimirum,
554 1412 646 1441 sicuti
663 1422 780 1442 erenum
803 1412 935 1442 occludit
949 1416 1068 1442 meatus
1083 1413 1117 1442 in
1131 1412 1228 1452 αᾳιιὶε,
1243 1416 1272 1442 et
1289 1412 1389 1451 liquor
1411 1422 1566 1452 repressus
1578 1414 1662 1443 sisti-

201 1457 253 1483 tur
260 1453 451 1491 scaturigine
464 1457 637 1489 excoecatm
661 1455 706 1483 sic
718 1454 878 1492 ingenium
891 1464 988 1484 meum
1000 1458 1046 1484 est
1056 1454 1195 1484 obtusum
1209 1455 1271 1483 luto
1283 1464 1487 1485 oerumnurum
1499 1465 1663 1495 mearum,

200 1499 230 1525 et
243 1505 347 1525 versus
362 1497 463 1525 currit
475 1506 549 1526 vena
562 1497 710 1526 tenuiore.
756 1496 791 1525 Si
804 1496 871 1535 quis
887 1496 1019 1526 misisset
1036 1496 1134 1534 ipsum
1152 1496 1322 1525 Homerum
1335 1496 1367 1526 in
1383 1497 1437 1526 hoc
1451 1499 1557 1536 solum,
1573 1500 1661 1529 crede

200 1537 290 1575 mihi,
305 1538 357 1567 ille
371 1538 466 1568 etium
481 1537 590 1575 sactus
605 1542 683 1569 esset
703 1538 807 1568 Getes.
854 1538 981 1576 Ignosce
997 1537 1157 1579 confitenti
1169 1548 1178 1573 ;
1202 1538 1307 1568 laxari
1332 1540 1424 1568 etiam
1451 1540 1583 1570 habenas
1597 1546 1661 1571 stu-

200 1580 267 1616 ‹lii;
291 1583 319 1610 et
336 1590 410 1610 rara
437 1581 527 1611 litera
549 1581 697 1611 scribitur
712 1582 786 1611 meis
802 1580 924 1619 digitis.
971 1580 1032 1610 Ille
1046 1590 1132 1611 sacer
1146 1579 1255 1617 furor,
1271 1580 1321 1620 qui
1337 1581 1394 1610 alit
1410 1582 1543 1612 animum
1558 1583 1664 1622 po'e‘ta-

199 1633 280 1659 rum,
295 1623 347 1662 qui
362 1627 452 1653 antea
468 1627 664 1654 consueverat
681 1633 743 1654 esse
769 1623 801 1654 in
828 1623 925 1660 uobis,
948 1624 1084 1653 recessit.
1133 1623 1227 1653 illusa
1253 1633 1337 1661 ‹Pgre
1362 1623 1445 1653 venit
1470 1625 1511 1655 ad
1532 1629 1662 1664 partes.-

200 1675 284 1703 ‹egre
298 1669 402 1695 coactu
417 1667 557 1695 admovet
574 1676 680 1696 nuliius
707 1668 804 1697 lentus
828 1666 949 1696 tabellae²
971 1670 1092 1697 szmztcz‘.
1139 1666 1183 1695 Et
1199 1666 1327 1704 exigua,
1351 1676 1388 1696 ne
1403 1667 1502 1697 dicam
1517 1668 1602 1698 nullu
1617 1673 1662 1699 est

202 1707 278 1737 mihi
293 1709 434 1748 voluptas
454 1708 631 1744 scribendi5
654 1719 746 1748 neque
765 1710 865 1749 placet
888 1708 1064 1748 astringere
1086 1718 1170 1739 voces
1189 1709 1335 1739 numeris.
1385 1708 1459 1740 Sive
1484 1711 1562 1750 quod
1588 1712 1662 1742 adeo

816 1794 1050 1806 eeeeeeeeeeee

202 1850 321 1890 scripti
336 1850 410 1881 mih.
428 1850 584 1881 cunctanti
599 1852 768 1882 caus—17
794 1850 938 1880 Vari-ant
955 1849 1136 1880 admodum
1153 1848 1253 1880 libri:
1277 1860 1346 1880 cum
1360 1859 1450 1880 venus
1461 1849 1555 1881 siccat
1567 1860 1662 1891 aqua-

200 1903 270 1924 rum
284 1893 387 1924 Polit.
404 1903 470 1923 cum
494 1903 586 1924 cenas
599 1894 695 1924 siccat
721 1893 753 1923 in
779 1895 878 1923 undas
905 1893 1008 1924 atius:
1033 1896 1167 1923 excaecat
1183 1902 1331 1932 aquarum
1347 1893 1428 1923 item
1443 1892 1544 1923 alius:
1569 1902 1661 1925 venas

199 1936 352 1966 consiccet
384 1936 526 1967 tertius:
566 1946 633 1966 cum
663 1946 754 1967 renas
784 1936 879 1966 siccat
910 1940 998 1966 octo.
1044 1935 1122 1967 vid.
1162 1936 1204 1966 ad
1233 1944 1292 1966 xv.
1320 1936 1408 1966 Met.
1447 1938 1521 1966 272.
1558 1936 1661 1976 [Not.

200 1979 298 2018 Van]
324 1979 521 2009 Bm·n1.—-23
546 1979 616 2009 Pro
638 1979 750 2009 studiis
763 1978 900 2018 plurimi
915 1978 1035 2013 studii,·
1058 1983 1093 2008 et
1111 1988 1194 2008 unus
1210 1979 1323 2009 studio.
1369 1978 1451 2008 Mox
1468 1978 1543 2009 Pol.
1563 1978 1663 2016 froen.

198 2021 408 2060 reliqui.—24
432 2022 527 2052 Serv.
545 2031 642 2061 apro
659 2025 700 2051 et.
747 2022 843 2052 Unus
866 2021 951 2052 liber
979 2021 1027 2051 Iit.
1056 2022 1137 2052 nullu
1164 2021 1338 2051 meis—27
1362 2021 1487 2061 Scripti
1515 2025 1550 2051 et
1577 2021 1663 2051 editi

202 2063 337 2102 qnidam
353 2064 384 2094 in
400 2073 461 2103 pro
478 2066 617 2095 (aL—28
639 2065 722 2094 Tres
739 2064 816 2095 libri
834 2064 984 2104 Imposuit
998 2064 1171 2103 pigra-:29
1195 2063 1235 2094 P.
1251 2063 1335 2093 Dan.
1353 2069 1386 2094 et
1403 2064 1500 2094 multi
1517 2063 1574 2094 alii
1588 2064 1663 2094 null.

200 2105 438 2137 voluutas—30
461 2107 530 2137 Pro
545 2111 666 2138 nectere
682 2107 722 2138 P.
739 2111 773 2138 et
790 2107 874 2138 alius
890 2107 1026 2146 jungere
1035 2117 1047 2143 ;
1070 2106 1137 2137 (luo
1152 2106 1303 2143 scribere;
1328 2106 1472 2137 totidem
1488 2109 1662 2138 vertere.—

858 2198 997 2229 NOTAE

200 2268 264 2299 que
281 2257 427 2289 Helicon
444 2259 587 2290 Boeotiae
611 2268 706 2288 mons
723 2259 831 2290 Musis
854 2270 903 2289 sa·
1004 2262 1041 2290 17
1069 2259 1171 2289 Venas
1198 2259 1347 2299 επακ-αἰ]
1392 2259 1529 2289 Meatus
1559 2266 1660 2299 aqua-

201 2317 280 2338 cer:
307 2317 429 2348 neque,
452 2307 584 2347 opinor,
615 2307 806 2347 hujusmodi
839 2312 904 2338 tro·
959 2318 1032 2338 rum
1049 2309 1190 2339 claudit.
1223 2308 1325 2339 Quod
1342 2317 1460 2338 verum
1477 2311 1538 2339 est.

201 2366 264 2397 pos
279 2357 422 2388 subinde
439 2367 522 2397 opus
540 2358 584 2387 sit
599 2357 784 2388 inculcare.
1002 2360 1041 2387 is
1064 2358 1170 2396 Laesa]
1197 2357 1358 2388 Occlusa.

246 2411 287 2439 12
311 2408 420 2449 Seges]
442 2409 566 2439 Versus
583 2407 678 2439 dicit.
999 2411 1040 2438 22
1065 2408 1174 2448 Getes]
1190 2407 1372 2447 Barbarus,
1388 2409 1494 2449 qualis
1512 2418 1574 2450 ego
1590 2409 1658 2441 fac-

246 2460 288 2489 16
310 2456 437 2497 Stet-ili]
453 2457 553 2497 Cujus
570 2456 694 2488 auxilio
712 2455 793 2487 nihil
809 2456 901 2498 quic·
956 2463 1010 2489 tus
1027 2468 1109 2488 sum.

201 2517 302 2550 quam
318 2508 420 2538 liceat
437 2508 604 2538 excitare.
998 2510 1038 2538 23
1064 2507 1198 2547 Ramisi]
1220 2508 1377 2538 Studium
1394 2509 1566 2549 poeticum
1582 2519 1659 2551 pro·

245 2558 368 2597 Littus]
392 2558 570 2598 Ingenium
586 2566 682 2587 suum
697 2556 831 2596 ingrato
848 2556 903 2587 lit·
956 2568 999 2599 pe
1017 2558 1165 2588 deserui.

200 2609 267 2639 tori
285 2613 474 2648 comparat,
500 2607 589 2649 quod
614 2607 740 2638 frustra
765 2607 903 2648 poetica
999 2611 1038 2639 27
1070 2607 1175 2647 Venit]
1200 2608 1248 2639 Ut
1267 2618 1382 2640 versus
1400 2609 1518 2641 dictet.

203 2662 278 2688 arte
305 2659 465 2700 solicitet,
484 2668 560 2690 cum
585 2657 744 2691 aerumuis
771 2657 837 2690 suis
859 2657 903 2690 sit
1000 2661 1040 2688 30
1067 2658 1215 2688 Numeris
1240 2660 1374 2702 nectere]
1409 2659 1510 2693 Quod
1539 2659 1656 2702 pocta-

203 2708 416 2740 exhaustum.
958 2717 1028 2742 runi
1045 2707 1228 2750 negotium.
