1863 3193
613 159 854 190 TRISTmM
890 159 985 190 mn.
1020 160 1095 190 111.
1125 150 1168 191 9.
1503 151 1616 194 2351

168 255 285 298 Nam
306 259 413 307 rate,
435 267 532 310 quae
555 266 660 295 cura
680 255 895 309 pugnacis
916 254 1033 295 facta
1054 253 1284 303 Minervae,

224 324 310 365 Per
328 336 414 365 non
432 325 620 363 tentatas
639 321 781 374 prima
800 321 989 363 cucurrit
1008 334 1165 374 aquas,

169 392 317 446 Impia
337 391 552 432 desertum
571 387 742 440 fugiens
765 386 928 428 Medea
946 390 1184 441 parentem,

226 458 401 500 Dicitur
419 456 488 498 his
508 467 651 496 remos
673 455 942 508 applicuisse
962 453 1103 494 vadis.
1573 454 1621 494 ΕΟ

171 527 315 578 Quem
334 524 488 580 procul
506 526 555 564 ut
576 522 685 563 vidit
704 522 873 562 tumulo
895 519 1151 573 speculator
1172 520 1226 560 ab
1249 520 1362 571 alt03

225 593 425 646 Hospes,
447 591 523 641 ait,
543 602 694 638 nosco,
716 588 945 638 Colchide,
964 588 1079 638 vela,
1102 588 1233 629 venit.

171 660 289 701 Dum
309 657 525 712 trepidant
545 656 728 711 Minyae,
756 655 860 696 dum
881 655 1066 696 solvitur
1086 667 1243 708 aggere
1262 655 1393 706 funis,

229 727 345 768 Dum
366 726 557 779 sequitur
575 724 741 765 celeres
763 722 957 764 anchora
976 724 1115 763 tracta
1134 735 1314 775 manus3

172 793 364 835 Conscia
383 792 602 846 percussit
621 791 869 832 meritorum
886 793 1071 844 pectora
1093 789 1286 841 Colchis,

228 859 352 901 Ausa
371 862 501 912 atque
522 870 682 899 ausura
701 857 841 898 multa
858 857 1050 898 nefanda
1067 869 1213 898 manu.

172 927 245 978 Et,
267 939 521 980 quanquam
540 928 739 979 superest
758 925 908 978 ingens
929 924 1118 965 audacia
1138 924 1283 974 menti,

229 995 380 1036 Pallor
400 995 446 1034 in
467 994 649 1035 attonito
672 993 854 1046 virginis
876 1005 949 1033 ore
971 992 1106 1034 sedet.

172 1114 242 1135 nece
258 1104 321 1135 Abs
317 1105 398 1145 yrti.
445 1104 528 1134 Nam
542 1105 668 1134 scelesta
693 1104 807 1135 Medea
824 1103 953 1143 fugiens
975 1106 1100 1144 patrem
1116 1102 1257 1133 relictum
1272 1102 1356 1139 nari,
1374 1113 1439 1141 quoe
1452 1107 1627 1134 constructa

172 1150 240 1177 arte
255 1147 397 1178 Palladis
419 1146 586 1177 bellatricis
608 1146 711 1185 prima
725 1144 784 1176 ivit
807 1155 864 1185 per
878 1154 973 1185 aquas
996 1155 1056 1175 non
1071 1148 1143 1175 ante
1158 1145 1300 1182 sulcatus,
1317 1145 1434 1175 dicitur
1457 1146 1628 1176 admovisse

174 1198 272 1219 remos
284 1190 324 1219 ad
338 1189 402 1220 haec
418 1189 681 1222 citt01a.Quem
706 1187 843 1226 quidem
873 1192 1005 1227 patrem
1028 1190 1189 1226 postquam
1213 1197 1303 1226 speci
1292 1188 1385 1217 lator
1400 1187 1489 1226 longe
1505 1188 1629 1227 aspexit

173 1231 210 1261 ub
226 1232 343 1262 excelso
357 1233 442 1269 colle,
455 1231 594 1268 Advenit,
609 1230 667 1267 ait,
681 1230 781 1267 adest,
794 1238 882 1259 nosco
893 1228 1021 1259 carbasa
1039 1229 1195 1260 Colchica.
1229 1230 1317 1259 Dum
1336 1229 1629 1269 llinyoefestinant,

174 1274 246 1303 dum
258 1275 370 1304 rudens
382 1273 511 1304 solvitur
527 1272 615 1309 mole,
631 1272 703 1301 dum
718 1251 852 1301 anchora
868 1272 977 1302 educta
989 1271 1071 1302 cedit
1086 1272 1230 1302 manibus
1242 1272 1490 1312 properantibus,
1506 1273 1630 1303 Colchis

170 1316 296 1354 planxit
307 1318 433 1355 pectora
452 1324 512 1344 non
527 1314 639 1352 ignara
653 1313 800 1343 scelerum
820 1323 911 1344 manu
925 1324 1000 1345 ausa
1014 1318 1105 1354 atque
1120 1324 1233 1345 ausura
1249 1316 1345 1345 multa
1360 1315 1521 1345 horrenda.
1569 1315 1628 1354 Et,

172 1357 309 1397 quamtis
325 1367 439 1397 magna
463 1356 592 1387 audacia
616 1357 768 1386 redundat
793 1357 905 1397 auimo,
926 1358 1027 1397 pallor
1051 1360 1176 1398 occupat
1202 1358 1303 1388 vultus
1317 1358 1483 1389 eaterritos
1508 1359 1630 1398 paellae.

785 1451 821 1462 eo
826 1451 938 1462 ‘coeo‘
942 1451 1019 1463 eteo-

173 1497 256 1538 syrti
271 1507 376 1536 nece
400 1503 435 1530 et
451 1507 574 1529 nomen
598 1497 647 1528 ita
672 1496 717 1527 sit
736 1496 908 1537 antiquius
934 1497 1030 1528 urbe.
1076 1497 1154 1529 Vid.
1172 1498 1214 1528 ad
1230 1497 1314 1528 Met
1334 1507 1388 1528 111.
1407 1500 1458 1527 13.
1483 1500 1520 1527 ut
1540 1496 1630 1528 idem

174 1542 278 1580 dicat,
295 1540 386 1582 quod
401 1541 501 1572 alibi:
526 1540 623 1570 ‘Hic
643 1539 698 1569 ubi
722 1548 813 1569 nunc
838 1539 916 1569 urbs
938 1544 1002 1578 est,
1030 1544 1110 1571 tunc
1136 1541 1230 1571 locus
1248 1540 1338 1570 urbis
1356 1540 1449 1570 erat!
1476 1539 1586 1570 Burm.
1589 1556 1632 1561 -—

174 1587 194 1613 8
215 1583 312 1615 Serv.
335 1594 430 1623 prona
448 1593 508 1623 pro
522 1583 634 1622 prima.
637 1584 720 1612 —ll
738 1581 798 1611 Pr.
816 1581 891 1612 Pol.
909 1581 982 1613 Pal.
999 1587 1034 1613 et
1057 1583 1205 1623 quinque
1220 1582 1277 1613 alii
1296 1583 1398 1617 Quam
1419 1592 1502 1621 proc.
1547 1582 1632 1612 Mox

175 1635 259 1656 unus
275 1626 362 1656 liber
377 1628 496 1656 cumulo
512 1635 572 1665 pro
590 1625 713 1655 tumulo
759 1624 845 1653 'lum
860 1628 929 1654 ties
944 1625 986 1654 V.
1005 1626 1128 1666 aliique
1148 1629 1304 1665 spectator
1325 1625 1362 1655 ab
1375 1626 1430 1656 alt.
1434 1627 1518 1654 -12
1540 1624 1631 1655 Mor.

177 1667 289 1699 Hostis
305 1678 366 1707 pro
384 1668 515 1707 Hospes.
560 1668 642 1698 Wlox
660 1666 793 1706 plurimi
815 1667 983 1705 Colclzz'da;
1007 1673 1079 1707 opt.
1098 1668 1138 1698 V.
1157 1668 1342 1703 Colchiaus;
1366 1668 1426 1697 Be.
1453 1666 1633 1702 Colchidis,·

176 1709 267 1741 Mor.
285 1710 436 1740 Colchica.
461 1712 543 1740 Tum
560 1710 626 1741 vela
640 1709 710 1739 dart
728 1715 809 1739 v.ett
830 1709 979 1749 plerique
996 1720 1072 1740 cuin
1091 1720 1140 1750 pr.
1159 1710 1245 1741 Eud.
1274 1710 1340 1740 duo
1357 1711 1465 1745 ἀραία
1484 1719 1534 1748 pr.
1554 1708 1631 1738 Pol.

178 1751 274 1787 celim
308 1753 436 1783 Zulicli.
461 1754 557 1793 sequi.
592 1753 711 1783 Heius.
748 1752 868 1782 scribit
893 1752 1017 1791 Hostis,
1040 1754 1098 1792 ait,
1113 1763 1227 1794 nosco,
1259 1752 1410 1788 Colchide,
1436 1752 1514 1789 tela,
1536 1751 1632 1781 venit.

178 1794 264 1825 Cum
277 1803 342 1824 non
358 1796 416 1825 soli
433 1796 500 1825 Me
505 1799 586 1825 leae
582 1796 638 1824 sed
651 1794 804 1825 omnibus
819 1795 959 1834 Minyis,
977 1796 1032 1836 qui
1046 1777 1277 1836 trepidabant,
1291 1796 1441 1826 clamet*
1429 1794 1634 1833 speculator,

177 1836 295 1866 Burin.
307 1837 438 1877 legeret
455 1838 519 1867 nm
517 1838 563 1867 tis
575 1838 633 1875 uit,
642 1848 741 1874 nosco,
756 1839 826 1867 Colo.
822 1838 912 1875 hiae,
928 1839 1006 1876 vela,
1023 1839 1126 1874 τεηίίς
1143 1848 1205 1869 nec
1221 1838 1352 1877 spernit
1376 1838 1557 1866 lectionem
1573 1836 1635 1866 Co-

179 1878 262 1909 dicis
273 1879 360 1909 Mor.
371 1889 469 1919 quam
483 1880 576 1909 multi
593 1888 635 1909 ex
651 1881 750 1909 editis
765 1886 1021 1918 expresserunt,
1038 1886 1266 1920 praeterquam
1280 1879 1369 1919 quod
1386 1879 1491 1918 hospes
1505 1878 1633 1908 retinu-

178 1921 288 1951 erint:
307 1922 420 1952 Hostis
441 1923 500 1960 ait,
527 1932 613 1951 nosco
632 1922 775 1951 Colchica
789 1922 867 1958 cela,
880 1921 1167 1952 veuit.—14SerV.
1181 1926 1245 1952 tota
1263 1932 1323 1960 pro
1340 1925 1403 1951 tum
1400 1925 1451 1950 ta.
1453 1923 1536 1950 —17
1551 1919 1634 1951 Qui-

178 1963 255 1995 dam
271 1973 314 1995 ex
330 1965 466 2004 scriptis
482 1965 590 1995 audac.
607 1963 768 1994 mentis.—
775 1965 813 1992 18
837 1943 981 1993 1'ttonit0
998 1964 1117 1994 Heius.
1137 1964 1288 1994 restituit
1312 1973 1354 1993 ex
1370 1962 1554 2002 Gottorph
1573 1971 1633 2002 pro

837 2049 867 2079 N
874 2048 976 2078 OTAE

179 2121 315 2152 chorum
329 2122 416 2161 regis
426 2121 530 2152 filium
542 2132 636 2153 soror
646 2123 772 2153 Medea
783 2133 881 2153 meni-

180 2171 302 2202 bratim
316 2172 508 2212 discerpsit,
525 2179 561 2203 ut
576 2174 809 2213 insequentem
826 2182 882 2212 pa-

180 2225 266 2252 trem
284 2227 481 2252 moraretur.
514 2223 625 2263 Atque
642 2223 720 2253 inde
734 2224 806 2253 loco
823 2223 881 2253 da-

180 2275 251 2302 tum
278 2281 410 2303 nornen.
445 2270 548 2309 Τέμνω
565 2273 719 2302 nimirum
737 2280 787 2302 cst
804 2283 882 2312 seco,

182 2330 201 2351 a
215 2323 311 2363 cujus
327 2329 426 2362 praet.
444 2333 486 2352 m.
502 2321 620 2360 τέτομα
635 2322 673 2353 fit
690 2323 807 2353 Tomos.

223 2375 241 2402 ⁷
267 2373 440 2412 Pugnacis]
484 2375 572 2405 Quia
601 2374 678 2403 belli
711 2374 787 2403 Dea
817 2374 882 2404 Mi-

183 2431 297 2463 nerva,
311 2425 407 2463 cujus
425 2424 585 2454 instinctu
601 2424 694 2463 Argo
717 2424 809 2454 navis
826 2433 882 2454 ex-

184 2477 325 2504 structa.

227 2526 246 2552 8
273 2524 393 2563 Prima]
418 2525 506 2556 Quia
524 2525 641 2564 major,
662 2529 695 2554 ct
720 2524 879 2563 singulari

184 2571 325 2602 artificio
347 2574 388 2602 ad
413 2574 662 2614 longinquiores
691 2574 882 2613 peregrina-

186 2620 310 2657 tiones,
326 2622 390 2650 illis
415 2626 600 2660 praescrliui
625 2625 680 2664 qui
706 2634 778 2655 sese
796 2623 883 2654 anti-

186 2670 359 2710 quissimos
388 2672 555 2702 nominum
585 2675 772 2705 credebant
802 2672 883 2715 quia

186 2720 268 2751 alios
285 2728 351 2750 non
369 2727 544 2751 noverant.

980 2127 1019 2153 12
1037 2123 1173 2163 Hospes]
1189 2122 1278 2154 Hinc
1292 2123 1543 2163 speculatorem
1554 2121 1636 2161 Scy-

937 2173 1027 2204 tham
1057 2172 1171 2212 fuisse,
1202 2173 1257 2213 qui
1283 2182 1323 2202 ex
1351 2172 1410 2202 sibi
1444 2171 1635 2211 perspectis

935 2223 1074 2253 collibus
1103 2223 1325 2262 prospiceret,
1353 2221 1496 2251 maxime
1513 2219 1636 2251 intelli-

936 2274 1047 2313 gitur:
1074 2273 1232 2305 Jasoneui
1265 2274 1354 2303 euim
1382 2272 1549 2311 hospitem
1580 2270 1638 2302 ali-

936 2324 1008 2364 quis
1024 2334 1064 2353 ex
1085 2323 1289 2359 Argonautis
1306 2332 1369 2351 uon
1386 2322 1605 2361 appellasset.

981 2377 1018 2404 13
1044 2372 1180 2412 Mmyoe]
1215 2372 1392 2402 Thessalia*
1423 2371 1550 2410 populi,
1580 2369 1638 2409 qui

934 2424 1095 2456 Jasoneui
1118 2424 1150 2453 in
1172 2422 1424 2462 expeditionem
1443 2420 1636 2450 Colchicam

935 2475 1041 2505 secuti
1059 2482 1148 2504 511111.

982 2525 1093 2563 hunis]
1119 2526 1194 2556 Quo
1218 2523 1311 2553 navis
1336 2522 1376 2552 ad
1407 2528 1540 2561 portum
1565 2520 1637 2552 alli-

938 2582 1015 2615 gata
1033 2574 1155 2604 fuerat.

982 2628 1018 2654 15
1040 2622 1240 2661 A'lleritorum]
1262 2622 1408 2651 Sceleris
1423 2620 1510 2661 quod
1532 2620 1563 2651 iu
1581 2631 1639 2661 pa-

938 2681 1024 2704 trem
1039 2674 1240 2704 admiserat:
1266 2682 1377 2713 neque
1393 2671 1478 2702 alius
1494 2675 1548 2703 cst
1563 2680 1642 2703 seu·

938 2733 1003 2754 sus.
