1877 3193
186 161 300 204 2518
670 172 714 203 P.
745 171 905 202 ovum
937 170 1152 202 NAsoms

189 266 316 309 Neve
331 266 487 308 fretum
509 269 622 308 terra
640 267 798 307 laudes
818 267 960 320 magis
978 279 988 318 3
1022 279 1204 320 aequora
1225 278 1397 322 semper

244 333 486 375 Ventorum
501 335 636 384 rabie,
660 334 830 375 solibus
853 334 975 384 orba,
997 337 1176 375 tument.

190 400 481 455 Quocumque
502 402 713 455 aspicias,
736 402 881 454 campi
902 402 1065 442 cultore
1086 403 1297 451 carentes,
1585 402 1642 443 55

245 468 493 522 Vastaque,
518 483 617 523 quae
637 483 765 510 nemo
785 470 990 519 vindicet,
1015 482 1119 511 arva
1133 470 1298 523 jacent.

189 535 346 577 Hostis
367 537 506 587 adest,
531 537 688 578 dextra
706 538 906 592 laevaque
927 551 953 578 a
978 541 1100 591 parte
1118 537 1362 589 timendus3

244 602 495 656 vicinoque
512 608 631 645 metu
651 608 783 646 terret
802 610 1032 659 utrumque
1053 607 1185 648 latus.

188 668 342 711 Altera
363 671 586 711 Bistonias
607 684 711 724 pars
731 677 801 712 est
819 686 1002 714 sensura
1023 675 1225 724 sarissas,

246 736 399 778 Altera.
418 738 661 778 Sarmatica
681 738 853 791 spicula
871 740 1007 781 missa
1027 753 1176 782 manu.
1590 740 1644 780 60

190 803 213 844 Ι
234 817 364 853 nunc,
388 808 429 845 et
450 809 642 845 veterum
664 805 792 846 nobis
814 807 1020 860 exempla
1041 808 1246 858 virorum,

248 870 338 920 Qui
361 871 461 912 forti
483 883 639 911 casum
660 875 802 912 mente
822 873 973 922 tulere,
994 874 1118 915 refer.

193 936 247 977 Et
267 951 398 989 grave
418 939 683 990 magnanimi
703 940 840 980 robur
858 941 1016 981 mirare
1036 941 1191 991 Rutili,

249 1003 353 1045 Non
373 1006 442 1046 usi
462 1005 623 1046 reditus
645 1007 895 1048 conditione
914 1008 1020 1049 dati.

192 1071 378 1124 Smyrna
399 1073 538 1113 virum
559 1074 711 1123 tenuit,
729 1087 817 1114 non
837 1074 1008 1116 Pontus
1029 1078 1071 1116 et
1085 1074 1256 1116 hostica
1277 1076 1405 1118 tellus
1425 1090 1436 1127 ;
1593 1075 1649 1117 65

248 1138 386 1179 Paene
406 1139 549 1179 minus
569 1140 691 1180 nullo
714 1141 899 1193 Smyrna
920 1142 1110 1194 petenda
1136 1143 1251 1184 loco.

193 1204 300 1245 Non
321 1205 459 1246 doluit
480 1207 621 1258 patria
641 1205 835 1258 Cynicus
855 1209 1011 1260 procul
1032 1221 1128 1248 esse
1148 1208 1363 1263 Sinopeus
1382 1223 1391 1249 :

249 1272 372 1325 Legit
393 1273 508 1312 enim
531 1273 671 1321 sedes,
701 1271 853 1313 Attica
873 1277 1000 1323 terra,
1022 1277 1137 1314 tuas.

192 1396 223 1427 in
242 1396 404 1427 montibus.
449 1397 536 1427 Neve
548 1396 658 1436 probes
673 1398 773 1436 magis
788 1408 871 1428 mare
885 1408 975 1437 quam
987 1401 1114 1436 terram,
1126 1397 1225 1428 maria
1238 1398 1365 1437 prii-atu
1375 1397 1488 1428 solibus
1501 1399 1653 1430 tolluntur

191 1448 310 1478 semper
318 1437 428 1475 furore
444 1442 610 1475 ventorum.
648 1440 841 1479 Quocumque
865 1441 964 1470 oculos
989 1443 1103 1478 vertas,
1127 1441 1197 1479 agri
1222 1440 1366 1471 destituti
1385 1441 1508 1476 colonis,
1525 1445 1555 1472 et
1571 1443 1653 1472 vasti

192 1481 291 1519 campi
318 1491 389 1520 quos
404 1482 505 1511 nullus
529 1485 656 1520 asserat,
683 1485 816 1521 torpent.
865 1483 975 1512 Hostis
990 1483 1169 1512 metuendus
1184 1486 1275 1521 urget
1290 1493 1308 1512 a
1329 1487 1419 1522 parte
1434 1484 1546 1514 dextra
1561 1487 1654 1524 atque

192 1523 323 1553 sinistra
336 1534 347 1559 ‚·
371 1526 400 1553 et
417 1526 513 1553 terret
529 1527 692 1563 utrumque
719 1524 800 1554 latus
822 1525 964 1564 proximo
979 1528 1074 1554 metu.
1121 1525 1231 1554 Altera
1244 1534 1319 1564 pars
1332 1531 1376 1555 est
1392 1535 1516 1555 sensura
1533 1527 1655 1557 lanceas

194 1565 370 1604 Bistonias,
385 1566 483 1595 alteru
509 1566 644 1605 sagittas
668 1567 815 1607 impulsas
837 1577 929 1597 manu
945 1566 1134 1597 Sarmatico.
1180 1566 1230 1596 Ito
1246 1567 1327 1604 jam,
1352 1571 1381 1597 et
1407 1567 1494 1597 nobis
1520 1578 1655 1599 memora

192 1607 330 1648 exempla
344 1609 539 1647 antiquorum
555 1609 701 1648 virorum,
718 1609 769 1649 qui
786 1609 993 1640 toleraverunt
1009 1610 1109 1639 clades
1113 1608 1210 1649 firmo
1225 1609 1339 1639 animo.
1385 1610 1487 1649 Atque
1501 1611 1655 1641 admirare

191 1651 341 1680 ini-ictam
355 1651 560 1681 constantiam
576 1653 766 1690 nmg‘nunimi
780 1652 896 1682 Rutilii
911 1662 971 1682 uon
981 1652 1028 1682 usi
1043 1652 1215 1682 conditione
1227 1652 1345 1682 reditus
1359 1652 1501 1683 concessi.
1523 1651 1656 1694 Smyrna

194 1693 294 1723 tenuit
306 1693 419 1732 virum,
434 1703 493 1723 non
507 1695 627 1724 Pontus
637 1698 667 1724 et
683 1698 768 1725 terra
784 1695 904 1725 hostilis
917 1705 927 1730 ;
944 1694 1089 1734 Smyrna,
1105 1694 1254 1735 inquam,
1263 1696 1481 1735 propemodum
1495 1695 1577 1725 nullo
1593 1696 1657 1726 loco

194 1735 295 1766 minus
316 1736 490 1775 quwrenda.
537 1736 670 1775 Cynicus
694 1737 844 1777 Sinopeus
866 1748 927 1768 non
953 1747 1036 1776 (egre
1061 1737 1135 1768 tulit
1162 1737 1250 1776 longe
1271 1747 1333 1768 esse
1348 1748 1367 1768 α
1389 1739 1510 1777 patria,
1526 1747 1655 1778 namque

808 1821 1044 1833 eeeeeeeeeeee

197 1877 237 1905 54
261 1874 340 1904 Duo
358 1873 432 1904 libri
450 1874 513 1905 orb.
529 1875 731 1914 rigent.——59
745 1876 884 1907 Surissas
900 1887 941 1906 ex
959 1876 1041 1906 Mss.
1057 1886 1064 1906 :
1082 1876 1171 1915 vulg.
1192 1875 1346 1915 sagittas;
1369 1876 1425 1907 alii
1437 1877 1657 1916 pharetras.—

195 1920 237 1947 00
255 1917 416 1948 Nonnulli
431 1917 524 1948 mista
543 1927 603 1957 pro
618 1920 806 1950 missa—(51
821 1920 940 1950 Heins.
955 1919 1045 1958 conj.
1064 1920 1202 1959 exempla
1215 1922 1432 1950 reorum—62
1448 1919 1513 1950 Ms.
1525 1919 1658 1950 Bersm.

196 1969 283 1990 casus
299 1969 361 1999 pro
376 1963 577 1991 castum—63
604 1961 724 1992 Heius.
741 1962 859 1993 mallet
887 1963 907 1992 I
924 1972 1031 2001 grave.
1070 1962 1203 1992 Deinde
1219 1962 1370 1992 nonnulli
1388 1962 1506 2001 legunt
1524 1962 1657 1998 Rutulz';

196 2008 233 2033 et
248 2002 305 2033 alii
333 2002 553 2033 &tulit—65
579 2003 670 2034 Olim
702 2005 879 2043 legebatur
906 2009 935 2035 et
962 2005 1080 2035 hostica
1096 2008 1200 2035 terra:
1224 2005 1321 2036 multi
1351 2004 1427 2035 libri
1456 2008 1486 2035 et
1515 2004 1657 2045 hospita.-

200 2045 316 2076 Burm.
350 2046 439 2085 conj.
475 2046 608 2086 Pontus,
638 2047 794 2087 inhospita
822 2048 924 2087 telum,
950 2057 1011 2087 per
1039 2047 1302 2088 appositionem,
1326 2051 1362 2079 et
1391 2052 1429 2078 ut
1458 2047 1588 2079 alludat
1616 2046 1659 2078 ad

860 2148 1002 2178 NOTAE

203 2221 272 2248 tum
302 2218 399 2257 hujus
428 2219 581 2250 meminit
609 2224 646 2250 ut
677 2221 802 2251 nullam
829 2230 902 2251 esse
957 2231 1009 2251 nae
1027 2221 1146 2251 maluit
1159 2229 1404 2250 consenescere
1420 2224 1520 2259 atque
1537 2218 1643 2249 obire.

202 2266 415 2307 profiteatur.
1000 2273 1040 2300 05
1062 2269 1196 2308 Pontus]
1209 2270 1312 2298 Terra
1329 2269 1525 2308 asperrima,
1540 2269 1566 2298 si
1582 2278 1658 2300 cum

246 2320 284 2347 51
310 2318 457 2357 Pomum]
510 2319 589 2349 Nou
620 2324 688 2349 tam
721 2320 803 2350 mite
835 2319 906 2359 qui·
957 2321 1133 2360 Smyrnaea
1149 2317 1318 2349 conseras.

203 2369 293 2407 dem,
320 2379 436 2400 verum
461 2370 586 2400 nullum
616 2380 682 2401 non
710 2375 761 2401 est
790 2370 905 2402 verisi-
1002 2373 1044 2400 66
1070 2369 1179 2407 Nullo]
1204 2368 1293 2400 Quia
1306 2368 1504 2399 Ioniaenrbs
1521 2370 1660 2409 praecla-

204 2418 295 2450 mile.
961 2419 1092 2449 rissima
1109 2423 1210 2458 atque
1225 2417 1425 2457 gratissima.

247 2473 287 2501 54
312 2469 452 2511 Solibus]
475 2471 607 2502 Calore.
1003 2471 1043 2499 07
1070 2468 1219 2508 Cynicus]
1257 2468 1444 2507 Diogenem
1470 2468 1567 2509 dicit,
1591 2468 1661 2509 cui,

248 2523 289 2551 56
318 2521 477 2562 Vindicet]
494 2522 667 2563 Tanquam
681 2532 756 2553 suos
773 2524 907 2554 excolat
963 2520 1050 2550 sicut
1065 2525 1098 2550 et
1116 2519 1238 2549 ceteris
1254 2519 1405 2558 ejusdem
1431 2524 1548 2559 sectae,
1565 2530 1584 2550 a
1607 2530 1662 2552 ca-

208 2575 309 2611 atqne
328 2575 474 2602 tueatur.
962 2570 1041 2600 nina
1058 2569 1295 2609 mordacitate,
1305 2580 1370 2610 qua
1385 2569 1454 2599 sine
1468 2569 1662 2601 discrimine

246 2624 286 2650 63
312 2621 433 2661 Rutili]
474 2622 531 2653 Vir
562 2622 628 2654 fuit
660 2624 780 2655 doctus
808 2629 909 2666 atque
963 2622 995 2652 in
1014 2621 1158 2651 omnium
1185 2620 1268 2650 vitas
1293 2621 1524 2661 inquirebant,
1541 2629 1662 2652 nomeu

207 2674 358 2709 sanctus,
375 2672 431 2710 qui
455 2681 515 2711 per
540 2673 700 2704 invidiam
718 2675 823 2706 Roma
837 2676 907 2716 pul·
965 2672 1153 2713 praesertim
1172 2671 1287 2701 (latum
1305 2671 1450 2701 videtur.

204 2730 272 2762 sus,
285 2720 451 2753 redeundi
479 2722 654 2763 potestate
676 2723 782 2767 facta,
796 2726 908 2769 Smyr·
1006 2723 1172 2768 Sinopeus]
1193 2722 1333 2767 Sinope,
1357 2721 1612 2764 Paphlagoniae,
1626 2720 1661 2752 in
