<?xml version="1.0" encoding="UTF-8"?>
<!DOCTYPE html PUBLIC "-//W3C//DTD XHTML 1.0 Transitional//EN"
    "http://www.w3.org/TR/xhtml1/DTD/xhtml1-transitional.dtd">
<html xmlns="http://www.w3.org/1999/xhtml" xml:lang="en" lang="en">
 <head>
  <title>
</title>
<meta http-equiv="Content-Type" content="text/html;charset=utf-8" />
  <meta name='ocr-system' content='tesseract 3.04.00' />
  <meta name='ocr-capabilities' content='ocr_page ocr_carea ocr_par ocr_line ocrx_word'/>
</head>
<body>
  <div class='ocr_page' id='page_1' title='image "./operaomniaexedit05oviduoft/operaomniaexedit05oviduoft_0496.png"; bbox 0 0 1877 3193; ppageno 0'>
   <div class='ocr_carea' id='block_1_1' title="bbox 219 188 1178 232">
    <p class='ocr_par' dir='ltr' id='par_1_1' title="bbox 219 188 1178 232">
     <span class='ocr_line' id='line_1_1' title="bbox 219 188 1178 232; baseline -0.005 0"><span class='ocrx_word' id='word_1_1' title='bbox 219 188 333 232; x_wconf 80' lang='lat'>2694</span> <span class='ocrx_word' id='word_1_2' title='bbox 704 201 744 229; x_wconf 89' lang='lat' dir='ltr'>P.</span> <span class='ocrx_word' id='word_1_3' title='bbox 779 199 934 229; x_wconf 76' lang='lat' dir='ltr'>evron</span> <span class='ocrx_word' id='word_1_4' title='bbox 968 197 1178 228; x_wconf 81' lang='lat' dir='ltr'>NASONIS</span> 
     </span>
    </p>
   </div>
   <div class='ocr_carea' id='block_1_2' title="bbox 217 292 1669 1355">
    <p class='ocr_par' dir='ltr' id='par_1_2' title="bbox 217 292 1669 1355">
     <span class='ocr_line' id='line_1_2' title="bbox 221 292 1427 350; baseline -0.004 -13"><span class='ocrx_word' id='word_1_5' title='bbox 221 294 421 350; x_wconf 85' lang='lat' dir='ltr'><strong>Cumque</strong></span> <span class='ocrx_word' id='word_1_6' title='bbox 444 295 567 336; x_wconf 89' lang='lat' dir='ltr'>Deos</span> <span class='ocrx_word' id='word_1_7' title='bbox 588 306 752 344; x_wconf 89' lang='lat' dir='ltr'>omnes,</span> <span class='ocrx_word' id='word_1_8' title='bbox 773 296 865 334; x_wconf 91' lang='lat' dir='ltr'>tum</span> <span class='ocrx_word' id='word_1_9' title='bbox 887 306 1002 348; x_wconf 87' lang='lat' dir='ltr'>quos</span> <span class='ocrx_word' id='word_1_10' title='bbox 1021 292 1260 348; x_wconf 88' lang='lat' dir='ltr'>impensius</span> <span class='ocrx_word' id='word_1_11' title='bbox 1276 304 1427 347; x_wconf 83' lang='lat' dir='ltr'>aequos</span> 
     </span>
     <span class='ocr_line' id='line_1_3' title="bbox 277 360 1214 415; baseline -0.002 -13"><span class='ocrx_word' id='word_1_12' title='bbox 277 362 389 404; x_wconf 84' lang='lat' dir='ltr'>Esse</span> <span class='ocrx_word' id='word_1_13' title='bbox 408 362 486 404; x_wconf 90' lang='lat' dir='ltr'>tibi</span> <span class='ocrx_word' id='word_1_14' title='bbox 508 362 674 415; x_wconf 90' lang='lat' dir='ltr'>cupias,</span> <span class='ocrx_word' id='word_1_15' title='bbox 696 375 794 402; x_wconf 89' lang='lat' dir='ltr'>cum</span> <span class='ocrx_word' id='word_1_16' title='bbox 815 361 929 404; x_wconf 82' lang='lat' dir='ltr'><strong>Jove</strong></span> <span class='ocrx_word' id='word_1_17' title='bbox 950 360 1100 403; x_wconf 86' lang='lat' dir='ltr'>Caesar</span> <span class='ocrx_word' id='word_1_18' title='bbox 1119 361 1214 402; x_wconf 85' lang='lat' dir='ltr'>erit.</span> 
     </span>
     <span class='ocr_line' id='line_1_4' title="bbox 219 425 1668 482; baseline -0.003 -11"><span class='ocrx_word' id='word_1_19' title='bbox 219 429 353 471; x_wconf 88' lang='lat' dir='ltr'>Curia</span> <span class='ocrx_word' id='word_1_20' title='bbox 373 433 413 470; x_wconf 91' lang='lat' dir='ltr'>te</span> <span class='ocrx_word' id='word_1_21' title='bbox 433 430 640 482; x_wconf 81' lang='lat' dir='ltr'>excipiet,</span> <span class='ocrx_word' id='word_1_22' title='bbox 664 428 904 482; x_wconf 87' lang='lat' dir='ltr'>Patresque</span> <span class='ocrx_word' id='word_1_23' title='bbox 923 442 947 470; x_wconf 94' lang='lat' dir='ltr'>e</span> <span class='ocrx_word' id='word_1_24' title='bbox 968 438 1086 469; x_wconf 81' lang='lat' dir='ltr'>more</span> <span class='ocrx_word' id='word_1_25' title='bbox 1104 428 1252 470; x_wconf 86' lang='lat' dir='ltr'>vocati</span> <span class='ocrx_word' id='word_1_26' title='bbox 1611 425 1668 466; x_wconf 82' lang='lat'>35</span> 
     </span>
     <span class='ocr_line' id='line_1_5' title="bbox 277 496 1108 537; baseline -0.001 0"><span class='ocrx_word' id='word_1_27' title='bbox 277 496 503 537; x_wconf 89' lang='lat' dir='ltr'>Intendent</span> <span class='ocrx_word' id='word_1_28' title='bbox 524 508 648 537; x_wconf 84' lang='lat' dir='ltr'>aures</span> <span class='ocrx_word' id='word_1_29' title='bbox 670 496 724 536; x_wconf 88' lang='lat' dir='ltr'>ad</span> <span class='ocrx_word' id='word_1_30' title='bbox 745 498 819 536; x_wconf 88' lang='lat' dir='ltr'>tua</span> <span class='ocrx_word' id='word_1_31' title='bbox 837 497 970 536; x_wconf 85' lang='lat' dir='ltr'>verba</span> <span class='ocrx_word' id='word_1_32' title='bbox 991 509 1108 537; x_wconf 84' lang='lat' dir='ltr'>suas.</span> 
     </span>
     <span class='ocr_line' id='line_1_6' title="bbox 219 563 1223 614; baseline -0.001 -9"><span class='ocrx_word' id='word_1_33' title='bbox 219 563 321 605; x_wconf 87' lang='lat' dir='ltr'>Hos</span> <span class='ocrx_word' id='word_1_34' title='bbox 341 564 416 604; x_wconf 90' lang='lat' dir='ltr'>ubi</span> <span class='ocrx_word' id='word_1_35' title='bbox 434 563 626 604; x_wconf 85' lang='lat' dir='ltr'>facundo</span> <span class='ocrx_word' id='word_1_36' title='bbox 647 567 722 604; x_wconf 87' lang='lat' dir='ltr'>tua</span> <span class='ocrx_word' id='word_1_37' title='bbox 744 575 836 603; x_wconf 83' lang='lat' dir='ltr'>vox</span> <span class='ocrx_word' id='word_1_38' title='bbox 856 563 1103 604; x_wconf 82' lang='lat' dir='ltr'>hilaraverit</span> <span class='ocrx_word' id='word_1_39' title='bbox 1124 576 1223 614; x_wconf 90' lang='lat' dir='ltr'>ore;</span> 
     </span>
     <span class='ocr_line' id='line_1_7' title="bbox 276 631 1258 684; baseline -0.002 -12"><span class='ocrx_word' id='word_1_40' title='bbox 276 631 424 684; x_wconf 90' lang='lat' dir='ltr'>thue</span> <span class='ocrx_word' id='word_1_41' title='bbox 445 632 567 681; x_wconf 86' lang='lat' dir='ltr'>solet,</span> <span class='ocrx_word' id='word_1_42' title='bbox 588 632 733 672; x_wconf 90' lang='lat' dir='ltr'>tulerit</span> <span class='ocrx_word' id='word_1_43' title='bbox 753 643 965 683; x_wconf 85' lang='lat' dir='ltr'>prospera</span> <span class='ocrx_word' id='word_1_44' title='bbox 984 632 1117 672; x_wconf 84' lang='lat' dir='ltr'>verba</span> <span class='ocrx_word' id='word_1_45' title='bbox 1137 631 1229 672; x_wconf 91' lang='lat' dir='ltr'>dies</span> <span class='ocrx_word' id='word_1_46' title='bbox 1247 641 1258 681; x_wconf 89' lang='lat'>;</span> 
     </span>
     <span class='ocr_line' id='line_1_8' title="bbox 218 696 1330 751; baseline 0 -13"><span class='ocrx_word' id='word_1_47' title='bbox 218 696 372 751; x_wconf 84' lang='lat' dir='ltr'>Egeris</span> <span class='ocrx_word' id='word_1_48' title='bbox 393 701 436 738; x_wconf 82' lang='lat' dir='ltr'>et</span> <span class='ocrx_word' id='word_1_49' title='bbox 452 698 629 739; x_wconf 81' lang='lat' dir='ltr'>meritas</span> <span class='ocrx_word' id='word_1_50' title='bbox 650 697 830 750; x_wconf 83' lang='lat' dir='ltr'>Superis</span> <span class='ocrx_word' id='word_1_51' title='bbox 854 710 952 737; x_wconf 88' lang='lat' dir='ltr'>cum</span> <span class='ocrx_word' id='word_1_52' title='bbox 976 697 1152 738; x_wconf 79' lang='lat' dir='ltr'>Caesare</span> <span class='ocrx_word' id='word_1_53' title='bbox 1175 700 1330 750; x_wconf 76' lang='lat' dir='ltr'>grateS,</span> 
     </span>
     <span class='ocr_line' id='line_1_9' title="bbox 276 761 1668 816; baseline -0.003 -11"><span class='ocrx_word' id='word_1_54' title='bbox 276 763 365 814; x_wconf 85' lang='lat' dir='ltr'>Qui</span> <span class='ocrx_word' id='word_1_55' title='bbox 387 776 584 814; x_wconf 88' lang='lat' dir='ltr'>causam,</span> <span class='ocrx_word' id='word_1_56' title='bbox 605 763 744 804; x_wconf 86' lang='lat' dir='ltr'>facias</span> <span class='ocrx_word' id='word_1_57' title='bbox 766 776 841 803; x_wconf 84' lang='lat' dir='ltr'>eur</span> <span class='ocrx_word' id='word_1_58' title='bbox 861 764 922 804; x_wconf 83' lang='lat' dir='ltr'>ita</span> <span class='ocrx_word' id='word_1_59' title='bbox 940 777 1075 816; x_wconf 83' lang='lat' dir='ltr'>saepe,</span> <span class='ocrx_word' id='word_1_60' title='bbox 1097 764 1245 805; x_wconf 87' lang='lat' dir='ltr'>dabit:</span> <span class='ocrx_word' id='word_1_61' title='bbox 1612 761 1668 802; x_wconf 87' lang='grc'>40</span> 
     </span>
     <span class='ocr_line' id='line_1_10' title="bbox 219 830 1298 884; baseline -0.001 -13"><span class='ocrx_word' id='word_1_62' title='bbox 219 831 327 871; x_wconf 92' lang='lat' dir='ltr'>Inde</span> <span class='ocrx_word' id='word_1_63' title='bbox 347 830 524 871; x_wconf 86' lang='lat' dir='ltr'>domum</span> <span class='ocrx_word' id='word_1_64' title='bbox 544 837 722 884; x_wconf 83' lang='lat' dir='ltr'>repetes</span> <span class='ocrx_word' id='word_1_65' title='bbox 743 833 835 870; x_wconf 77' lang='lat' dir='ltr'>toto</span> <span class='ocrx_word' id='word_1_66' title='bbox 853 832 1088 871; x_wconf 84' lang='lat' dir='ltr'>comitante</span> <span class='ocrx_word' id='word_1_67' title='bbox 1110 831 1298 881; x_wconf 82' lang='lat' dir='ltr'>Senatu3</span> 
     </span>
     <span class='ocr_line' id='line_1_11' title="bbox 277 897 1143 951; baseline 0.001 -13"><span class='ocrx_word' id='word_1_68' title='bbox 277 897 478 938; x_wconf 84' lang='lat' dir='ltr'>Officium</span> <span class='ocrx_word' id='word_1_69' title='bbox 506 898 662 951; x_wconf 90' lang='lat' dir='ltr'>populi</span> <span class='ocrx_word' id='word_1_70' title='bbox 684 899 759 938; x_wconf 83' lang='lat' dir='ltr'>vix</span> <span class='ocrx_word' id='word_1_71' title='bbox 780 897 978 951; x_wconf 85' lang='lat' dir='ltr'>capiente</span> <span class='ocrx_word' id='word_1_72' title='bbox 999 898 1143 939; x_wconf 87' lang='lat' dir='ltr'>domo.</span> 
     </span>
     <span class='ocr_line' id='line_1_12' title="bbox 219 963 1391 1018; baseline 0 -14"><span class='ocrx_word' id='word_1_73' title='bbox 219 964 295 1004; x_wconf 75' lang='lat' dir='ltr'>Me</span> <span class='ocrx_word' id='word_1_74' title='bbox 315 965 538 1013; x_wconf 87' lang='lat' dir='ltr'>miserum,</span> <span class='ocrx_word' id='word_1_75' title='bbox 561 965 690 1005; x_wconf 87' lang='lat' dir='ltr'>turba</span> <span class='ocrx_word' id='word_1_76' title='bbox 712 965 829 1018; x_wconf 89' lang='lat' dir='ltr'>quod</span> <span class='ocrx_word' id='word_1_77' title='bbox 851 978 938 1005; x_wconf 91' lang='lat' dir='ltr'>non</span> <span class='ocrx_word' id='word_1_78' title='bbox 957 978 1037 1018; x_wconf 86' lang='lat' dir='ltr'>ego</span> <span class='ocrx_word' id='word_1_79' title='bbox 1059 978 1210 1007; x_wconf 86' lang='lat' dir='ltr'>cernor</span> <span class='ocrx_word' id='word_1_80' title='bbox 1230 965 1273 1006; x_wconf 89' lang='lat' dir='ltr'>in</span> <span class='ocrx_word' id='word_1_81' title='bbox 1294 963 1391 1005; x_wconf 82' lang='lat' dir='ltr'>illa:</span> 
     </span>
     <span class='ocr_line' id='line_1_13' title="bbox 274 1031 1198 1086; baseline 0.002 -14"><span class='ocrx_word' id='word_1_82' title='bbox 274 1031 372 1073; x_wconf 86' lang='lat' dir='ltr'>Nee</span> <span class='ocrx_word' id='word_1_83' title='bbox 391 1036 596 1086; x_wconf 84' lang='lat' dir='ltr'>poterunt</span> <span class='ocrx_word' id='word_1_84' title='bbox 614 1033 715 1073; x_wconf 85' lang='lat' dir='ltr'>istis</span> <span class='ocrx_word' id='word_1_85' title='bbox 737 1033 900 1075; x_wconf 85' lang='lat' dir='ltr'>lumina</span> <span class='ocrx_word' id='word_1_86' title='bbox 919 1040 1069 1075; x_wconf 88' lang='lat' dir='ltr'>nostra</span> <span class='ocrx_word' id='word_1_87' title='bbox 1087 1034 1170 1074; x_wconf 86' lang='lat' dir='ltr'>frui</span> <span class='ocrx_word' id='word_1_88' title='bbox 1189 1034 1198 1074; x_wconf 73' lang='grc' dir='ltr'><em>Ξ</em></span> 
     </span>
     <span class='ocr_line' id='line_1_14' title="bbox 217 1095 1669 1154; baseline -0.001 -15"><span class='ocrx_word' id='word_1_89' title='bbox 217 1099 470 1149; x_wconf 76' lang='lat' dir='ltr'>Quamlibet</span> <span class='ocrx_word' id='word_1_90' title='bbox 490 1102 727 1149; x_wconf 80' lang='lat' dir='ltr'>absentem,</span> <span class='ocrx_word' id='word_1_91' title='bbox 749 1114 836 1153; x_wconf 89' lang='lat' dir='ltr'>qua</span> <span class='ocrx_word' id='word_1_92' title='bbox 855 1114 1053 1154; x_wconf 87' lang='lat' dir='ltr'>possum,</span> <span class='ocrx_word' id='word_1_93' title='bbox 1076 1104 1219 1142; x_wconf 90' lang='lat' dir='ltr'>mente</span> <span class='ocrx_word' id='word_1_94' title='bbox 1239 1098 1400 1140; x_wconf 90' lang='lat' dir='ltr'>videbo</span> <span class='ocrx_word' id='word_1_95' title='bbox 1418 1110 1426 1137; x_wconf 90' lang='lat'>:</span> <span class='ocrx_word' id='word_1_96' title='bbox 1613 1095 1669 1135; x_wconf 81' lang='grc'>45</span> 
     </span>
     <span class='ocr_line' id='line_1_15' title="bbox 272 1167 1076 1220; baseline 0.004 -13"><span class='ocrx_word' id='word_1_97' title='bbox 272 1167 478 1220; x_wconf 84' lang='lat' dir='ltr'>Aspiciet</span> <span class='ocrx_word' id='word_1_98' title='bbox 497 1169 648 1208; x_wconf 86' lang='lat' dir='ltr'>vultus</span> <span class='ocrx_word' id='word_1_99' title='bbox 670 1167 875 1209; x_wconf 81' lang='lat' dir='ltr'>Consulis</span> <span class='ocrx_word' id='word_1_100' title='bbox 895 1169 973 1209; x_wconf 89' lang='lat' dir='ltr'>illa</span> <span class='ocrx_word' id='word_1_101' title='bbox 993 1168 1076 1210; x_wconf 91' lang='lat' dir='ltr'>sui.</span> 
     </span>
     <span class='ocr_line' id='line_1_16' title="bbox 217 1233 1365 1288; baseline 0 -16"><span class='ocrx_word' id='word_1_102' title='bbox 217 1233 276 1272; x_wconf 88' lang='lat' dir='ltr'>Di</span> <span class='ocrx_word' id='word_1_103' title='bbox 298 1234 480 1283; x_wconf 83' lang='lat' dir='ltr'>faciant,</span> <span class='ocrx_word' id='word_1_104' title='bbox 503 1234 650 1287; x_wconf 87' lang='lat' dir='ltr'>aliquo</span> <span class='ocrx_word' id='word_1_105' title='bbox 672 1235 829 1275; x_wconf 86' lang='lat' dir='ltr'>subeat</span> <span class='ocrx_word' id='word_1_106' title='bbox 848 1235 930 1275; x_wconf 90' lang='lat' dir='ltr'>tibi</span> <span class='ocrx_word' id='word_1_107' title='bbox 951 1238 1143 1288; x_wconf 86' lang='lat' dir='ltr'>tempore</span> <span class='ocrx_word' id='word_1_108' title='bbox 1166 1237 1365 1274; x_wconf 88' lang='lat' dir='ltr'>nostrum</span> 
     </span>
     <span class='ocr_line' id='line_1_17' title="bbox 274 1300 1390 1355; baseline -0.001 -14"><span class='ocrx_word' id='word_1_109' title='bbox 274 1300 447 1342; x_wconf 86' lang='lat' dir='ltr'>Nomen</span> <span class='ocrx_word' id='word_1_110' title='bbox 465 1315 475 1353; x_wconf 90' lang='grc'>;</span> <span class='ocrx_word' id='word_1_111' title='bbox 506 1306 562 1351; x_wconf 84' lang='lat' dir='ltr'>et,</span> <span class='ocrx_word' id='word_1_112' title='bbox 587 1302 703 1352; x_wconf 89' lang='lat' dir='ltr'>Heu,</span> <span class='ocrx_word' id='word_1_113' title='bbox 721 1301 858 1352; x_wconf 87' lang='lat' dir='ltr'>dicas,</span> <span class='ocrx_word' id='word_1_114' title='bbox 880 1302 988 1355; x_wconf 91' lang='lat' dir='ltr'>quid</span> <span class='ocrx_word' id='word_1_115' title='bbox 1008 1303 1140 1342; x_wconf 87' lang='lat' dir='ltr'>miser</span> <span class='ocrx_word' id='word_1_116' title='bbox 1158 1301 1231 1342; x_wconf 92' lang='lat' dir='ltr'>ille</span> <span class='ocrx_word' id='word_1_117' title='bbox 1251 1301 1390 1341; x_wconf 66' lang='lat' dir='ltr'>facit?</span> 
     </span>
    </p>
   </div>
   <div class='ocr_carea' id='block_1_3' title="bbox 210 1429 1671 1809">
    <p class='ocr_par' dir='ltr' id='par_1_3' title="bbox 210 1429 1671 1809">
     <span class='ocr_line' id='line_1_18' title="bbox 214 1429 1671 1470; baseline -0.001 -10"><span class='ocrx_word' id='word_1_118' title='bbox 214 1432 314 1468; x_wconf 56' lang='lat' dir='ltr'>agris,</span> <span class='ocrx_word' id='word_1_119' title='bbox 331 1431 475 1461; x_wconf 65' lang='lat' dir='ltr'>exhibere</span> <span class='ocrx_word' id='word_1_120' title='bbox 490 1431 621 1461; x_wconf 66' lang='lat' dir='ltr'>cervices</span> <span class='ocrx_word' id='word_1_121' title='bbox 637 1430 760 1470; x_wconf 75' lang='lat' dir='ltr'>bipenni</span> <span class='ocrx_word' id='word_1_122' title='bbox 777 1431 959 1461; x_wconf 68' lang='lat' dir='ltr'>inevitabili.</span> <span class='ocrx_word' id='word_1_123' title='bbox 1005 1432 1133 1470; x_wconf 47' lang='lat' dir='ltr'>Eecum</span> <span class='ocrx_word' id='word_1_124' title='bbox 1148 1434 1232 1470; x_wconf 80' lang='lat' dir='ltr'>optes</span> <span class='ocrx_word' id='word_1_125' title='bbox 1246 1431 1331 1462; x_wconf 84' lang='lat' dir='ltr'>Deos</span> <span class='ocrx_word' id='word_1_126' title='bbox 1343 1439 1443 1461; x_wconf 71' lang='lat' dir='ltr'>omncs</span> <span class='ocrx_word' id='word_1_127' title='bbox 1458 1438 1520 1460; x_wconf 77' lang='lat' dir='ltr'>esse</span> <span class='ocrx_word' id='word_1_128' title='bbox 1534 1429 1590 1459; x_wconf 80' lang='lat' dir='ltr'>tibi</span> <span class='ocrx_word' id='word_1_129' title='bbox 1601 1438 1671 1468; x_wconf 85' lang='lat' dir='ltr'>pro-</span> 
     </span>
     <span class='ocr_line' id='line_1_19' title="bbox 213 1471 1667 1512; baseline 0.001 -12"><span class='ocrx_word' id='word_1_130' title='bbox 213 1474 322 1511; x_wconf 73' lang='lat' dir='ltr'>pitios,</span> <span class='ocrx_word' id='word_1_131' title='bbox 339 1477 402 1502; x_wconf 80' lang='lat' dir='ltr'>tum</span> <span class='ocrx_word' id='word_1_132' title='bbox 419 1474 536 1512; x_wconf 83' lang='lat' dir='ltr'>aliquos</span> <span class='ocrx_word' id='word_1_133' title='bbox 551 1473 693 1511; x_wconf 80' lang='lat' dir='ltr'>amplius,</span> <span class='ocrx_word' id='word_1_134' title='bbox 711 1473 819 1502; x_wconf 77' lang='lat' dir='ltr'>Coesur</span> <span class='ocrx_word' id='word_1_135' title='bbox 835 1474 895 1503; x_wconf 84' lang='lat' dir='ltr'>erit</span> <span class='ocrx_word' id='word_1_136' title='bbox 909 1483 977 1503; x_wconf 81' lang='lat' dir='ltr'>cum</span> <span class='ocrx_word' id='word_1_137' title='bbox 992 1474 1080 1503; x_wconf 87' lang='lat' dir='ltr'>Jove.</span> <span class='ocrx_word' id='word_1_138' title='bbox 1129 1473 1226 1503; x_wconf 70' lang='lat' dir='ltr'>Curia</span> <span class='ocrx_word' id='word_1_139' title='bbox 1241 1473 1371 1511; x_wconf 75' lang='lat' dir='ltr'>excipiet</span> <span class='ocrx_word' id='word_1_140' title='bbox 1387 1475 1414 1501; x_wconf 73' lang='lat' dir='ltr'>te</span> <span class='ocrx_word' id='word_1_141' title='bbox 1427 1483 1438 1508; x_wconf 91' lang='lat'><em>;</em></span> <span class='ocrx_word' id='word_1_142' title='bbox 1461 1475 1490 1502; x_wconf 83' lang='lat' dir='ltr'>et</span> <span class='ocrx_word' id='word_1_143' title='bbox 1506 1471 1667 1502; x_wconf 74' lang='lat' dir='ltr'>Senatores</span> 
     </span>
     <span class='ocr_line' id='line_1_20' title="bbox 212 1513 1668 1553; baseline -0.001 -9"><span class='ocrx_word' id='word_1_144' title='bbox 212 1515 395 1553; x_wconf 67' lang='lat' dir='ltr'>congregati</span> <span class='ocrx_word' id='word_1_145' title='bbox 410 1516 447 1544; x_wconf 83' lang='lat' dir='ltr'>de</span> <span class='ocrx_word' id='word_1_146' title='bbox 462 1524 544 1545; x_wconf 86' lang='lat' dir='ltr'>more</span> <span class='ocrx_word' id='word_1_147' title='bbox 566 1515 708 1552; x_wconf 79' lang='lat' dir='ltr'>arrigent</span> <span class='ocrx_word' id='word_1_148' title='bbox 729 1524 818 1544; x_wconf 80' lang='lat' dir='ltr'>aures</span> <span class='ocrx_word' id='word_1_149' title='bbox 843 1516 883 1544; x_wconf 83' lang='lat' dir='ltr'>ad</span> <span class='ocrx_word' id='word_1_150' title='bbox 898 1518 952 1544; x_wconf 81' lang='lat' dir='ltr'>tua</span> <span class='ocrx_word' id='word_1_151' title='bbox 966 1514 1060 1545; x_wconf 78' lang='lat' dir='ltr'>(licta.</span> <span class='ocrx_word' id='word_1_152' title='bbox 1106 1514 1277 1553; x_wconf 80' lang='lat' dir='ltr'>Postquam</span> <span class='ocrx_word' id='word_1_153' title='bbox 1292 1518 1345 1544; x_wconf 80' lang='lat' dir='ltr'>tua</span> <span class='ocrx_word' id='word_1_154' title='bbox 1361 1514 1459 1543; x_wconf 78' lang='lat' dir='ltr'>oratio</span> <span class='ocrx_word' id='word_1_155' title='bbox 1474 1513 1668 1544; x_wconf 76' lang='lat' dir='ltr'>oblectaverit</span> 
     </span>
     <span class='ocr_line' id='line_1_21' title="bbox 212 1555 1669 1596; baseline -0.002 -9"><span class='ocrx_word' id='word_1_156' title='bbox 212 1558 280 1587; x_wconf 73' lang='lat' dir='ltr'>illos</span> <span class='ocrx_word' id='word_1_157' title='bbox 296 1567 346 1587; x_wconf 82' lang='lat' dir='ltr'>ore</span> <span class='ocrx_word' id='word_1_158' title='bbox 362 1558 489 1594; x_wconf 80' lang='lat' dir='ltr'>diserto,</span> <span class='ocrx_word' id='word_1_159' title='bbox 505 1559 535 1587; x_wconf 83' lang='lat' dir='ltr'>et</span> <span class='ocrx_word' id='word_1_160' title='bbox 547 1556 611 1587; x_wconf 82' lang='lat' dir='ltr'>dies</span> <span class='ocrx_word' id='word_1_161' title='bbox 626 1556 769 1586; x_wconf 78' lang='lat' dir='ltr'>habuerit</span> <span class='ocrx_word' id='word_1_162' title='bbox 780 1566 865 1587; x_wconf 77' lang='lat' dir='ltr'>voces</span> <span class='ocrx_word' id='word_1_163' title='bbox 878 1557 978 1596; x_wconf 56' lang='lat' dir='ltr'>netas,</span> <span class='ocrx_word' id='word_1_164' title='bbox 992 1559 1027 1586; x_wconf 86' lang='lat' dir='ltr'>ut</span> <span class='ocrx_word' id='word_1_165' title='bbox 1042 1556 1197 1587; x_wconf 79' lang='lat' dir='ltr'>consuevit</span> <span class='ocrx_word' id='word_1_166' title='bbox 1211 1567 1222 1593; x_wconf 91' lang='lat'><em>;</em></span> <span class='ocrx_word' id='word_1_167' title='bbox 1245 1559 1334 1596; x_wconf 82' lang='lat' dir='ltr'>atque</span> <span class='ocrx_word' id='word_1_168' title='bbox 1349 1555 1451 1593; x_wconf 80' lang='lat' dir='ltr'>egeris</span> <span class='ocrx_word' id='word_1_169' title='bbox 1470 1555 1581 1594; x_wconf 73' lang='lat' dir='ltr'>dignas</span> <span class='ocrx_word' id='word_1_170' title='bbox 1594 1564 1669 1594; x_wconf 84' lang='lat' dir='ltr'>gra-</span> 
     </span>
     <span class='ocr_line' id='line_1_22' title="bbox 213 1598 1668 1638; baseline -0.002 -8"><span class='ocrx_word' id='word_1_171' title='bbox 213 1601 275 1630; x_wconf 73' lang='lat' dir='ltr'>tias</span> <span class='ocrx_word' id='word_1_172' title='bbox 291 1600 364 1630; x_wconf 73' lang='lat' dir='ltr'><strong><em>Diis</em></strong></span> <span class='ocrx_word' id='word_1_173' title='bbox 379 1609 447 1629; x_wconf 78' lang='lat' dir='ltr'>cum.</span> <span class='ocrx_word' id='word_1_174' title='bbox 466 1600 600 1637; x_wconf 79' lang='lat' dir='ltr'>Caesare,</span> <span class='ocrx_word' id='word_1_175' title='bbox 614 1599 666 1638; x_wconf 81' lang='lat' dir='ltr'>qui</span> <span class='ocrx_word' id='word_1_176' title='bbox 681 1599 826 1638; x_wconf 66' lang='lat' dir='ltr'>praebebit</span> <span class='ocrx_word' id='word_1_177' title='bbox 842 1598 1006 1629; x_wconf 82' lang='lat' dir='ltr'>materiam</span> <span class='ocrx_word' id='word_1_178' title='bbox 1031 1598 1224 1638; x_wconf 83' lang='lat' dir='ltr'>quamobrem</span> <span class='ocrx_word' id='word_1_179' title='bbox 1239 1599 1283 1629; x_wconf 80' lang='lat' dir='ltr'>sic</span> <span class='ocrx_word' id='word_1_180' title='bbox 1301 1598 1406 1636; x_wconf 82' lang='lat' dir='ltr'>facias</span> <span class='ocrx_word' id='word_1_181' title='bbox 1419 1608 1511 1637; x_wconf 73' lang='lat' dir='ltr'>soepe,</span> <span class='ocrx_word' id='word_1_182' title='bbox 1528 1598 1597 1628; x_wconf 79' lang='lat' dir='ltr'>inde</span> <span class='ocrx_word' id='word_1_183' title='bbox 1621 1606 1668 1627; x_wconf 85' lang='lat' dir='ltr'>re-</span> 
     </span>
     <span class='ocr_line' id='line_1_23' title="bbox 212 1639 1669 1682; baseline -0.001 -11"><span class='ocrx_word' id='word_1_184' title='bbox 212 1642 343 1671; x_wconf 73' lang='lat' dir='ltr'>verteris</span> <span class='ocrx_word' id='word_1_185' title='bbox 357 1643 477 1672; x_wconf 81' lang='lat' dir='ltr'>domum</span> <span class='ocrx_word' id='word_1_186' title='bbox 492 1645 557 1672; x_wconf 86' lang='lat' dir='ltr'>toto</span> <span class='ocrx_word' id='word_1_187' title='bbox 574 1642 690 1672; x_wconf 80' lang='lat' dir='ltr'>Senatu</span> <span class='ocrx_word' id='word_1_188' title='bbox 705 1641 880 1677; x_wconf 75' lang='lat' dir='ltr'>comitante,</span> <span class='ocrx_word' id='word_1_189' title='bbox 903 1642 991 1672; x_wconf 86' lang='lat' dir='ltr'>domo</span> <span class='ocrx_word' id='word_1_190' title='bbox 1006 1651 1089 1680; x_wconf 80' lang='lat' dir='ltr'>oegre</span> <span class='ocrx_word' id='word_1_191' title='bbox 1112 1641 1288 1672; x_wconf 81' lang='lat' dir='ltr'>continente</span> <span class='ocrx_word' id='word_1_192' title='bbox 1303 1641 1432 1682; x_wconf 79' lang='lat' dir='ltr'>officium</span> <span class='ocrx_word' id='word_1_193' title='bbox 1454 1639 1568 1680; x_wconf 77' lang='lat' dir='ltr'>populi.</span> <span class='ocrx_word' id='word_1_194' title='bbox 1614 1639 1669 1670; x_wconf 84' lang='lat' dir='ltr'>Me</span> 
     </span>
     <span class='ocr_line' id='line_1_24' title="bbox 210 1681 1668 1724; baseline -0.001 -11"><span class='ocrx_word' id='word_1_195' title='bbox 210 1684 363 1719; x_wconf 62' lang='lat' dir='ltr'>infelicem</span> <span class='ocrx_word' id='word_1_196' title='bbox 376 1684 390 1714; x_wconf 92' lang='lat'><em>!</em></span> <span class='ocrx_word' id='word_1_197' title='bbox 411 1685 489 1724; x_wconf 76' lang='lat' dir='ltr'>quod</span> <span class='ocrx_word' id='word_1_198' title='bbox 504 1693 559 1722; x_wconf 82' lang='lat' dir='ltr'>ego</span> <span class='ocrx_word' id='word_1_199' title='bbox 573 1694 633 1713; x_wconf 83' lang='lat' dir='ltr'>non</span> <span class='ocrx_word' id='word_1_200' title='bbox 648 1683 817 1723; x_wconf 79' lang='lat' dir='ltr'>conspicior</span> <span class='ocrx_word' id='word_1_201' title='bbox 831 1684 864 1714; x_wconf 81' lang='lat' dir='ltr'>in</span> <span class='ocrx_word' id='word_1_202' title='bbox 879 1684 933 1714; x_wconf 82' lang='lat' dir='ltr'>illo</span> <span class='ocrx_word' id='word_1_203' title='bbox 946 1684 1082 1723; x_wconf 81' lang='lat' dir='ltr'>agmine,</span> <span class='ocrx_word' id='word_1_204' title='bbox 1096 1693 1192 1723; x_wconf 79' lang='lat' dir='ltr'>neque</span> <span class='ocrx_word' id='word_1_205' title='bbox 1216 1683 1296 1714; x_wconf 76' lang='lat' dir='ltr'>oculi</span> <span class='ocrx_word' id='word_1_206' title='bbox 1310 1682 1408 1713; x_wconf 82' lang='lat' dir='ltr'>nostri</span> <span class='ocrx_word' id='word_1_207' title='bbox 1432 1685 1577 1722; x_wconf 78' lang='lat' dir='ltr'>poterunt</span> <span class='ocrx_word' id='word_1_208' title='bbox 1595 1681 1668 1719; x_wconf 79' lang='lat' dir='ltr'>frui</span> 
     </span>
     <span class='ocr_line' id='line_1_25' title="bbox 213 1724 1669 1765; baseline -0.001 -10"><span class='ocrx_word' id='word_1_209' title='bbox 213 1727 295 1756; x_wconf 71' lang='lat' dir='ltr'>istis.</span> <span class='ocrx_word' id='word_1_210' title='bbox 344 1726 476 1757; x_wconf 82' lang='lat' dir='ltr'>Cernam</span> <span class='ocrx_word' id='word_1_211' title='bbox 490 1726 591 1756; x_wconf 81' lang='lat' dir='ltr'>animo</span> <span class='ocrx_word' id='word_1_212' title='bbox 606 1735 664 1765; x_wconf 79' lang='lat' dir='ltr'>quo</span> <span class='ocrx_word' id='word_1_213' title='bbox 674 1735 795 1765; x_wconf 82' lang='lat' dir='ltr'>possum</span> <span class='ocrx_word' id='word_1_214' title='bbox 809 1728 1003 1765; x_wconf 81' lang='lat' dir='ltr'>quantumvis</span> <span class='ocrx_word' id='word_1_215' title='bbox 1013 1726 1186 1757; x_wconf 81' lang='lat' dir='ltr'>absentem:</span> <span class='ocrx_word' id='word_1_216' title='bbox 1209 1726 1262 1757; x_wconf 74' lang='lat' dir='ltr'>ille</span> <span class='ocrx_word' id='word_1_217' title='bbox 1276 1725 1446 1756; x_wconf 76' lang='lat' dir='ltr'>intuebitur</span> <span class='ocrx_word' id='word_1_218' title='bbox 1453 1724 1572 1762; x_wconf 81' lang='lat' dir='ltr'>faciem</span> <span class='ocrx_word' id='word_1_219' title='bbox 1590 1724 1669 1755; x_wconf 85' lang='lat' dir='ltr'>Con-</span> 
     </span>
     <span class='ocr_line' id='line_1_26' title="bbox 214 1765 1668 1809; baseline -0.001 -11"><span class='ocrx_word' id='word_1_220' title='bbox 214 1768 290 1799; x_wconf 74' lang='lat' dir='ltr'>sulis</span> <span class='ocrx_word' id='word_1_221' title='bbox 306 1769 365 1800; x_wconf 77' lang='lat' dir='ltr'>sui.</span> <span class='ocrx_word' id='word_1_222' title='bbox 410 1769 471 1800; x_wconf 75' lang='lat' dir='ltr'>Dii</span> <span class='ocrx_word' id='word_1_223' title='bbox 497 1772 646 1808; x_wconf 80' lang='lat' dir='ltr'>annuant,</span> <span class='ocrx_word' id='word_1_224' title='bbox 672 1777 779 1799; x_wconf 83' lang='lat' dir='ltr'>nomen</span> <span class='ocrx_word' id='word_1_225' title='bbox 804 1772 942 1799; x_wconf 81' lang='lat' dir='ltr'>nostrum</span> <span class='ocrx_word' id='word_1_226' title='bbox 965 1768 1024 1799; x_wconf 75' lang='lat' dir='ltr'>tibi</span> <span class='ocrx_word' id='word_1_227' title='bbox 1049 1773 1189 1800; x_wconf 80' lang='lat' dir='ltr'>recurrat</span> <span class='ocrx_word' id='word_1_228' title='bbox 1214 1769 1314 1809; x_wconf 78' lang='lat' dir='ltr'>aliquo</span> <span class='ocrx_word' id='word_1_229' title='bbox 1339 1771 1485 1808; x_wconf 84' lang='lat' dir='ltr'>tempore,</span> <span class='ocrx_word' id='word_1_230' title='bbox 1512 1770 1541 1798; x_wconf 81' lang='lat' dir='ltr'>et</span> <span class='ocrx_word' id='word_1_231' title='bbox 1567 1766 1638 1797; x_wconf 79' lang='lat' dir='ltr'>Heu</span> <span class='ocrx_word' id='word_1_232' title='bbox 1653 1765 1668 1798; x_wconf 73' lang='grc' dir='ltr'><em>Ι</em></span> 
     </span>
    </p>
   </div>
   <div class='ocr_carea' id='block_1_4' title="bbox 830 1854 1061 1866">
    <p class='ocr_par' dir='ltr' id='par_1_4' title="bbox 830 1854 1061 1866">
     <span class='ocr_line' id='line_1_27' title="bbox 830 1854 1061 1866; baseline 0.004 -1"><span class='ocrx_word' id='word_1_233' title='bbox 830 1854 1061 1866; x_wconf 55' lang='lat' dir='ltr'>aeeemetten</span> 
     </span>
    </p>
   </div>
   <div class='ocr_carea' id='block_1_5' title="bbox 210 1905 1673 2160">
    <p class='ocr_par' dir='ltr' id='par_1_5' title="bbox 210 1905 1673 2160">
     <span class='ocr_line' id='line_1_28' title="bbox 213 1905 1669 1948; baseline -0.003 -11"><span class='ocrx_word' id='word_1_234' title='bbox 213 1919 285 1947; x_wconf 76' lang='lat' dir='ltr'>quos</span> <span class='ocrx_word' id='word_1_235' title='bbox 313 1910 441 1948; x_wconf 62' lang='lat' dir='ltr'>impens.</span> <span class='ocrx_word' id='word_1_236' title='bbox 466 1919 550 1940; x_wconf 80' lang='lat' dir='ltr'>ores:</span> <span class='ocrx_word' id='word_1_237' title='bbox 574 1909 671 1940; x_wconf 85' lang='lat' dir='ltr'>multi</span> <span class='ocrx_word' id='word_1_238' title='bbox 702 1909 805 1940; x_wconf 83' lang='lat' dir='ltr'>etiam</span> <span class='ocrx_word' id='word_1_239' title='bbox 835 1909 961 1940; x_wconf 82' lang='lat' dir='ltr'>habent</span> <span class='ocrx_word' id='word_1_240' title='bbox 990 1910 1158 1940; x_wconf 65' lang='lat' dir='ltr'>tuna—34</span> <span class='ocrx_word' id='word_1_241' title='bbox 1182 1907 1302 1939; x_wconf 85' lang='lat' dir='ltr'>Heins.</span> <span class='ocrx_word' id='word_1_242' title='bbox 1332 1905 1426 1936; x_wconf 85' lang='lat' dir='ltr'>malit</span> <span class='ocrx_word' id='word_1_243' title='bbox 1459 1906 1495 1935; x_wconf 90' lang='lat' dir='ltr'>C.</span> <span class='ocrx_word' id='word_1_244' title='bbox 1524 1906 1669 1935; x_wconf 79' lang='lat' dir='ltr'>erunt.—</span> 
     </span>
     <span class='ocr_line' id='line_1_29' title="bbox 213 1945 1668 1994; baseline -0.004 -13"><span class='ocrx_word' id='word_1_245' title='bbox 213 1955 252 1981; x_wconf 78' lang='lat'>35</span> <span class='ocrx_word' id='word_1_246' title='bbox 279 1951 397 1982; x_wconf 79' lang='lat' dir='ltr'>Heius.</span> <span class='ocrx_word' id='word_1_247' title='bbox 414 1952 504 1992; x_wconf 85' lang='lat' dir='ltr'>conj.</span> <span class='ocrx_word' id='word_1_248' title='bbox 531 1953 688 1992; x_wconf 77' lang='lat' dir='ltr'>Cariaque</span> <span class='ocrx_word' id='word_1_249' title='bbox 703 1952 932 1992; x_wconf 80' lang='lat' dir='ltr'>excipiet.-—3⁷</span> <span class='ocrx_word' id='word_1_250' title='bbox 947 1953 1029 1982; x_wconf 84' lang='lat' dir='ltr'>Tres</span> <span class='ocrx_word' id='word_1_251' title='bbox 1042 1951 1121 1982; x_wconf 80' lang='lat' dir='ltr'>libri</span> <span class='ocrx_word' id='word_1_252' title='bbox 1136 1961 1221 1982; x_wconf 82' lang='lat' dir='ltr'>mens</span> <span class='ocrx_word' id='word_1_253' title='bbox 1236 1959 1298 1990; x_wconf 87' lang='lat' dir='ltr'>pro</span> <span class='ocrx_word' id='word_1_254' title='bbox 1311 1949 1469 1979; x_wconf 55' lang='lat' dir='ltr'>rom—38</span> <span class='ocrx_word' id='word_1_255' title='bbox 1494 1946 1574 1977; x_wconf 88' lang='lat' dir='ltr'>Duo</span> <span class='ocrx_word' id='word_1_256' title='bbox 1591 1945 1668 1994; x_wconf 76' lang='lat' dir='ltr'>libri</span> 
     </span>
     <span class='ocr_line' id='line_1_30' title="bbox 210 1991 1673 2035; baseline -0.003 -13"><span class='ocrx_word' id='word_1_257' title='bbox 210 2004 314 2033; x_wconf 75' lang='lat' dir='ltr'>prosp.</span> <span class='ocrx_word' id='word_1_258' title='bbox 331 2004 455 2034; x_wconf 79' lang='lat' dir='ltr'>quoeque</span> <span class='ocrx_word' id='word_1_259' title='bbox 467 1995 632 2025; x_wconf 76' lang='lat' dir='ltr'>dies.--40</span> <span class='ocrx_word' id='word_1_260' title='bbox 658 1994 741 2035; x_wconf 75' lang='lat' dir='ltr'>Scep.</span> <span class='ocrx_word' id='word_1_261' title='bbox 757 1994 873 2025; x_wconf 76' lang='lat' dir='ltr'>dabunt</span> <span class='ocrx_word' id='word_1_262' title='bbox 890 1998 959 2025; x_wconf 83' lang='lat' dir='ltr'>tres</span> <span class='ocrx_word' id='word_1_263' title='bbox 976 1994 1105 2034; x_wconf 84' lang='lat' dir='ltr'>scripti.</span> <span class='ocrx_word' id='word_1_264' title='bbox 1148 1993 1216 2024; x_wconf 91' lang='lat' dir='ltr'>Sed</span> <span class='ocrx_word' id='word_1_265' title='bbox 1245 1991 1370 2022; x_wconf 85' lang='lat' dir='ltr'>rectius</span> <span class='ocrx_word' id='word_1_266' title='bbox 1393 1999 1526 2021; x_wconf 84' lang='lat' dir='ltr'>causam</span> <span class='ocrx_word' id='word_1_267' title='bbox 1545 1992 1673 2028; x_wconf 78' lang='lat' dir='ltr'>gratias</span> 
     </span>
     <span class='ocr_line' id='line_1_31' title="bbox 216 2034 1668 2076; baseline -0.003 -11"><span class='ocrx_word' id='word_1_268' title='bbox 216 2037 279 2066; x_wconf 80' lang='lat' dir='ltr'>Dis</span> <span class='ocrx_word' id='word_1_269' title='bbox 297 2038 417 2075; x_wconf 78' lang='lat' dir='ltr'>agendi</span> <span class='ocrx_word' id='word_1_270' title='bbox 431 2038 486 2067; x_wconf 89' lang='lat' dir='ltr'>uni</span> <span class='ocrx_word' id='word_1_271' title='bbox 501 2037 625 2068; x_wconf 83' lang='lat' dir='ltr'>Caesari</span> <span class='ocrx_word' id='word_1_272' title='bbox 650 2037 879 2076; x_wconf 85' lang='lat' dir='ltr'>imputaverit.</span> <span class='ocrx_word' id='word_1_273' title='bbox 903 2037 1100 2068; x_wconf 52' lang='lat' dir='ltr'>Heius—43</span> <span class='ocrx_word' id='word_1_274' title='bbox 1125 2034 1270 2067; x_wconf 82' lang='lat' dir='ltr'>Plurimi</span> <span class='ocrx_word' id='word_1_275' title='bbox 1295 2043 1402 2064; x_wconf 84' lang='lat' dir='ltr'>cernar</span> <span class='ocrx_word' id='word_1_276' title='bbox 1417 2041 1478 2071; x_wconf 87' lang='lat' dir='ltr'>pro</span> <span class='ocrx_word' id='word_1_277' title='bbox 1507 2040 1668 2062; x_wconf 84' lang='lat' dir='ltr'>cernor.—</span> 
     </span>
     <span class='ocr_line' id='line_1_32' title="bbox 214 2073 1669 2121; baseline -0.002 -14"><span class='ocrx_word' id='word_1_278' title='bbox 214 2082 254 2107; x_wconf 69' lang='grc'>44</span> <span class='ocrx_word' id='word_1_279' title='bbox 280 2078 431 2110; x_wconf 68' lang='lat' dir='ltr'>Poterant</span> <span class='ocrx_word' id='word_1_280' title='bbox 448 2080 565 2110; x_wconf 79' lang='lat' dir='ltr'>Burm.</span> <span class='ocrx_word' id='word_1_281' title='bbox 584 2079 679 2110; x_wconf 87' lang='lat' dir='ltr'>dedit</span> <span class='ocrx_word' id='word_1_282' title='bbox 694 2089 733 2110; x_wconf 85' lang='lat' dir='ltr'>ex</span> <span class='ocrx_word' id='word_1_283' title='bbox 751 2081 819 2111; x_wconf 87' lang='lat' dir='ltr'>Ms.</span> <span class='ocrx_word' id='word_1_284' title='bbox 835 2080 965 2110; x_wconf 87' lang='lat' dir='ltr'>Bersm.</span> <span class='ocrx_word' id='word_1_285' title='bbox 978 2089 1039 2120; x_wconf 88' lang='lat' dir='ltr'>pro</span> <span class='ocrx_word' id='word_1_286' title='bbox 1057 2079 1146 2119; x_wconf 83' lang='lat' dir='ltr'>vulg.</span> <span class='ocrx_word' id='word_1_287' title='bbox 1158 2080 1307 2118; x_wconf 55' lang='lat' dir='ltr'>passuum</span> <span class='ocrx_word' id='word_1_288' title='bbox 1322 2076 1355 2106; x_wconf 90' lang='lat' dir='ltr'>in</span> <span class='ocrx_word' id='word_1_289' title='bbox 1374 2073 1572 2116; x_wconf 87' lang='lat' dir='ltr'>quibusdam</span> <span class='ocrx_word' id='word_1_290' title='bbox 1586 2077 1669 2121; x_wconf 65' lang='lat' dir='ltr'>yett.</span> 
     </span>
     <span class='ocr_line' id='line_1_33' title="bbox 215 2114 1664 2160; baseline -0.002 -12"><span class='ocrx_word' id='word_1_291' title='bbox 215 2120 316 2150; x_wconf 72' lang='lat' dir='ltr'>ctiam</span> <span class='ocrx_word' id='word_1_292' title='bbox 330 2124 572 2159; x_wconf 76' lang='grc' dir='ltr'>ροιεναηε.-45</span> <span class='ocrx_word' id='word_1_293' title='bbox 599 2122 775 2157; x_wconf 83' lang='lat' dir='ltr'>Quamlibet</span> <span class='ocrx_word' id='word_1_294' title='bbox 791 2132 834 2153; x_wconf 88' lang='lat' dir='ltr'>ex</span> <span class='ocrx_word' id='word_1_295' title='bbox 850 2122 970 2153; x_wconf 84' lang='lat' dir='ltr'>Heius.</span> <span class='ocrx_word' id='word_1_296' title='bbox 986 2121 1118 2153; x_wconf 85' lang='lat' dir='ltr'>emend.</span> <span class='ocrx_word' id='word_1_297' title='bbox 1156 2121 1291 2160; x_wconf 83' lang='lat' dir='ltr'>Fragm.</span> <span class='ocrx_word' id='word_1_298' title='bbox 1309 2118 1481 2149; x_wconf 79' lang='lat' dir='ltr'>Boxhorn.</span> <span class='ocrx_word' id='word_1_299' title='bbox 1501 2114 1664 2152; x_wconf 82' lang='lat' dir='ltr'>Qualzbet:</span> 
     </span>
    </p>
   </div>
   <div class='ocr_carea' id='block_1_6' title="bbox 214 2224 1666 2737">
    <p class='ocr_par' dir='ltr' id='par_1_6' title="bbox 869 2224 1013 2256">
     <span class='ocr_line' id='line_1_34' title="bbox 869 2224 1013 2256; baseline 0 0"><span class='ocrx_word' id='word_1_300' title='bbox 869 2224 1013 2256; x_wconf 83' lang='lat' dir='ltr'>NOTAE</span> 
     </span>
    </p>

    <p class='ocr_par' dir='ltr' id='par_1_7' title="bbox 214 2295 1666 2387">
     <span class='ocr_line' id='line_1_35' title="bbox 256 2295 1537 2338; baseline -0.002 -12"><span class='ocrx_word' id='word_1_301' title='bbox 256 2300 295 2327; x_wconf 70' lang='lat'>:35</span> <span class='ocrx_word' id='word_1_302' title='bbox 323 2297 433 2336; x_wconf 66' lang='lat' dir='ltr'>Curia]</span> <span class='ocrx_word' id='word_1_303' title='bbox 473 2298 581 2328; x_wconf 87' lang='lat' dir='ltr'>Locus</span> <span class='ocrx_word' id='word_1_304' title='bbox 597 2296 630 2327; x_wconf 88' lang='lat' dir='ltr'>in</span> <span class='ocrx_word' id='word_1_305' title='bbox 653 2306 753 2338; x_wconf 84' lang='lat' dir='ltr'>quem</span> <span class='ocrx_word' id='word_1_306' title='bbox 768 2297 911 2328; x_wconf 87' lang='lat' dir='ltr'>Senatus</span> <span class='ocrx_word' id='word_1_307' title='bbox 1010 2300 1051 2328; x_wconf 89' lang='grc'>40</span> <span class='ocrx_word' id='word_1_308' title='bbox 1076 2297 1188 2327; x_wconf 81' lang='lat' dir='ltr'>Facias</span> <span class='ocrx_word' id='word_1_309' title='bbox 1199 2297 1260 2336; x_wconf 83' lang='lat' dir='ltr'>ita]</span> <span class='ocrx_word' id='word_1_310' title='bbox 1289 2295 1429 2326; x_wconf 83' lang='lat' dir='ltr'>Gratias</span> <span class='ocrx_word' id='word_1_311' title='bbox 1445 2302 1537 2333; x_wconf 83' lang='lat' dir='ltr'>agas.</span> 
     </span>
     <span class='ocr_line' id='line_1_36' title="bbox 214 2343 1666 2387; baseline -0.002 -9"><span class='ocrx_word' id='word_1_312' title='bbox 214 2347 475 2378; x_wconf 74' lang='lat' dir='ltr'>convocabatur.</span> <span class='ocrx_word' id='word_1_313' title='bbox 1011 2347 1127 2387; x_wconf 81' lang='lat' dir='ltr'>Dabit]</span> <span class='ocrx_word' id='word_1_314' title='bbox 1157 2347 1224 2376; x_wconf 88' lang='lat' dir='ltr'>Seu</span> <span class='ocrx_word' id='word_1_315' title='bbox 1249 2345 1430 2376; x_wconf 86' lang='lat' dir='ltr'>Consulem</span> <span class='ocrx_word' id='word_1_316' title='bbox 1445 2343 1666 2384; x_wconf 88' lang='lat' dir='ltr'>designando,</span> 
     </span>
    </p>

    <p class='ocr_par' dir='ltr' id='par_1_8' title="bbox 260 2393 1537 2436">
     <span class='ocr_line' id='line_1_37' title="bbox 260 2393 1537 2436; baseline -0.002 -10"><span class='ocrx_word' id='word_1_317' title='bbox 260 2396 388 2436; x_wconf 79' lang='lat' dir='ltr'>Patres]</span> <span class='ocrx_word' id='word_1_318' title='bbox 411 2396 603 2426; x_wconf 80' lang='lat' dir='ltr'>Senatores.</span> <span class='ocrx_word' id='word_1_319' title='bbox 967 2406 1025 2427; x_wconf 84' lang='lat' dir='ltr'>sen</span> <span class='ocrx_word' id='word_1_320' title='bbox 1042 2396 1113 2426; x_wconf 86' lang='lat' dir='ltr'>aliis</span> <span class='ocrx_word' id='word_1_321' title='bbox 1128 2395 1301 2426; x_wconf 81' lang='lat' dir='ltr'>beneficiis</span> <span class='ocrx_word' id='word_1_322' title='bbox 1317 2393 1537 2425; x_wconf 86' lang='lat' dir='ltr'>demerendo.</span> 
     </span>
    </p>

    <p class='ocr_par' dir='ltr' id='par_1_9' title="bbox 216 2443 1666 2587">
     <span class='ocr_line' id='line_1_38' title="bbox 257 2443 1666 2484; baseline -0.001 -8"><span class='ocrx_word' id='word_1_323' title='bbox 257 2449 297 2476; x_wconf 80' lang='lat'>37</span> <span class='ocrx_word' id='word_1_324' title='bbox 323 2446 533 2484; x_wconf 63' lang='lat' dir='ltr'>Ham-averit]</span> <span class='ocrx_word' id='word_1_325' title='bbox 560 2445 837 2483; x_wconf 86' lang='lat' dir='ltr'>NoviConsules‚</span> <span class='ocrx_word' id='word_1_326' title='bbox 850 2445 913 2476; x_wconf 84' lang='lat' dir='ltr'>sci-</span> <span class='ocrx_word' id='word_1_327' title='bbox 1008 2448 1048 2476; x_wconf 86' lang='grc'>41</span> <span class='ocrx_word' id='word_1_328' title='bbox 1076 2444 1267 2483; x_wconf 81' lang='lat' dir='ltr'>Comitante]</span> <span class='ocrx_word' id='word_1_329' title='bbox 1298 2444 1431 2474; x_wconf 86' lang='lat' dir='ltr'>Morem</span> <span class='ocrx_word' id='word_1_330' title='bbox 1450 2447 1532 2475; x_wconf 85' lang='lat' dir='ltr'>nota</span> <span class='ocrx_word' id='word_1_331' title='bbox 1553 2443 1666 2475; x_wconf 89' lang='lat' dir='ltr'>lauda-</span> 
     </span>
     <span class='ocr_line' id='line_1_39' title="bbox 216 2493 1526 2535; baseline -0.002 -8"><span class='ocrx_word' id='word_1_332' title='bbox 216 2498 308 2535; x_wconf 76' lang='lat' dir='ltr'>licet,</span> <span class='ocrx_word' id='word_1_333' title='bbox 324 2495 455 2527; x_wconf 82' lang='lat' dir='ltr'>blandis</span> <span class='ocrx_word' id='word_1_334' title='bbox 478 2494 615 2525; x_wconf 84' lang='lat' dir='ltr'>vocibus</span> <span class='ocrx_word' id='word_1_335' title='bbox 632 2495 756 2534; x_wconf 81' lang='lat' dir='ltr'>gratias</span> <span class='ocrx_word' id='word_1_336' title='bbox 780 2504 840 2535; x_wconf 87' lang='lat' dir='ltr'>pro</span> <span class='ocrx_word' id='word_1_337' title='bbox 856 2495 913 2525; x_wconf 89' lang='lat' dir='ltr'>de·</span> <span class='ocrx_word' id='word_1_338' title='bbox 967 2496 1068 2528; x_wconf 88' lang='lat' dir='ltr'>bilem</span> <span class='ocrx_word' id='word_1_339' title='bbox 1085 2500 1119 2526; x_wconf 87' lang='lat' dir='ltr'>et</span> <span class='ocrx_word' id='word_1_340' title='bbox 1133 2495 1278 2525; x_wconf 81' lang='lat' dir='ltr'>maxime</span> <span class='ocrx_word' id='word_1_341' title='bbox 1293 2493 1526 2525; x_wconf 83' lang='lat' dir='ltr'>honorificum.</span> 
     </span>
     <span class='ocr_line' id='line_1_40' title="bbox 217 2542 1665 2587; baseline -0.001 -10"><span class='ocrx_word' id='word_1_342' title='bbox 217 2549 283 2579; x_wconf 86' lang='lat' dir='ltr'>lato</span> <span class='ocrx_word' id='word_1_343' title='bbox 300 2547 362 2578; x_wconf 75' lang='lat' dir='ltr'>sibi</span> <span class='ocrx_word' id='word_1_344' title='bbox 380 2547 588 2587; x_wconf 79' lang='lat' dir='ltr'>Magistratu</span> <span class='ocrx_word' id='word_1_345' title='bbox 605 2546 764 2587; x_wconf 82' lang='lat' dir='ltr'>agebant.</span> <span class='ocrx_word' id='word_1_346' title='bbox 1009 2550 1050 2578; x_wconf 80' lang='grc'>42</span> <span class='ocrx_word' id='word_1_347' title='bbox 1076 2544 1348 2587; x_wconf 79' lang='lat' dir='ltr'>Officiumpopuli]</span> <span class='ocrx_word' id='word_1_348' title='bbox 1375 2544 1444 2575; x_wconf 89' lang='lat' dir='ltr'>Pro</span> <span class='ocrx_word' id='word_1_349' title='bbox 1457 2544 1583 2585; x_wconf 88' lang='lat' dir='ltr'>populo</span> <span class='ocrx_word' id='word_1_350' title='bbox 1594 2542 1665 2576; x_wconf 85' lang='lat' dir='ltr'>offi-</span> 
     </span>
    </p>

    <p class='ocr_par' dir='ltr' id='par_1_10' title="bbox 217 2595 1521 2737">
     <span class='ocr_line' id='line_1_41' title="bbox 259 2595 1070 2636; baseline 0 -9"><span class='ocrx_word' id='word_1_351' title='bbox 259 2601 300 2627; x_wconf 82' lang='grc'>38</span> <span class='ocrx_word' id='word_1_352' title='bbox 327 2597 462 2636; x_wconf 76' lang='lat' dir='ltr'>Tulerit]</span> <span class='ocrx_word' id='word_1_353' title='bbox 493 2597 641 2636; x_wconf 75' lang='lat' dir='ltr'>Nempe,</span> <span class='ocrx_word' id='word_1_354' title='bbox 665 2596 696 2626; x_wconf 85' lang='lat' dir='ltr'>in</span> <span class='ocrx_word' id='word_1_355' title='bbox 720 2606 755 2626; x_wconf 87' lang='lat' dir='ltr'>re</span> <span class='ocrx_word' id='word_1_356' title='bbox 781 2595 854 2635; x_wconf 81' lang='lat' dir='ltr'>tali,</span> <span class='ocrx_word' id='word_1_357' title='bbox 876 2600 915 2626; x_wconf 85' lang='lat' dir='ltr'>ut</span> <span class='ocrx_word' id='word_1_358' title='bbox 967 2597 1070 2628; x_wconf 88' lang='lat' dir='ltr'>cioso.</span> 
     </span>
     <span class='ocr_line' id='line_1_42' title="bbox 217 2643 1521 2686; baseline -0.001 -9"><span class='ocrx_word' id='word_1_359' title='bbox 217 2648 315 2685; x_wconf 88' lang='lat' dir='ltr'>solet,</span> <span class='ocrx_word' id='word_1_360' title='bbox 338 2648 418 2677; x_wconf 81' lang='lat' dir='ltr'>laeta</span> <span class='ocrx_word' id='word_1_361' title='bbox 434 2651 469 2677; x_wconf 82' lang='lat' dir='ltr'>et</span> <span class='ocrx_word' id='word_1_362' title='bbox 485 2656 650 2686; x_wconf 84' lang='lat' dir='ltr'>prospera</span> <span class='ocrx_word' id='word_1_363' title='bbox 671 2646 782 2677; x_wconf 81' lang='lat' dir='ltr'>onmia</span> <span class='ocrx_word' id='word_1_364' title='bbox 805 2655 825 2676; x_wconf 86' lang='lat' dir='ltr'>a</span> <span class='ocrx_word' id='word_1_365' title='bbox 840 2654 916 2677; x_wconf 86' lang='lat' dir='ltr'>con-</span> <span class='ocrx_word' id='word_1_366' title='bbox 1009 2650 1051 2678; x_wconf 75' lang='lat'>46</span> <span class='ocrx_word' id='word_1_367' title='bbox 1074 2646 1145 2685; x_wconf 73' lang='lat' dir='ltr'><em>Sui]</em></span> <span class='ocrx_word' id='word_1_368' title='bbox 1174 2644 1328 2686; x_wconf 86' lang='lat' dir='ltr'>Pompeii</span> <span class='ocrx_word' id='word_1_369' title='bbox 1345 2645 1396 2678; x_wconf 86' lang='lat' dir='ltr'>sui</span> <span class='ocrx_word' id='word_1_370' title='bbox 1410 2643 1521 2678; x_wconf 81' lang='lat' dir='ltr'>amici.</span> 
     </span>
     <span class='ocr_line' id='line_1_43' title="bbox 217 2695 1387 2737; baseline 0.001 -11"><span class='ocrx_word' id='word_1_371' title='bbox 217 2697 411 2737; x_wconf 82' lang='lat' dir='ltr'>gratulante</span> <span class='ocrx_word' id='word_1_372' title='bbox 428 2696 527 2726; x_wconf 85' lang='lat' dir='ltr'>turba</span> <span class='ocrx_word' id='word_1_373' title='bbox 543 2696 755 2726; x_wconf 83' lang='lat' dir='ltr'>dicebantur.</span> <span class='ocrx_word' id='word_1_374' title='bbox 1010 2700 1052 2729; x_wconf 80' lang='grc'>48</span> <span class='ocrx_word' id='word_1_375' title='bbox 1075 2695 1148 2736; x_wconf 74' lang='lat' dir='ltr'>lete]</span> <span class='ocrx_word' id='word_1_376' title='bbox 1175 2696 1267 2728; x_wconf 84' lang='lat' dir='ltr'>Naso</span> <span class='ocrx_word' id='word_1_377' title='bbox 1283 2704 1387 2727; x_wconf 83' lang='lat' dir='ltr'>meus.</span> 
     </span>
    </p>
   </div>
   <div class='ocr_carea' id='block_1_7' title="bbox 259 2746 785 2786">
    <p class='ocr_par' dir='ltr' id='par_1_11' title="bbox 259 2746 785 2786">
     <span class='ocr_line' id='line_1_44' title="bbox 259 2746 785 2786; baseline 0 -9"><span class='ocrx_word' id='word_1_378' title='bbox 259 2750 300 2777; x_wconf 77' lang='lat'>39</span> <span class='ocrx_word' id='word_1_379' title='bbox 326 2747 402 2777; x_wconf 82' lang='lat' dir='ltr'>Cum</span> <span class='ocrx_word' id='word_1_380' title='bbox 420 2746 557 2786; x_wconf 66' lang='lat' dir='ltr'>Caesare]</span> <span class='ocrx_word' id='word_1_381' title='bbox 588 2747 633 2778; x_wconf 88' lang='lat' dir='ltr'>Et</span> <span class='ocrx_word' id='word_1_382' title='bbox 647 2746 785 2779; x_wconf 75' lang='lat' dir='ltr'>Caesari.</span> 
     </span>
    </p>
   </div>
  </div>
 </body>
</html>
