1877 3193
844 188 956 220 mis.
1512 182 1627 226 2819

173 282 314 337 Inque
333 283 422 326 tuis
440 284 609 339 opifex,
636 285 727 326 vati
751 285 870 339 quod
890 285 996 327 fecit
1014 283 1200 336 Achaeo,

229 351 387 393 Noxia
406 353 644 394 luminibus
666 353 842 406 spicula
861 353 1020 394 condat
1038 353 1156 407 apis.

174 417 314 460 Fixus
334 423 376 460 et
394 420 437 460 in
457 420 578 461 duris
599 422 792 474 carparis
812 421 984 462 viscera
1003 422 1126 463 saxis
1145 435 1154 462 :

231 486 293 527 Ut
312 487 384 527 cui
405 487 575 541 Pyrrha
597 489 666 529 sui
688 489 778 529 filia
797 488 943 529 fratris
965 493 1073 529 erat.

175 552 239 594 Ut
257 567 367 607 puer
387 555 666 608 Harpagides
687 555 850 595 referas
869 554 1078 608 exempla
1097 554 1324 609 Thyesteo,

232 620 370 674 Inque
389 623 450 662 tui
470 635 616 663 caesus
636 620 806 661 viscera
826 620 963 674 patris
984 634 1075 662 eas.

172 687 348 729 Trunca
366 701 492 741 geras
513 701 636 729 saevo
657 687 868 729 mutilatis
890 688 1093 741 partibus
1113 701 1231 739 ense,

230 753 395 804 Qualia
417 755 666 796 Mimnermi
686 757 883 797 membra
900 756 1040 797 fuisse
1061 757 1215 798 ferunt.

170 820 325 874 thue
349 822 582 877 Syracosio
604 825 852 877 praestricta
873 825 1001 866 fauce
1023 824 1186 878 poetae,

230 889 305 931 Sic
327 891 483 931 animae
498 890 658 944 laqueo
680 892 737 934 sit
755 893 829 933 via
850 893 1003 933 clausa
1023 897 1126 934 tuae.

1543 423 1628 466 545

1544 759 1631 801 550

173 1010 291 1043 amieos
307 1010 428 1050 noxios,
453 1011 621 1051 quodfecit
645 1013 744 1052 po'e'toe
762 1014 886 1045 Achaeo.
934 1015 978 1046 Et
1003 1015 1154 1054 alligatus
1172 1015 1291 1055 asperis
1315 1014 1444 1055 rupibus
1467 1015 1630 1046 dilanieris

168 1053 354 1093 pracordiu,
380 1056 415 1084 ut
442 1055 490 1085 cui
507 1055 635 1095 Pyrrha
652 1055 723 1093 fuit
738 1056 814 1098 filia
832 1056 960 1095 fratris.
1008 1057 1140 1098 Referus
1161 1059 1299 1098 exempla
1319 1058 1470 1098 Tliyestae,
1493 1061 1528 1088 ut
1554 1066 1631 1098 puer·

174 1096 386 1136 Harpagides,
411 1100 439 1127 et
456 1101 608 1129 mut-tatus
622 1099 726 1129 venias
749 1100 783 1130 in
806 1100 1007 1131 ventriculum
1024 1101 1070 1131 ttn'
1083 1101 1235 1141 parentis.
1282 1101 1381 1132 Feras
1395 1104 1482 1132 artus
1496 1100 1633 1148 mutilos?

1243 1187 1296 1218 Vel
1311 1190 1364 1217 tua
1377 1143 1632 1227 praevefilrgiaviiii:

172 1138 316 1169 membris
338 1141 461 1170 resectis
479 1140 551 1179 fero
564 1142 684 1180 gladio,
710 1143 814 1181 quales
836 1143 943 1174 dicunt
959 1144 1062 1182 fuisse
1075 1147 1164 1174 artus
1187 1144 1381 1175 Mimnermi.

171 1180 335 1222 Syracosio
350 1181 411 1213 iter
431 1183 474 1213 sit
495 1185 679 1224 praeclusum
695 1185 776 1223 fune
791 1187 918 1226 spiritui
933 1190 996 1228 tuo,
1016 1187 1092 1227 gula
1107 1187 1192 1219 elisa.

779 1273 1018 1286 eeeeeeeeeeee

173 1321 226 1352 bns
247 1324 278 1353 et
299 1322 365 1353 inn.
390 1326 425 1353 et
449 1323 542 1363 prior
570 1323 777 1354 Urbis—547
803 1324 842 1354 In
859 1323 1005 1363 vulgatis
1023 1323 1227 1364 Harpyages:
1254 1323 1374 1354 Heins-
1391 1323 1486 1354 dedit
1506 1324 1631 1364 Harpa·

168 1364 260 1401 gides
274 1373 315 1394 ex
331 1365 468 1404 scriptis
482 1376 489 1395 ι
505 1366 513 1382 ‘
532 1365 734 1404 Har-paam,
749 1365 935 1405 Argaphioe,
950 1366 1138 1405 Arpagigoe‚
1159 1366 1327 1405 Arpugicoe
1347 1366 1502 1397 variante
1528 1368 1633 1407 scrip-

171 1411 247 1436 tura
261 1406 454 1437 Sarravian.
492 1406 664 1446 Arpagigoe
686 1407 813 1447 Regius
829 1412 864 1438 et
883 1407 949 1438 (luo
966 1409 1040 1439 alii:
1065 1408 1268 1447 Harpagiges
1292 1408 1380 1439 alter
1405 1408 1525 1440 Petav.
1570 1410 1633 1440 Ar-

105 1468 108 1470 -
168 1449 274 1488 piagae
304 1449 432 1487 Regius
458 1449 566 1479 alter:
591 1450 743 1488 Arpagioe
773 1448 948 1480 Gallicus:
984 1449 1041 1479 alii
1071 1450 1192 1487 aliter;
1228 1450 1288 1480 sed
1315 1459 1430 1480 omnes
1459 1452 1631 1483 mendose.

172 1491 394 1522 Burm.—550
417 1490 457 1521 Iu
473 1490 617 1529 vulgatis
634 1495 708 1522 erat
725 1491 914 1527 IlIamertis,·
939 1491 1074 1532 quidam
1091 1492 1194 1522 etiam
1211 1492 1357 1532 Mycerm·
1369 1503 1379 1522 .·
1404 1497 1439 1523 at
1453 1502 1495 1522 ex
1512 1494 1632 1533 pleris-

172 1542 236 1574 que
253 1537 339 1565 vett.
365 1532 485 1564 Heius.
511 1532 642 1573 recepit
668 1533 868 1564 Mimnermi:
894 1534 1032 1565 Minervi
1055 1535 1109 1564 vel
1125 1535 1294 1566 anertae
1318 1535 1452 1565 Sarrav.
1495 1537 1632 1568 Minerri

175 1575 326 1616 Regius:
358 1576 500 1607 Minerni
525 1580 619 1607 tres:
645 1576 801 1607 Minervae
828 1576 1003 1608 Gallicus:
1040 1577 1097 1608 alii
1122 1578 1274 1618 Nisa-erni,
1295 1577 1453 1619 Mycerni,
1474 1579 1629 1619 Myon-eui.

834 1662 975 1694 NOTAE

172 1733 306 1766 cubitus
322 1733 513 1773 suspicione
538 1743 613 1764 cum
630 1734 725 1774 Lyco
751 1732 875 1764 marito

172 1793 243 1823 suo,
256 1784 446 1815 Thebarum
461 1788 554 1824 rege,
570 1784 602 1814 iu
620 1783 769 1815 tenebris
784 1784 876 1815 clau-

971 1735 1033 1765 543
1057 1731 1186 1773 Achaeo]
1212 1732 1334 1764 Plures
1350 1731 1490 1764 suerunt
1511 1743 1550 1764 eo
1575 1743 1631 1766 no-

928 1784 1028 1815 mine.
1058 1783 1174 1823 Capiti
1191 1792 1270 1814 vero
1285 1782 1386 1823 hujus
1403 1782 1445 1813 de
1460 1791 1526 1823 quo
1543 1793 1632 1816 nune

171 1833 317 1865 dendam
335 1843 408 1864 eam
425 1834 638 1873 imperasset.

214 1886 278 1915 539
301 1883 426 1924 Pellem]
462 1884 652 1915 Philomela
684 1889 750 1922 est,
779 1885 874 1926 quus

171 1933 319 1965 fabulam
337 1933 413 1965 vide
430 1933 463 1964 in
481 1934 625 1966 Metam.

213 1988 276 2017 541
303 1985 469 2024 Conditor]
517 1985 602 2018 Quis
627 1985 681 2016 hic
704 1984 808 2016 fuerit
837 1989 875 2017 ut

170 2035 367 2066 invenirent
394 2036 535 2066 multum
558 2045 631 2067 sese
646 2035 876 2076 fatigaverunt

171 2091 476 2124 commentatores;
502 2085 629 2117 frustra
642 2095 717 2117 meo
729 2086 873 2126 judicio,

172 2147 282 2179 neque
299 2138 385 2169 certi
398 2138 578 2178 quicquam
596 2138 706 2176 video,
720 2138 783 2168 nisi
799 2147 875 2169 cum

172 2187 309 2218 doctiss.
342 2187 522 2227 Salvagnio
538 2187 587 2217 ita
602 2187 707 2227 legas,
725 2188 877 2226 Cognitor

173 2239 208 2267 ut
226 2237 315 2267 tarde
339 2236 462 2267 Blaesus
483 2237 661 2275 cognomine
686 2238 799 2277 Cyroe:
826 2242 876 2268 at-

173 2296 239 2328 que
262 2286 411 2318 fabulam
429 2287 472 2318 de
496 2288 600 2318 Batto
618 2287 802 2328 intelligas,
818 2289 876 2328 qui

173 2336 308 2377 quidem
322 2337 446 2367 blaesus
463 2342 501 2368 ut
514 2347 556 2368 ex
576 2339 702 2371 Justiui
721 2339 779 2369 lib.
795 2347 875 2370 xiii.

174 2389 331 2426 apparet,
357 2386 514 2426 Cyrenen
544 2397 587 2417 ex
614 2388 741 2418 oraculi
764 2388 875 2428 jussu,

176 2445 366 2479 quanquam
387 2446 476 2475 sero,
493 2447 532 2468 eo
556 2439 664 2469 miuus
687 2439 877 2479 intellecto,

174 2489 209 2519 in
232 2488 321 2529 Cyra
350 2491 465 2518 monte
492 2489 653 2520 condidit.
711 2488 758 2520 At
785 2490 874 2519 enim

175 2539 347 2571 Justinum
366 2538 476 2578 ipsum
494 2539 561 2579 adi,
576 2550 617 2570 ex
643 2549 708 2581 quo
731 2549 800 2570 rem
826 2544 876 2570 to-

176 2593 245 2620 tam
261 2589 446 2628 intelliges.

217 2641 281 2670 542
307 2639 402 2669 Orbis
417 2638 465 2678 in]
499 2639 570 2670 Diu
587 2649 731 2681 namque
748 2639 875 2670 erravit

178 2690 302 2720 Battus
317 2694 498 2728 antequam
524 2687 558 2718 in
582 2687 735 2720 Africam
759 2699 876 2731 perve-

177 2739 279 2780 niret,
295 2748 369 2782 quae
385 2738 443 2770 ubi
458 2744 549 2771 esset
564 2739 749 2774 nesciebat.

929 1835 1055 1875 agitur,
1071 1843 1147 1865 cum
1172 1833 1205 1864 in
1225 1833 1323 1864 horto
1347 1833 1549 1873 ambularet,
1576 1842 1633 1875 ag·

928 1895 1005 1916 men
1034 1895 1136 1925 apum
1158 1883 1303 1922 insedit;
1328 1883 1417 1924 quod
1433 1893 1509 1914 cum
1528 1884 1633 1915 vellet

929 1936 1116 1976 expellere,
1149 1945 1263 1966 earum
1302 1935 1426 1965 aculeis
1457 1935 1632 1967 oculorum

929 1987 1003 2018 acie
1018 1986 1144 2017 dicitur
1161 1985 1326 2026 privatus,
1343 1989 1380 2016 ut
1407 1984 1512 2016 tradit
1532 1989 1630 2016 vetus

929 2037 1110 2076 interpres.

973 2088 1036 2117 546
1061 2085 1122 2116 Cui
1138 2084 1280 2126 Pyrrha]
1315 2083 1540 2115 Prometheus
1557 2086 1630 2114 est:

930 2136 1004 2177 ejus
1022 2136 1149 2177 quippe
1166 2134 1273 2166 frater
1285 2134 1507 2176 Epimetheus
1529 2133 1632 2164 filiam

930 2186 1048 2217 habuit
1081 2186 1260 2226 Pyrrham.
1328 2185 1479 2216 Caucaso
1517 2188 1632 2214 autem

931 2236 1067 2268 affixum
1083 2235 1187 2267 fuisse
1204 2236 1310 2275 illum,
1334 2235 1391 2265 ubi
1410 2235 1510 2275 jecur
1526 2243 1545 2264 a
1562 2234 1633 2264 vul-

930 2293 1006 2319 ture
1022 2286 1238 2324 exederetur,
1251 2287 1324 2326 jam
1341 2286 1465 2326 saepius
1480 2285 1621 2315 dictum.

972 2341 1035 2369 547
1059 2337 1277 2378 Harpagides]
1301 2335 1456 2375 Harpagi
1475 2334 1575 2372 filius,
1595 2338 1633 2366 ut

930 2398 971 2420 ex
984 2388 1123 2420 ,Iustino
1149 2391 1293 2426 apparet
1313 2390 1415 2425 atque
1441 2384 1633 2423 Herodoto,

931 2438 1094 2478 Cyaxaris
1113 2436 1291 2467 Medorum
1309 2435 1395 2474 regis
1408 2435 1518 2474 jussu,
1544 2434 1633 2475 patri

929 2490 961 2519 in
978 2488 1094 2527 epulas
1111 2485 1176 2516 fuit
1192 2484 1378 2525 appositus,
1402 2484 1491 2524 quod
1514 2484 1540 2514 is
1566 2485 1633 2524 Q-

931 2548 1002 2568 rum
1020 2541 1194 2576 nepotem,
1212 2534 1261 2564 uti
1287 2534 1482 2564 mandatum
1506 2533 1633 2574 suerat,

931 2597 996 2617 non
1019 2585 1228 2625 peremisset.
1254 2584 1391 2615 Clariss.
1407 2583 1562 2624 Salvagu.
1586 2584 1633 2615 le-

931 2638 980 2676 git
1008 2636 1217 2676 Hui-Imeces,
1246 2639 1282 2665 et
1309 2634 1350 2664 de
1378 2635 1529 2674 Clymeni
1561 2633 1632 2666 filia

932 2696 1120 2717 sermonem
1145 2695 1218 2716 esse
1242 2684 1438 2724 contentum
1461 2684 1559 2725 cujus
1584 2684 1632 2715 fa-

931 2737 1043 2768 bulam
1060 2735 1169 2767 refert
1185 2735 1352 2776 Hyginus.
