1877 3193
206 178 320 220 2710
695 191 734 219 P.
770 190 929 219 ovum
965 190 1179 222 NASONIS

208 283 305 325 Nec
327 285 407 326 tibi
428 286 481 325 de
506 284 635 326 Pario
657 288 863 333 statuam,
886 283 1163 335 Germanice,
1185 287 1393 340 templum

266 351 510 393 Marmore:
543 352 707 404 carpsit
728 363 835 404 opes
855 351 932 392 illa
951 353 1077 393 ruina
1097 366 1230 394 meas.

203 418 390 472 Templa
411 419 564 459 domus
585 419 713 459 vobis
733 418 901 459 faciant
922 421 1141 474 urbesque
1161 422 1303 462 beatae
1321 435 1329 460 ;

264 485 391 526 Naso
413 487 503 526 suis
522 486 697 538 opibus,
718 486 926 536 carmine,
949 493 1094 539 gratus
1114 489 1207 529 erit.

206 552 354 593 Parva
376 553 550 606 quidem
573 553 710 593 fateor
731 566 812 605 pro
833 554 1001 606 magnis
1022 567 1196 595 munera
1218 554 1352 603 reddi,
1613 555 1670 598 35

264 619 377 660 Cum
398 633 476 673 pro
500 632 712 660 concessa
734 621 871 660 verba
892 621 1031 660 salute
1053 621 1220 662 damus.

207 685 295 727 Sed
317 687 408 740 qui,
430 699 561 739 quam
583 685 744 738 potuit,
768 686 845 725 dat
866 687 1078 736 maxima,
1100 692 1250 740 gratus
1273 688 1449 730 abunde
1470 691 1560 740 est3

264 752 322 793 Et
343 752 474 793 finem
496 753 639 806 pietas
664 752 848 804 contigit
867 752 943 792 illa
967 765 1108 794 suum.

208 819 252 861 N
256 833 321 870 ec,
344 833 444 873 quae
468 821 520 860 de
542 832 679 872 parva
702 818 785 858 Dis
807 832 977 872 pauper
997 818 1108 859 libat
1130 832 1294 871 acerra,

262 887 413 927 Thura
433 888 592 936 minus⁷
615 886 767 938 grandi
790 899 924 939 quam
946 886 1050 927 data
1070 887 1211 937 lance,
1233 888 1395 929 valent.
1612 890 1669 931 40

208 952 422 1007 Agnaque
444 958 531 994 tam
552 954 736 1004 lactens,
757 967 890 1008 quam
911 955 1102 1007 gramine
1120 959 1251 1008 pasta
1274 956 1455 998 Falisco

265 1021 475 1071 Victima,
493 1022 710 1075 Tarpeios
731 1022 870 1063 inficit
889 1023 979 1064 icta
999 1022 1140 1064 focos.

209 1087 307 1129 Nec
329 1095 485 1138 tamen,
510 1089 654 1130 officio
676 1092 824 1130 vatum
846 1104 925 1144 per
947 1092 1143 1131 carmina
1162 1090 1300 1140 facto,

268 1155 547 1209 Principibus
568 1170 636 1197 res
658 1162 727 1197 est
745 1159 909 1210 gratior
929 1158 1018 1200 ulla
1037 1159 1160 1200 viris.

209 1221 412 1263 Carmina
431 1228 670 1264 vestrarum
688 1230 898 1278 peragunt
918 1227 1145 1279 praeconia
1162 1225 1339 1266 laudum
1357 1239 1367 1266 ;
1613 1225 1670 1266 45

268 1290 394 1331 Neve
416 1291 472 1331 sit
493 1296 690 1332 actorum
712 1292 825 1332 fama
847 1294 1021 1333 caduca
1042 1297 1218 1334 cavent.

214 1411 268 1440 Dii
281 1412 410 1449 possint.
456 1412 563 1450 Neque
577 1410 635 1441 tibi
652 1421 762 1450 ponam
785 1412 879 1441 oedem
901 1421 940 1442 ex
955 1421 1104 1442 marmore
1123 1411 1231 1450 Pario,
1254 1409 1448 1440 Germanice.
1495 1409 1555 1440 Illa
1569 1410 1670 1443 clades

206 1454 431 1483 .s-11st1‹[it›1zens
446 1453 584 1483 divitias.
629 1454 748 1483 Domus
770 1456 800 1483 et
825 1454 937 1492 oppida
953 1454 1063 1490 felicia
1088 1457 1228 1483 statuant
1249 1452 1334 1482 vobis
1358 1454 1449 1483 cedes.
1496 1452 1581 1483 Naso
1606 1454 1667 1484 erit

206 1499 316 1532 gratus
330 1496 395 1525 suis
419 1495 552 1532 divitiis,
567 1504 691 1534 nempe
706 1495 854 1525 versibus.
900 1496 1044 1533 Agnosco
1058 1496 1196 1534 equidem
1222 1495 1338 1532 exigua
1362 1495 1442 1524 (Iona
1464 1496 1591 1533 rependi
1610 1506 1669 1536 pro

208 1537 395 1575 ingentibus,
411 1547 478 1567 cum
491 1537 661 1577 proebemus
676 1547 761 1567 voces
774 1547 830 1577 pro
844 1538 1058 1568 incolumitate
1073 1539 1157 1568 duta.
1205 1537 1317 1568 Verum
1332 1536 1390 1566 ille
1407 1539 1452 1566 est
1464 1540 1576 1574 gratus
1591 1540 1668 1569 satis

207 1590 365 1620 superque,
380 1580 432 1619 qm·
445 1580 562 1620 prcebet
575 1590 665 1620 quam
677 1580 782 1620 potuit
796 1580 934 1610 maxima
947 1590 956 1614 ,·
979 1583 1068 1620 utque
1085 1580 1139 1610 illa
1150 1580 1251 1619 pietas
1263 1579 1403 1619 pervenit
1417 1579 1457 1609 ad
1467 1579 1669 1621 suumfinem.

212 1624 318 1663 Neque
334 1623 426 1653 thura
441 1633 508 1662 quoe
525 1623 609 1662 inops
621 1623 739 1662 praebet
760 1624 797 1653 de
822 1622 905 1653 tenui
928 1623 1083 1653 thuribulo
1106 1623 1210 1653 minus
1221 1626 1318 1661 grata
1332 1625 1405 1652 sunt
1421 1631 1511 1662 quam
1528 1622 1669 1654 exhibita

208 1675 322 1700 umens
346 1666 467 1704 patina.
515 1665 646 1705 Tamque
665 1675 747 1704 agna
762 1667 889 1704 lactens,
904 1676 996 1705 quam
1011 1665 1110 1696 hostia
1124 1666 1246 1696 nutrita
1260 1665 1354 1695 herba
1371 1664 1506 1702 Falisca,
1527 1674 1670 1704 percussa

209 1707 306 1745 tingit
322 1708 435 1738 altat-in
455 1708 598 1747 Tarpeia.
644 1708 751 1748 Neque
766 1712 868 1739 tamen
893 1709 955 1738 ulla
978 1718 1028 1738 res
1053 1711 1097 1739 est
1125 1708 1225 1747 magis
1247 1711 1373 1747 accepta
1388 1707 1464 1738 viris
1478 1707 1670 1748 principibus

208 1751 305 1790 officio
329 1750 467 1781 exhibito
492 1760 547 1789 per
571 1759 676 1780 versus
702 1751 881 1782 Poetarum.
932 1751 1044 1781 Versus
1068 1751 1227 1781 absolvunt
1253 1750 1469 1781 celebrationes
1495 1754 1669 1782 vestrarum

207 1793 356 1828 laurinum
380 1795 409 1823 et
420 1793 615 1832 prospiciunt
630 1803 668 1824 ne
684 1792 776 1831 fama
791 1794 953 1830 factorum
967 1797 1121 1828 vanescat.
1172 1794 1278 1824 Virtus
1292 1793 1338 1835 fit
1364 1793 1548 1824 immortalis
1571 1793 1669 1823 versi-

822 1876 1057 1888 oeoeoaemeoe

211 1936 245 1960 et
276 1929 475 1962 Medonian.
506 1931 605 1971 rapid.
632 1931 801 1962 redolentia
820 1931 945 1971 flamm.
973 1936 1008 1963 et
1035 1931 1127 1963 Leid.
1153 1930 1399 1962 salamim—32
1423 1929 1491 1960 Pro
1518 1928 1574 1959 illa
1601 1930 1669 1961 Ms-

209 1974 340 2003 Bersm.
357 1973 439 2004 ista:
464 1974 663 2004 Medonian.
690 1978 803 2010 tantm·
827 1974 917 2015 quod
941 1979 977 2006 et
1004 1974 1122 2005 Heius.
1150 1974 1364 2015 placet.—36
1387 1973 1468 2005 Jun.
1494 1972 1580 2003 Dum
1607 1981 1669 2013 pro

213 2017 388 2047 (mm—37
412 2016 507 2047 Leia.
525 2022 561 2048 et
578 2017 620 2047 R.
638 2016 700 2047 Sed
716 2017 768 2057 qui
779 2018 859 2057 quod
881 2020 947 2056 pot.
972 2018 1012 2049 P.
1026 2018 1117 2048 Dan.
1134 2016 1203 2057 quis
1218 2026 1308 2056 quae;
1330 2020 1462 2055 septem
1479 2014 1532 2054 qui
1547 2025 1669 2055 quan—-

211 2058 295 2088 Mox
313 2058 440 2089 Bersm.
457 2069 584 2090 munera
603 2069 662 2099 pro
679 2061 815 2090 maxima
827 2070 837 2090 .·
862 2065 898 2090 et
913 2060 1009 2091 Leid.
1023 2063 1109 2098 grat.
1128 2058 1355 2090 hachetun—39
1379 2057 1575 2089 Medoniau.
1600 2057 1668 2089 Nec

210 2102 288 2137 quod
313 2102 349 2131 de
370 2111 467 2139 parra
493 2102 563 2131 thus
584 2106 769 2142 paup.—-40
794 2103 863 2133 Pro
879 2104 981 2133 valent
1009 2103 1048 2133 V.
1076 2112 1152 2134 cum
1170 2102 1242 2132 aliis
1261 2099 1608 2141 quibusdamjuvant;
1632 2104 1668 2130 et

212 2151 296 2171 uuus
309 2143 523 2181 placent—41
546 2145 587 2174 V.
601 2145 1008 2183 gramina...Fazisca.—44
1028 2146 1161 2176 Gratior
1176 2154 1218 2175 ex
1233 2143 1329 2174 Leid.
1346 2148 1381 2174 et
1395 2142 1576 2173 duodecim
1595 2142 1669 2173 aliis

212 2193 287 2214 cum
316 2194 366 2223 pr.
392 2184 454 2215 Ed.
476 2186 653 2226 rescripsit
672 2186 791 2217 Heius.
810 2188 899 2227 vulg.
914 2189 1115 2227 aptiora—45
1140 2187 1208 2217 Pro
1221 2190 1394 2217 vestrarum
1409 2184 1544 2226 quidam
1560 2183 1667 2215 Codd.

874 2271 1011 2302 NOTAE

212 2341 353 2380 rexerit,
370 2345 472 2381 atque
489 2351 551 2380 ego
568 2341 680 2371 salvus
697 2340 804 2372 fuero.
1010 2341 1124 2380 Pasta]
1153 2341 1238 2372 Quae
1255 2349 1337 2379 ergo
1361 2338 1477 2379 specie
1501 2342 1536 2369 et
1553 2339 1668 2370 valore

256 2393 294 2420 31
321 2390 433 2430 Pario]
458 2390 559 2424 Quod
581 2390 852 2421 candidissimum
869 2399 911 2420 ex
968 2390 1197 2431 praestantior.

213 2441 304 2470 Paro
335 2441 451 2480 insula,
482 2441 573 2472 inter
610 2441 775 2481 Cyclades
811 2441 911 2472 maris
1012 2440 1146 2480 Falisco]
1177 2440 1229 2470 De
1252 2449 1292 2470 eo
1308 2439 1406 2480 paulo
1426 2439 1593 2479 superins,
1609 2439 1665 2471 ubi

212 2491 321 2531 ffigaei
338 2502 415 2531 una,
431 2492 626 2532 petebatur.
968 2490 1055 2521 vide.

256 2546 294 2572 :31
322 2543 451 2582 Opibus,
463 2541 613 2582 carmine]
649 2541 828 2582 Appositio
846 2547 911 2573 est.
1010 2545 1050 2572 42
1074 2539 1233 2581 Tarpeios]
1263 2540 1472 2580 Capitoiinas
1487 2548 1573 2578 arm,
1590 2549 1666 2580 quae

215 2593 370 2622 (jai-mina
386 2593 571 2623 Poetarum
593 2596 670 2623 sunt
686 2592 828 2623 divitiae.
967 2592 1000 2623 in
1015 2596 1127 2623 monte
1145 2590 1337 2631 Capitolino
1359 2600 1417 2620 seu
1431 2590 1598 2630 Tarpei03
1622 2590 1665 2620 de

257 2645 298 2670 :w
320 2643 452 2682 Acerra]
482 2644 550 2674 Vas
567 2647 619 2674 est
635 2643 693 2674 ubi
708 2643 785 2675 thus
802 2644 912 2676 adole·
967 2654 1032 2685 quo
1045 2648 1080 2674 et
1095 2652 1197 2682 snpra
1211 2642 1345 2682 saepius.

217 2692 308 2722 bant.
1008 2697 1049 2725 44
1076 2692 1222 2733 Cratior]
1254 2692 1355 2730 Quia,
1381 2691 1525 2731 scilicet,
1546 2689 1663 2731 quovis

258 2745 297 2774 -ss
321 2743 468 2783 Lacteus]
498 2743 662 2786 Adeoque
679 2744 812 2785 pusilla.
966 2754 1033 2777 aere
1048 2743 1202 2776 stabilior
1220 2743 1327 2784 gloria
1342 2751 1418 2784 qua:
1440 2739 1589 2774 versibus
1609 2749 1664 2772 ce-
