1877 3193
243 162 357 206 2810
730 177 768 206 P.
800 173 958 205 ovmn
991 175 1204 209 NAsonis

241 268 336 312 Aut
356 273 398 312 te
419 270 636 312 devoveat
655 269 783 311 certis
802 269 986 313 Abdera
1005 271 1175 323 diebuS‚

302 337 512 391 Saxaque
532 337 739 378 devotum
757 337 961 390 grandine
980 340 1107 392 plura
1126 343 1285 393 petant.

243 402 338 446 Aut
356 404 386 446 J
389 406 484 446 ovis
505 405 654 446 infesti
672 406 759 447 telo
780 405 934 448 feriare
954 408 1135 449 trisulco
1154 421 1164 459 3

300 472 362 513 Ut
379 477 502 514 satus
525 473 790 527 Hipponoo,
811 473 1136 529 Dosithoe'sque
1157 480 1291 531 pater.

244 539 306 581 Ut
324 553 447 581 soror
466 539 711 592 Autonoes,
733 545 781 582 ut
801 543 873 583 cui
893 546 1122 585 matertera
1145 545 1270 586 Maia
1290 549 1378 586 est:

301 607 364 649 Ut
385 612 545 648 temere
567 611 743 661 optatos
767 610 844 661 qui
870 610 987 650 male
1006 611 1124 652 rexit
1141 625 1295 665 equos,

244 673 305 715 Ut
324 675 438 715 ferus
460 675 678 725 AEolides,
700 679 750 717 ut
768 677 979 730 sanguine
999 681 1145 718 cretus
1163 679 1329 729 eodem,

299 739 401 792 Quo
422 743 570 795 genita
591 747 672 793 est,
694 743 877 797 liquidis
899 756 1000 796 quae
1022 748 1140 785 earet
1162 743 1325 786 Arctos
1347 747 1487 800 aquis.

1614 341 1697 383 470

1611 680 1696 720 475

243 852 389 892 exagitet
400 854 528 884 statutis
537 854 655 895 diebus,
664 859 693 886 et
704 856 821 895 lapides
830 856 999 888 crebriores
1007 856 1163 896 grandine
1172 857 1339 888 mittantur
1351 857 1384 887 in
1396 861 1428 888 te
1441 857 1520 889 diris
1530 857 1698 888 addictum.

249 895 301 925 Vel
321 896 466 935 tangaris
480 897 540 927 telo
556 897 683 928 trisulco
698 899 789 930 Jovis
814 900 939 939 infensi,
962 900 1041 931 sicut
1058 903 1145 930 ortus
1170 900 1335 940 Hipponoo
1360 903 1390 931 et
1410 903 1500 940 puter
1517 900 1696 932 Dositlw'e's.

246 935 289 967 Ut
304 947 392 968 soror
406 940 577 978 Autonoes,
602 944 637 971 ut
661 942 709 972 cui
726 942 816 972 Maia
830 947 876 974 ese
892 947 1062 974 matertera
1073 954 1084 979 ;
1106 946 1140 974 ut
1156 943 1209 983 qui
1224 944 1303 974 male
1316 943 1502 982 gubernavit
1517 953 1605 983 equos
1626 952 1697 983 per-

239 988 347 1019 peram
368 982 496 1022 cupitos.
547 983 591 1014 Ut
615 993 713 1015 soevus
738 985 889 1025 AEolides,
912 989 945 1017 ut
971 987 1040 1017 nati
1065 996 1104 1017 ex
1127 987 1231 1017 eodem
1254 986 1417 1027 sanguine,
1442 996 1482 1016 ex
1496 996 1554 1026 quo
1568 988 1637 1016 orta
1652 989 1697 1017 est

853 1072 1086 1083 ott-mmo„

242 1124 348 1154 -468
372 1121 440 1154 Alii
473 1123 765 1157 Theodotus.—469
788 1127 935 1159 Quidam
963 1137 1025 1168 pro
1056 1128 1149 1159 certis
1177 1127 1303 1159 habent
1326 1127 1432 1166 sestis,
1461 1126 1515 1157 vel
1543 1125 1697 1157 sacris.—

241 1166 302 1196 471
328 1166 423 1197 Unus
439 1167 592 1198 Gallicus
608 1169 683 1200 cod.
699 1170 770 1200 Jov.
783 1170 897 1208 infensi
918 1173 1078 1203 tet—472
1102 1170 1257 1202 Alciatus
1273 1174 1309 1202 et
1325 1171 1382 1201 alii
1397 1171 1515 1210 legunt
1532 1169 1674 1210 Hippom'
1689 1181 1697 1199 :

242 1209 395 1240 nonnulli
412 1210 514 1240 etiam
535 1211 766 1252 Thesipelesque
778 1216 952 1253 pat-473
978 1214 1047 1245 Pro
1069 1214 1225 1245 Autonoes
1252 1214 1260 1230 ⁶
1276 1214 1310 1244 in
1340 1214 1423 1244 Mss.
1447 1212 1584 1252 legitur,
1607 1212 1699 1243 Desi-

240 1252 315 1297 toeS‚
332 1252 498 1291 Dexitoes,
515 1254 676 1294 Desz'odes,
696 1256 886 1295 ΤΙιεορΙιὶΙεε,
904 1257 1071 1297 Dextroes,
1092 1257 1280 1296 Dexitkoos,
1305 1258 1366 1289 &c.
1382 1256 1516 1286 nomina
1531 1254 1700 1295 ignorabi-

241 1292 296 1323 lia.
327 1294 518 1325 Dexitheam
535 1297 659 1327 Minois
673 1307 813 1328 uxorem
830 1303 995 1330 memorat
1011 1298 1209 1339 Apollodor.
1224 1299 1282 1330 lib.
1294 1308 1348 1330 ιιι.
1361 1299 1447 1329 Bibl.
1463 1299 1521 1338 §2
1537 1297 1606 1328 Sed
1623 1297 1698 1338 quis

241 1334 316 1375 ejus
331 1339 431 1375 pater
444 1335 547 1367 fuerit
562 1347 627 1368 non
647 1339 754 1369 addit.
801 1339 937 1370 Atracis
954 1340 1069 1379 filiam,
1088 1342 1334 1380 Damasippen,
1357 1341 1538 1371 Cassandri
1564 1340 1703 1372 Thracii

242 1376 331 1418 regis
346 1387 486 1410 uxorem
508 1384 609 1411 vocat
624 1381 800 1413 Plutarch.
825 1382 867 1412 de
892 1382 1038 1413 Flumin.
1055 1384 1088 1413 in
1106 1382 1234 1414 Heln-03
1257 1383 1479 1413 Burin—475
1503 1382 1559 1413 Sic
1577 1382 1698 1413 Heius.

904 1471 1048 1503 NOTAE

240 1533 310 1564 rius
336 1532 470 1565 falsum.
511 1534 628 1567 Quare
657 1534 730 1576 quis
757 1535 810 1566 hic
838 1534 944 1567 fuerit

239 1583 440 1615 Theudotus
470 1584 592 1616 merito
622 1586 765 1626 amplius
790 1596 944 1627 quaeren-

241 1634 320 1666 dum
355 1636 490 1668 censuit
529 1636 592 1666 Vir
629 1636 841 1668 doctissimus
871 1637 944 1668 Sal-

240 1686 394 1727 vagnius.

283 1738 348 1767 469
370 1735 510 1778 Abdera]
559 1736 650 1768 Urbs
688 1737 858 1777 Thracian,
886 1737 941 1769 ubi

241 1786 504 1818 avertendam-um
520 1787 752 1818 calamitatum
770 1798 872 1818 causa
885 1788 942 1819 ho-

240 1837 364 1869 minem
381 1839 571 1880 quempiam
594 1839 676 1870 diris
693 1839 943 1879 imprecationi-

240 1888 303 1919 bus
331 1888 515 1931 devovere,
539 1894 575 1920 et
602 1889 771 1930 lapidibus
796 1890 942 1921 obruere

238 1947 310 1970 mos
323 1943 407 1971 erat.

282 1991 346 2021 472
369 1990 465 2021 Satus
479 1990 658 2031 Hipponoo]
684 1990 863 2031 Capaneus
877 1995 942 2031 est,

241 2048 340 2080 quem
357 2039 471 2080 poe'tae
496 2041 531 2070 in
550 2040 741 2072 Thebarum
768 2051 942 2081 oppugna-

241 2089 346 2129 tione,
359 2100 424 2121 non
450 2090 618 2130 lapidibus
637 2091 808 2131 obrutum,
824 2092 871 2122 uti
888 2102 941 2123 res

241 2144 329 2178 erat,
346 2140 405 2171 sed
431 2140 573 2171 fulmine
597 2141 639 2172 de
663 2143 776 2180 scalis,
802 2153 942 2183 quarum

242 2198 338 2218 usum
365 2190 405 2219 ad
431 2192 717 2231 oppugnationem
737 2194 869 2223 urbium
886 2194 943 2224 do-

241 2243 374 2277 cuerat,
391 2240 564 2279 dejectum
581 2241 723 2272 fabulati
740 2248 829 2274 sunt.

283 2290 509 2330 Dosilho'e'sque
523 2290 627 2329 puter]
646 2291 805 2321 Atracem
824 2294 942 2323 volunt

243 2339 359 2381 fuisse,
381 2340 560 2370 Thessalia*
591 2350 718 2380 regem,
740 2341 828 2370 illius
857 2342 942 2381 Hip-

241 2390 408 2431 podamiae
444 2394 588 2430 patrem,
632 2400 731 2430 quami
770 2390 942 2420 Pirithous

241 2440 339 2471 duxit
368 2450 520 2477 uxorem,
557 2440 613 2480 qui
645 2440 781 2480 quidrm
822 2440 943 2480 Atrax,

242 2500 319 2522 cum
350 2490 535 2522 Dosithoen
567 2490 670 2521 filiam
698 2501 717 2521 a
739 2491 826 2523 Jove
856 2501 943 2521 eom-

243 2551 393 2582 pressam
407 2542 450 2572 ob
468 2552 538 2572 eam
558 2552 628 2572 rem
653 2553 671 2572 a
697 2552 732 2572 se
757 2541 942 2583 rejecisset,

243 2593 384 2624 fulmine
412 2595 586 2623 extinctus
615 2597 677 2624 est.
726 2595 802 2625 Quo
830 2597 942 2623 tamen

243 2647 382 2673 auctore
395 2654 414 2673 a
426 2643 747 2673 commentatoribus
760 2642 942 2673 Dositho'e's

243 2695 343 2732 pater
356 2692 491 2723 dicatur
508 2692 617 2723 Atrax
634 2693 715 2724 mihi
729 2693 866 2734 quidem
880 2702 943 2724 non

246 2745 301 2775 est
316 2746 537 2785 cotnpertum.

1040 1538 1101 1566 473
1127 1535 1224 1566 Soror
1260 1534 1432 1574 Autorzozis]
1472 1534 1605 1565 Semele
1634 1541 1698 1575 est,

997 1585 1123 1616 Bacchi
1141 1589 1262 1625 mater,
1276 1584 1319 1615 de
1335 1595 1401 1626 qua
1418 1585 1560 1615 Metam.
1578 1594 1635 1617 111.

1043 1636 1102 1667 Cui
1129 1635 1310 1675 matertera]
1358 1634 1412 1666 Ad
1439 1635 1568 1667 Jasium
1594 1635 1698 1674 refer,

996 1687 1084 1719 Jove
1103 1691 1138 1717 et
1155 1687 1294 1718 Electra
1311 1686 1488 1717 Atlantide
1503 1691 1633 1727 natum,
1646 1687 1700 1717 cui

998 1737 1150 1777 adeoque
1183 1737 1276 1767 Maia
1304 1736 1453 1768 Atlantis
1480 1736 1549 1768 filia
1576 1741 1698 1768 mater-

999 1792 1073 1818 tera
1086 1786 1200 1818 fuerit.
1224 1787 1258 1818 Is
1273 1796 1418 1828 namque
1433 1787 1473 1818 ab
1489 1787 1577 1819 Jove
1594 1787 1698 1818 etiam

995 1837 1135 1868 fulmine
1153 1838 1251 1877 ictus,
1269 1837 1358 1879 quod
1382 1847 1458 1868 cum
1484 1838 1610 1868 Cerere
1626 1846 1697 1868 rem

997 1889 1184 1920 habuisset.

1039 1942 1103 1970 474
1128 1938 1191 1973 Qui
1221 1937 1314 1978 male]
1361 1937 1610 1968 Phaethontem
1649 1935 1698 1967 di-

998 1990 1055 2021 cit.

1039 2043 1100 2071 475
1127 2039 1278 2079 AEolides]
1303 2039 1503 2069 Salmoneus
1528 2040 1591 2077 est,
1611 2035 1699 2068 AEoli

997 2091 1172 2132 cujusdam
1198 2090 1299 2128 filius,
1318 2090 1373 2130 qui
1401 2089 1434 2119 in
1456 2088 1553 2120 Elide
1580 2092 1698 2118 tenens

996 2142 1188 2182 imperium,
1215 2140 1369 2171 machina
1389 2139 1535 2180 quadam
1549 2137 1698 2178 fulgura-

996 2192 1066 2230 bat,
1084 2191 1237 2230 tonabat,
1251 2190 1366 2231 populi
1381 2190 1507 2220 animos
1521 2188 1701 2219 conturba-

996 2242 1067 2280 bat,
1083 2243 1091 2259 ‘
1111 2242 1303 2281 Divnmque
1327 2240 1392 2270 sibi
1414 2239 1577 2279 poscebat
1593 2238 1697 2267 hono·

996 2291 1091 2329 rem‚’
1111 2296 1146 2320 ut
1172 2292 1274 2320 habet
1291 2290 1476 2328 Virgilius:
1501 2296 1600 2327 quem
1618 2295 1697 2316 vero

998 2339 1139 2370 fulmine
1164 2340 1303 2378 Jupiter
1320 2339 1362 2367 ob
1380 2336 1570 2376 superbiam
1585 2336 1626 2366 ad
1643 2335 1699 2366 In-

997 2387 1086 2417 feros
1112 2388 1318 2417 deturbavit.
1376 2388 1500 2416 Verum
1529 2387 1699 2418 enimvero

997 2437 1143 2467 falmiam
1171 2437 1198 2466 si
1229 2437 1376 2475 omitt-213,
1402 2436 1566 2467 artificem
1593 2436 1697 2468 fuisse

998 2489 1172 2527 egregium
1189 2487 1316 2518 idoneis
1343 2498 1384 2517 ex
1402 2487 1594 2518 auctoribus
1611 2497 1700 2518 com-

998 2538 1123 2578 peries.

1040 2588 1199 2625 Sanguine
1221 2591 1320 2617 cretus
1340 2587 1456 2627 eodem]
1483 2589 1573 2627 Lege
1596 2589 1700 2620 eodem

995 2640 1145 2678 sunguine
1173 2640 1262 2678 criti,
1285 2645 1319 2669 et
1354 2639 1519 2679 Lycaonis
1542 2639 1697 2679 intellige

997 2690 1096 2729 filios,
1117 2690 1212 2721 Jovis*
1237 2688 1376 2719 l'ulmiue
1404 2694 1556 2728 necatos,
1571 2692 1608 2719 ut
1633 2692 1697 2718 tes-

999 2743 1091 2774 tatur
1115 2740 1279 2783 Hyginus
1320 2739 1447 2773 Eodem
1473 2739 1599 2785 quippe
1623 2747 1697 2772 san·
