1863 3193
622 192 862 224 'rurs‘rmM
897 193 993 224 ΜΒ.
1026 193 1101 225 111.
1132 185 1174 225 6.
1516 185 1630 228 2341

177 285 393 340 Mensque
412 286 678 335 reformidat,
701 289 834 328 veluti
855 302 936 329 sua
956 289 1149 339 vulnera,
1171 292 1344 342 tempus

232 353 374 394 Illud:
406 358 447 393 et
465 353 686 393 admonitu
710 354 757 394 fit
779 368 918 395 novus
938 356 1037 409 ipse
1061 356 1200 397 dolor.
1573 356 1630 397 30

175 419 232 461 Et
252 433 541 473 quaecumque
562 420 674 461 adeo
696 428 882 473 possunt
903 423 1050 463 afferre
1072 423 1298 476 pudorem,

230 486 317 527 Illa
340 488 419 538 tegi
445 500 566 527 caeca
587 488 764 529 condita
783 495 912 530 nocte
933 490 1072 530 decet.

174 552 252 593 Nil
273 554 403 605 igitur
424 554 616 604 referam,
639 555 723 594 nisi
743 568 811 594 me
832 568 1044 608 peccasse
1063 569 1074 607 3
1106 556 1182 596 sed
1210 556 1287 597 illo

228 619 420 660 Praemia
440 625 623 673 peccato
644 622 761 661 nulla
782 622 917 674 petita
938 623 1042 662 mihi
1061 636 1070 663 ε

172 688 496 740 Stultitiamque
514 701 653 728 meum
675 689 839 729 crimen
860 690 1017 730 debere
1038 691 1217 743 vocari3
1571 689 1628 731 35

226 754 421 796 Nomina
441 756 479 795 si
501 756 616 796 facto
636 757 816 797 reddere
840 770 943 799 vera
965 758 1091 798 velis.

171 819 283 871 Quae
306 822 344 861 si
365 835 447 862 non
467 823 528 863 ita
548 828 676 873 sunt3
710 824 859 872 alium,
882 837 970 877 quo
990 824 1163 876 longius
1183 824 1338 874 absim,

226 887 405 939 Quaere,
426 890 676 930 suburbana
695 890 792 931 haec
812 892 870 931 sit
888 891 992 931 mihi
1015 895 1139 940 terra,
1159 892 1322 931 locum.

167 1035 226 1066 mei
241 1035 319 1066 oculi
334 1036 399 1066 sint
417 1035 500 1073 facti
526 1040 622 1067 testes
647 1037 749 1067 tristis
763 1037 849 1068 mali.
896 1038 940 1067 Et
956 1038 1076 1068 animus
1091 1038 1195 1068 horret
1210 1037 1286 1068 illud
1301 1040 1432 1077 tempus,
1445 1037 1532 1077 quasi
1553 1046 1627 1068 suas

163 1079 273 1117 plagas
284 1089 293 1107 :
317 1081 346 1107 et
361 1079 447 1108 dolor
461 1080 524 1118 ipse
544 1080 729 1110 recrudescit
746 1079 965 1110 recordatione.
1011 1081 1114 1118 Atque
1129 1081 1203 1109 adeo
1216 1089 1289 1118 opus
1305 1083 1350 1109 est
1365 1080 1462 1109 velari
1477 1082 1559 1110 tecta
1574 1080 1626 1109 ob-

166 1129 255 1150 scura
270 1124 355 1150 nocte
368 1131 562 1161 quoecumque
574 1126 703 1161 possunt
718 1123 860 1152 inducere
876 1123 1013 1151 dedecus.
1061 1123 1118 1151 Nil
1135 1122 1234 1159 igitur
1248 1121 1393 1159 narrabo,
1409 1121 1472 1151 nisi
1486 1131 1533 1152 me
1548 1122 1627 1152 deli-

166 1161 288 1201 (μήδεα
311 1173 413 1192 verum
442 1165 558 1194 nullum
584 1166 749 1194 mercedem
776 1164 938 1202 quaesitam
953 1173 970 1192 α
987 1173 1033 1192 me
1056 1163 1204 1193 crimine:
1228 1166 1258 1192 et
1273 1164 1391 1202 culpam
1406 1172 1502 1193 meum
1517 1163 1626 1194 debere

165 1204 228 1234 dici
255 1204 435 1243 stultitiam,
457 1206 484 1235 si
507 1206 582 1235 velis
604 1206 758 1243 imponere
783 1214 856 1234 vera
881 1204 1024 1234 vocabula
1051 1205 1194 1235 admisso.
1243 1206 1321 1239 Quae
1347 1205 1374 1235 si
1395 1215 1453 1235 non
1468 1205 1515 1235 z‘ta
1529 1208 1599 1235 sunt
1611 1215 1626 1242 ,⁶

164 1255 267 1285 quoere
281 1247 376 1277 alium
389 1248 498 1287 locum,
514 1257 570 1287 quo
585 1247 644 1276 sim
659 1247 818 1286 remotior,
835 1246 884 1276 hic
899 1246 940 1276 sit
956 1247 1033 1277 mihi
1046 1248 1141 1277 solum
1156 1247 1371 1279 suburbanum.

777 1335 1010 1346 ooaeaemseme

161 1394 202 1422 30
225 1391 284 1422 Pr.
294 1391 337 1422 V.
352 1391 411 1431 ips.
427 1393 619 1431 pudor.-—31
646 1392 714 1422 Pro
729 1392 803 1422 adeo
820 1391 854 1421 in
878 1391 920 1421 V.
937 1394 1012 1421 erat
1032 1394 1066 1420 at
1092 1400 1148 1427 eo;
1171 1390 1260 1421 unde
1277 1391 1394 1421 Burni.
1412 1390 1501 1430 conj.
1514 1390 1552 1421 ab
1566 1400 1600 1422 eo
1612 1402 1624 1423 ,-

159 1434 194 1465 in
206 1434 315 1474 Marg.
335 1434 468 1474 Gryph.
483 1440 537 1465 est
553 1435 631 1466 Deo.
648 1435 736 1465 Tum
753 1434 851 1464 multi
862 1434 1000 1473 possint;
1018 1438 1054 1464 et
1070 1433 1130 1463 Be.
1148 1433 1263 1474 uff'erre
1278 1435 1505 1464 dolorem—32
1522 1434 1624 1465 Nocte

162 1476 283 1507 Heius.
302 1477 435 1516 recepit
460 1487 502 1507 ex
527 1482 612 1507 vett.
638 1476 839 1516 quibusdam
865 1485 927 1515 pro
954 1476 1043 1515 vulg.
1068 1476 1243 1506 nube—34
1267 1477 1430 1515 Excerpt.
1448 1476 1542 1506 Voss.
1555 1479 1622 1515 pet.

160 1519 318 1550 mei.—36
350 1519 447 1549 Facto
473 1520 625 1559 plerique
643 1523 731 1549 teste
747 1519 892 1555 Heins.;
914 1518 1004 1557 vulg.
1023 1517 1149 1554 factis;
1172 1517 1301 1548 Arund.
1318 1517 1423 1555 fatis,·
1446 1517 1621 1548 sexdecim

157 1561 334 1602 librificlo.
358 1563 366 1578 ‘
386 1562 537 1600 Mallem,
563 1571 638 1591 cum
660 1561 725 1591 haec
742 1560 787 1590 sit
813 1561 845 1590 in
862 1559 1014 1599 plurimis
1038 1560 1175 1599 scriptis
1191 1566 1225 1590 et
1244 1560 1357 1599 editis,
1369 1559 1543 1590 suburbana
1557 1559 1622 1590 hoec

159 1604 201 1634 sit
228 1604 287 1634 tibi
319 1608 419 1635 terra.-
461 1605 553 1644 [uam
584 1604 674 1643 vulg.
704 1602 786 1641 hic:]
824 1602 978 1632 videatur
1005 1601 1067 1632 tibi
1106 1603 1168 1632 hoc
1207 1602 1345 1632 exilium
1382 1611 1492 1632 meum
1520 1601 1619 1632 nimis

164 1647 389 1686 propinquum
409 1646 483 1676 urbi
501 1647 629 1685 Romae,
644 1655 706 1676 nec
723 1645 802 1675 satis
820 1644 882 1674 tibi
900 1654 1008 1684 poenae
1035 1654 1108 1674 esse
1131 1644 1165 1675 in
1190 1645 1264 1675 loco
1289 1645 1362 1681 hoc,
1387 1653 1486 1684 quem
1503 1653 1567 1684 ego
1583 1644 1621 1675 iu

160 1689 321 1718 extremis
337 1687 460 1718 finibus
475 1689 607 1728 imperii
624 1697 698 1718 esse
722 1692 823 1727 puto;
855 1697 959 1727 quare
986 1687 1012 1716 si
1029 1685 1157 1725 fallam,
1173 1696 1286 1727 quaere
1303 1687 1403 1717 alium
1420 1686 1531 1716 locum
1548 1689 1620 1717 tam

159 1731 260 1769 longe
277 1731 354 1761 hinc
372 1735 550 1768 remotum,
566 1735 603 1761 ut
628 1730 726 1760 Tomi
752 1729 814 1760 tibi
836 1739 909 1759 esse
933 1728 1089 1759 videatur
1108 1734 1200 1759 terra
1216 1730 1371 1769 proxima
1388 1729 1517 1760 Romae.
1562 1728 1620 1760 Ita

160 1773 308 1803 Siciliam
325 1776 333 1790 ‘
345 1773 567 1803 suburbanam
586 1772 803 1813 provinciam’
821 1776 920 1802 vocat
938 1772 1022 1802 Flor.
1043 1780 1081 1802 11.
1098 1775 1128 1802 2.
1146 1776 1181 1801 et
1198 1781 1252 1802 111.
1270 1775 1320 1802 19.
1358 1771 1483 1801 Nescio
1501 1774 1616 1802 autem

160 1815 217 1855 qui
234 1815 387 1855 potuerit
405 1815 456 1845 hic
470 1816 603 1855 quidam
621 1815 890 1854 subintelligere,
906 1814 992 1852 villu,
1016 1818 1053 1844 ut
1068 1814 1244 1845 suburbana
1261 1815 1305 1844 sit
1321 1814 1415 1844 velut
1431 1813 1617 1844 substanti-

160 1867 250 1897 vum,
271 1867 346 1888 cum
365 1862 498 1887 veteres
513 1868 553 1888 eo
578 1867 674 1887 seusu
700 1857 907 1887 suburbanum
934 1862 969 1886 et
993 1856 1167 1886 suburbana
1184 1856 1307 1896 plurali
1324 1865 1464 1886 numero
1479 1855 1618 1894 dixisse,

159 1900 212 1930 vel
230 1901 325 1940 pueri
343 1900 479 1931 norint:
514 1904 548 1929 et
578 1899 686 1938 qualis
713 1900 785 1929 haec
811 1899 900 1928 foret
923 1899 1061 1936 locutio,
1085 1899 1148 1928 hoec
1172 1902 1256 1929 terra
1281 1899 1323 1928 sit
1338 1898 1415 1928 mihi
1439 1897 1616 1927 suburbana

157 1940 256 1974 villa?
292 1942 351 1973 sed
378 1941 452 1972 haic
480 1945 564 1972 term
589 1941 631 1971 sit
657 1940 828 1970 suburbana
850 1940 908 1970 tibi
933 1945 1027 1970 recte
1044 1940 1180 1970 dieitur.
1226 1940 1330 1970 Multi
1346 1940 1448 1970 etiam
1466 1938 1615 1979 codices,

158 1985 260 2016 locus.-
282 1985 379 2016 multi
397 1984 512 2023 etiam,
525 1983 700 2014 suburbana
718 1986 762 2013 est
779 1983 829 2013 Ιιὶε
846 1981 916 2021 (vel
929 1981 1008 2023 hoec)
1031 1981 1132 2013 mihi!
1156 1983 1271 2013 Burin.

819 2076 959 2108 NOTAE

200 2155 241 2183 30
266 2153 366 2192 Illud]
382 2153 459 2185 Quo
476 2154 601 2194 aliquid
621 2153 718 2193 vidit,
735 2156 770 2184 et
788 2152 855 2183 Au-
911 2148 1119 2190 peccaverit.

156 2208 290 2244 gustum
306 2204 406 2234 laesit.
953 2203 993 2231 38
1016 2199 1214 2240 Suburbana]
1238 2200 1315 2230 Non
1336 2199 1492 2231 videatur
1511 2201 1611 2241 longe

198 2256 238 2284 32
264 2253 376 2294 Nocte]
410 2251 525 2294 Atque
555 2252 639 2284 adeo
661 2251 854 2283 Taciturni-
910 2262 929 2282 a
954 2252 1074 2291 Roma,
1097 2251 1156 2282 sed
1173 2250 1268 2292 quasi
1288 2251 1320 2281 in
1339 2250 1501 2282 suburbio
1517 2255 1612 2282 terra.

156 2308 236 2334 tate.
908 2302 942 2333 iu
968 2312 1035 2344 qua
1057 2312 1146 2334 nunc
1172 2311 1256 2340 sum,
1281 2310 1351 2341 prae
1378 2301 1435 2332 ina
1461 2301 1494 2334 in
1511 2310 1609 2342 quain

198 2356 238 2385 34
263 2353 374 2394 Nulla]
408 2353 457 2385 Ut
478 2353 632 2395 adeoque
657 2352 853 2395 imprudens
908 2353 999 2385 mitti
1015 2354 1104 2394 volo,
1118 2352 1184 2384 nisi
1202 2360 1281 2383 vera
1298 2351 1427 2382 dixero.
