1877 3193
209 157 323 200 2803
696 172 738 201 P.
772 170 930 200 ovron
966 170 1178 202 NAsoms

211 266 269 307 Et
289 266 447 319 quibus
469 267 631 320 exiguo
651 267 842 307 volucris
863 266 1023 308 devota
1039 268 1190 309 libello
1211 272 1294 321 est,

269 333 467 387 Corpora
489 335 684 388 projecta
706 347 807 388 quae
830 347 912 375 sua
933 339 1090 388 purgat
1111 349 1243 391 aqua.

210 401 405 443 Vulnera
427 408 577 454 totque
599 402 727 451 feras,
750 407 852 456 quot
875 403 1036 444 dicitur
1055 404 1127 445 ille
1147 405 1316 456 tulisse,

268 469 409 523 Cujus
432 470 488 509 ab
509 468 674 509 inferiis
694 472 834 511 culter
853 471 1012 512 abesse
1034 472 1156 514 solet.

209 536 526 589 Attonitusque
549 550 688 586 seces,
711 543 761 578 ut
782 551 892 591 quos
915 538 1126 591 Cybeleia
1147 544 1283 583 mater

268 604 445 651 Incitat,
469 604 522 643 ad
548 604 765 657 Phrygios
789 606 891 645 vilia
911 607 1106 647 membra
1125 608 1298 650 modos.

212 671 369 723 Deque
390 671 484 710 viro
505 671 586 710 fias
608 684 689 711 nec
711 672 911 722 foemina,
932 686 1015 713 nec
1036 674 1117 723 vir,
1135 679 1183 715 ut
1202 674 1362 731 Attys;

268 738 324 779 Et
345 739 522 790 quatias
542 738 663 779 molli
685 744 893 793 tympana
911 753 1046 780 rauca
1067 753 1213 781 mann.

211 806 350 860 Inque
371 819 511 858 pecus
532 806 676 862 subito
699 806 877 859 Magnae
899 812 1072 848 vertare
1091 806 1294 849 Parentis
1312 822 1322 851 ε

266 872 424 913 Victor
444 877 489 913 ut
510 876 578 914 est
600 873 732 914 celeri
752 875 955 928 victaque
977 887 1105 916 versa
1122 874 1250 930 pede.

1583 545 1668 586 455

1582 877 1670 919 460

209 1006 297 1036 niant
313 1005 408 1045 capiti
424 1009 496 1037 tuo:
519 1010 612 1047 atque
628 1017 664 1038 ea
688 1007 796 1047 quibus
820 1007 888 1038 avis
909 1008 1018 1038 devota
1034 1011 1078 1039 est
1103 1017 1199 1047 parvo
1221 1006 1333 1045 libello,
1358 1017 1427 1047 qua:
1449 1005 1567 1046 proluit
1580 1016 1671 1038 suum

208 1058 317 1088 corpus
331 1059 409 1088 aqua
425 1050 550 1088 injectu.
596 1051 642 1080 Et
649 1050 783 1088 feriaris
806 1054 849 1081 tot
865 1050 979 1091 plagiS,
994 1055 1067 1091 quot
1082 1052 1134 1081 ille
1149 1051 1265 1081 dicitur
1279 1050 1398 1089 tulisse,
1411 1060 1429 1080 α
1443 1050 1531 1088 cujus
1545 1049 1672 1088 inferiis

208 1093 306 1122 culter
320 1092 394 1122 solet
412 1093 525 1123 abesse.
555 1094 598 1123 Et
609 1095 762 1124 attamitus
777 1094 890 1124 taceres
904 1095 979 1124 viles
989 1097 1088 1134 artus,
1103 1098 1137 1124 ut
1152 1103 1226 1134 quos
1240 1097 1341 1124 mater
1357 1093 1501 1133 Cybeleia
1516 1096 1614 1123 movet
1630 1093 1672 1124 ad

209 1136 310 1165 modos
325 1135 497 1175 Phrygios.
542 1136 587 1166 Et
612 1138 649 1166 de
676 1137 807 1167 musculo
823 1136 891 1178 fias
915 1146 969 1167 nec
991 1146 1057 1167 mas
1079 1147 1133 1167 nec
1152 1137 1298 1175 flemina,
1321 1140 1357 1167 ut
1383 1136 1503 1176 Attys;
1525 1139 1556 1166 et
1570 1136 1674 1175 pulses

208 1187 302 1208 rauca
317 1181 464 1219 tympana
486 1188 578 1210 manu
594 1178 797 1220 effoeminata.
844 1180 888 1210 Et
914 1180 1044 1211 muteris
1066 1183 1190 1220 repente
1205 1181 1239 1210 in
1255 1180 1378 1210 brutum
1396 1179 1526 1218 Magnae
1543 1178 1673 1219 Matris,

825 1266 997 1278 ‘moun
1001 1267 1059 1278 Νι·

210 1316 376 1355 intelligo.
401 1317 635 1349 Burm.—451.
658 1321 721 1349 452
750 1320 800 1349 Ex
813 1320 922 1359 quibus
939 1325 1029 1351 tres:
1057 1331 1073 1351 e
1093 1320 1202 1360 quibus
1223 1330 1326 1351 unus:
1352 1320 1485 1358 dignata
1501 1317 1600 1348 libello
1617 1325 1673 1347 co·

210 1359 276 1389 dex
295 1359 500 1390 Petavianus
516 1371 523 1391 :
551 1360 630 1395 Quoe
659 1371 716 1392 sua
740 1361 878 1401 projecta
900 1372 1029 1402 corpora
1051 1363 1140 1393 idem
1157 1367 1192 1393 et
1206 1362 1342 1394 Jureti:
1364 1361 1499 1401 projecta
1517 1369 1598 1390 vero
1613 1359 1672 1389 illa

208 1412 288 1441 aqua
304 1402 418 1432 nescio
435 1412 590 1442 quaenam
608 1403 672 1433 sit:
699 1413 740 1432 an
759 1413 818 1442 pro
835 1405 958 1444 injecta
986 1414 1045 1444 per
1075 1410 1220 1434 rostrum
1237 1405 1270 1434 in
1287 1403 1423 1434 alvum?
1447 1412 1523 1432 nam
1551 1402 1672 1431 salsam

209 1454 329 1484 aquam
347 1444 490 1483 injicere
506 1445 651 1479 solitam,
668 1454 711 1474 ex
728 1444 855 1476 Pisidae
872 1446 1022 1476 versibus
1038 1450 1146 1485 patet,
1163 1446 1197 1475 in
1213 1446 1334 1485 quibus
1345 1444 1558 1481 Ἐμβαλοῦσα.
1605 1443 1673 1474 Ve-

209 1496 287 1516 reor
303 1496 344 1516 ne
358 1486 437 1526 quid
455 1486 587 1517 mendae
602 1486 722 1517 subsit.
767 1485 822 1517 An
836 1488 973 1526 projecta
988 1498 1050 1528 pro
1065 1488 1233 1518 demissa?
1249 1492 1286 1518 ut
1299 1487 1348 1517 ita
1359 1487 1501 1517 Petron.
1514 1493 1670 1516 cxxva.

209 1531 217 1545 ‘
236 1528 389 1569 projecta
405 1528 531 1568 vestis‚’
548 1539 623 1570 quae
640 1533 720 1560 ante
735 1530 859 1561 collecta
882 1535 957 1561 erat
973 1531 1084 1562 altius.
1110 1531 1329 1562 &erm—454
1367 1529 1446 1560 Pet.
1462 1528 1501 1559 ab
1512 1527 1649 1568 exequiis
1660 1538 1671 1559 .-

208 1576 243 1602 et
259 1581 338 1602 mox
354 1572 442 1602 Mor.
455 1572 551 1603 abess.
566 1572 759 1604 velit.—455
787 1573 873 1608 Quos
890 1573 1008 1605 Heius.
1032 1573 1126 1605 dedit
1149 1583 1190 1603 ex
1207 1573 1344 1613 scriptis
1369 1582 1431 1612 pro
1447 1572 1538 1611 vulg.
1555 1570 1644 1610 queis
1658 1581 1670 1602 .-

208 1616 215 1629 ‘
234 1615 266 1644 iu
284 1614 363 1645 Pat.
382 1620 456 1645 erat
470 1625 557 1655 quas,
580 1620 618 1646 ut
633 1616 692 1646 hos
707 1616 882 1647 semiviros
909 1621 1070 1657 tanquam
1095 1615 1250 1647 foeminas
1274 1616 1411 1646 habeat.
1447 1614 1537 1645 Vide
1552 1613 1673 1645 Heins-

208 1657 307 1698 [Not.
322 1657 420 1698 Var.]
437 1659 478 1688 ad
496 1658 606 1699 Epist.
622 1667 671 1690 ιν.
689 1659 752 1690 493
774 1659 998 1691 Βιινηι.-457
1023 1660 1064 1691 In
1082 1659 1156 1690 aliis
1182 1660 1274 1701 Atys,
1292 1659 1345 1690 vel
1360 1657 1568 1690 Attis.—462
1588 1655 1672 1688 Tres

866 1755 1012 1788 NOTAE

209 1825 352 1856 Graecos
375 1824 458 1856 dirae
485 1828 523 1856 ut
550 1824 651 1856 Canis
679 1825 914 1866 appellaretur

206 1875 296 1915 apud
313 1875 387 1907 illos
404 1880 611 1907 meruerunt.
652 1876 781 1908 Verum
798 1887 840 1908 ne
864 1877 914 1918 pi-

208 1931 287 1967 geat
305 1926 421 1957 Virum
438 1936 517 1958 sane
532 1927 725 1967 elegantem
743 1927 848 1960 adire.

249 1980 313 2007 450
339 1976 462 2017 Capiti]
510 1977 674 2018 Optime;
710 1988 852 2021 namque
879 1979 913 2010 in

209 2036 282 2058 eam
299 2032 434 2068 partem
450 2031 532 2058 vota
548 2027 799 2069 dirigebantur.

249 2081 312 2109 451
338 2078 383 2108 Et
405 2077 528 2118 quibus]
565 2078 837 2119 Imprecationes
864 2079 913 2111 in-

209 2128 327 2168 tellige
349 2128 470 2169 quibus
497 2127 714 2168 Apollonium
742 2129 914 2161 Rhodium

209 2177 435 2207 Callimachus
461 2178 522 2208 sub
551 2178 659 2209 Ibidis
692 2180 828 2211 nomine
858 2180 915 2212 de-

209 2227 313 2258 vovit.
361 2226 472 2266 Hujus
488 2228 578 2257 enim
595 2228 741 2260 volucris
757 2235 914 2262 naturam

209 2281 321 2308 rostro
337 2280 493 2307 ventrem
516 2286 659 2315 purgare
677 2279 811 2309 solitam
825 2280 915 2319 opti-

209 2339 263 2360 me
281 2328 434 2369 proximo
448 2327 672 2357 Pentametro
686 2328 860 2360 describit.

251 2382 314 2410 453
339 2378 397 2409 Ille
412 2376 534 2416 tulisse]
562 2377 618 2407 De
636 2377 775 2408 Osiride
791 2387 913 2409 sermo-

209 2440 286 2461 nem
303 2437 378 2460 esse
395 2428 503 2466 aiunt,
519 2427 577 2468 qui
594 2437 612 2457 a
626 2427 790 2468 Typhone
806 2427 913 2460 fratre

209 2482 242 2512 in
271 2479 514 2511 minutissimas
535 2482 651 2518 partes
678 2479 723 2509 sit
749 2479 914 2518 concisus,

212 2537 247 2563 ut
280 2540 385 2572 regno
415 2530 598 2571 potiretur,
632 2529 786 2561 scilicet:
824 2529 913 2571 quod

211 2586 325 2613 tamen
342 2591 438 2612 secus
454 2579 581 2611 evenit.

252 2634 315 2661 454
343 2631 455 2671 Cujus]
504 2631 556 2661 De
583 2640 624 2662 eo
650 2630 753 2661 etiam
782 2630 917 2670 Suidas,

209 2682 402 2722 Appianus,
417 2681 631 2713 Plutarchus.

254 2736 316 2764 455
341 2731 445 2771 seces]
488 2731 611 2763 virilia
641 2731 704 2763 sibi
736 2736 913 2772 amputare

969 1826 1059 1858 soliti
1074 1829 1173 1858 erant
1189 1824 1335 1866 Cybeles
1353 1822 1571 1855 Sacerdotes.

1012 1880 1077 1909 456
1100 1875 1274 1918 Phrygios]
1296 1874 1350 1906 Ad
1368 1873 1461 1905 tibiae
1477 1871 1670 1904 modulatus

969 1937 1122 1967 sonoros,
1137 1928 1255 1969 quales
1280 1926 1313 1957 in
1338 1924 1501 1965 Phrygia,
1522 1923 1577 1955 ubi
1603 1923 1672 1964 pri·

969 1988 1060 2010 mum
1076 1980 1191 2011 Deum
1208 1987 1331 2019 magna
1347 1977 1440 2008 culta
1454 1978 1577 2015 mater,
1592 1974 1672 2006 ede·

967 2029 1103 2061 bantur.
1138 2029 1312 2070 Impetum
1339 2027 1490 2058 divinum
1511 2024 1671 2057 habuisse

968 2080 1137 2111 Lucianus
1173 2079 1291 2118 tradit,
1328 2087 1405 2109 cum
1440 2075 1542 2117 Lydii
1579 2074 1672 2106 modi

968 2130 1190 2169 Baccfflcum,
1205 2128 1303 2161 Dorii
1319 2136 1437 2169 grave,
1448 2125 1537 2158 Ionii
1547 2125 1672 2167 jucun·

968 2181 1047 2212 dum
1063 2181 1241 2212 haberent.

1009 2234 1072 2262 457
1095 2232 1207 2272 Attys]
1243 2231 1310 2264 Qui
1339 2230 1374 2262 in
1398 2230 1547 2262 furorem
1572 2231 1670 2259 actus

965 2281 1114 2320 seipsum
1153 2281 1311 2319 eviravit,
1341 2287 1533 2320 quanquam
1558 2286 1578 2306 a
1607 2277 1672 2316 Cy-

968 2330 1042 2360 bele
1068 2331 1142 2370 ipsa
1168 2330 1201 2360 id
1224 2329 1354 2360 factum
1380 2326 1524 2359 tradidit
1551 2326 1670 2357 Lucia-

969 2387 1042 2408 nus.

1010 2429 1073 2457 458
1106 2425 1217 2466 Molli]
1257 2425 1386 2466 Utpote
1421 2425 1577 2457 Eunuchi
1607 2434 1669 2457 seu

969 2476 1105 2508 evirati.

1011 2528 1075 2557 459
1092 2524 1204 2565 Pecus]
1220 2525 1363 2564 Leones,
1378 2524 1452 2556 scil.
1467 2524 1525 2565 qui
1536 2533 1669 2566 magnae

970 2578 1080 2608 Deum
1113 2577 1231 2607 matris
1265 2586 1323 2607 seu
1357 2575 1503 2616 Cybeles
1532 2585 1669 2609 currum

970 2628 1106 2660 trahere
1121 2627 1290 2658 dicuntur.

1011 2682 1075 2710 46⁰
1102 2678 1223 2718 Victor]
1258 2677 1494 2719 Hippomenes
1522 2680 1587 2718 est,
1612 2686 1668 2708 cu-

964 2730 1032 2772 jus,
1047 2734 1082 2761 et
1108 2729 1293 2769 Atalantae,
1312 2738 1411 2760 cursu
1437 2728 1478 2759 ab
1503 2737 1544 2760 eo
1569 2737 1670 2768 supe-
