1877 3193
255 151 369 194 2814
742 163 782 191 r».
815 160 972 190 ovmn
1008 159 1221 190 NAsonls

257 257 431 312 Quique
452 254 728 312 Lycurgiden
747 254 916 304 letavit,
939 257 982 295 et
997 255 1148 295 arbore
1167 256 1333 304 natum,
1626 254 1710 296 505

312 324 585 377 Idmonaque
607 321 833 372 audacem,
856 325 899 363 te
921 334 1094 375 quoque
1114 325 1287 375 rumpat
1307 332 1426 374 aper.

257 392 392 447 Isque
413 392 482 433 vel
502 390 719 430 exanimis
740 390 874 430 faciat
893 390 974 431 tibi
997 390 1177 430 vulnus:
1207 392 1258 430 ut
1277 388 1357 439 illi,

314 461 404 501 Ora
426 471 559 511 super
577 457 656 498 fixi
677 471 804 511 quem
828 458 1024 498 cecidere
1048 457 1156 498 suis.

257 527 360 570 Sive
380 525 496 567 idem
518 526 651 566 simili
672 527 802 578 pinus
824 538 953 578 quem
972 531 1108 567 morte
1129 524 1338 578 peremit:

312 594 468 646 Phryx
489 597 532 633 et
550 596 730 633 venator
752 593 813 632 sis
836 593 1218 646 Berecynthiades.
1623 590 1708 632 510

255 734 329 765 aper
343 723 396 764 qui
410 723 470 753 leto
482 722 566 753 dedit
579 722 790 763 Lycurgiden,
804 726 833 754 et
844 725 945 753 ortum
958 732 997 753 ex
1011 722 1130 760 arbore,
1146 726 1175 752 et
1191 722 1387 752 temerarium
1403 721 1560 752 Idmonem
1574 723 1603 751 te
1616 720 1710 751 etiam

255 769 379 798 luceret.
423 766 527 805 Atque
540 766 568 795 is
582 767 629 796 vel
650 769 789 796 mortuus
811 766 868 796 tibi
883 766 1036 805 impingat
1056 765 1195 804 plagam,
1221 768 1255 794 ut
1279 764 1327 793 illi
1353 773 1443 803 super
1467 773 1554 802 quem
1576 765 1711 793 rostrum

254 810 325 850 apri
339 808 501 847 transfossi
516 808 639 839 cecidit.
683 808 744 839 Seu
758 808 840 839 idem
853 808 896 839 sis
914 808 1026 848 Phryx
1041 811 1070 838 et
1086 810 1212 838 venator
1230 807 1504 846 Berecynthiades,
1518 814 1605 845 quem
1617 805 1710 845 pinus

866 891 1101 903 eeeeeeeeeeee

257 951 319 979 504
343 947 505 978 Plurimae
523 946 610 978 Edd.
628 947 923 987 Paphagea’.-—505
948 947 989 977 In
1005 946 1076 977 aliis
1093 946 1130 976 L.
1145 945 1261 985 litavit,
1278 945 1330 976 vel
1346 944 1612 986 ulceraria—508
1636 944 1713 975 Fixi

257 992 330 1022 Ma.
348 995 383 1021 et
407 990 542 1031 quidam
566 990 743 1030 iinpressi;
768 991 857 1029 vulg.
888 990 1091 1020 sceva—509.
1115 992 1176 1019 510
1201 988 1255 1019 An
1281 988 1499 1019 scribendum
1523 997 1565 1016 ex
1581 987 1714 1027 conjec-

256 1038 334 1064 tura
348 1033 477 1064 Sanctii
493 1032 595 1072 Atque
610 1034 692 1063 idem
705 1032 802 1064 simili
818 1032 904 1062 vivus
919 1042 1007 1072 quem
1024 1036 1120 1062 morte
1133 1029 1291 1071 peremit?
1332 1032 1380 1061 Ut
1403 1029 1441 1060 τὸ
1463 1030 1550 1060 virus
1565 1038 1714 1070 oppona-

257 1081 313 1107 tur
329 1076 494 1113 exanimis,
512 1076 598 1115 quod
617 1080 669 1106 est
686 1076 718 1105 in
737 1075 849 1116 priore
866 1075 1023 1106 disticho.
1071 1074 1124 1105 An
1142 1084 1202 1114 pro
1218 1073 1349 1113 peremit
1378 1073 1613 1111 corrigendum
1629 1072 1715 1103 rede-

256 1117 340 1150 mit?
366 1118 456 1149 Attis
470 1119 557 1148 enim
575 1118 607 1147 in
625 1118 780 1149 arborem
799 1119 913 1158 pinum
930 1127 1111 1148 conversus
1135 1116 1274 1157 fingitur
1300 1116 1341 1146 ab
1367 1115 1492 1146 Ovidio
1523 1116 1663 1146 Metam.
1678 1122 1714 1146 Χ.

260 1164 332 1192 103.
357 1161 461 1194 Quasi
479 1160 611 1191 dicatur
635 1160 732 1200 pinus
749 1160 859 1191 Attim
878 1160 1063 1191 redemisse
1080 1171 1099 1191 a
1115 1164 1236 1199 morte,
1261 1159 1318 1199 qui
1333 1158 1500 1199 hodieque
1519 1158 1609 1187 vivat
1627 1157 1658 1187 in
1676 1166 1717 1188 ea

258 1205 387 1236 arbore.
435 1203 571 1242 Frigida
601 1209 695 1234 certe
726 1204 849 1242 onmia,
879 1208 915 1233 ut
941 1204 1084 1243 ingenue
1117 1202 1240 1240 fatear,
1265 1205 1458 1242 suspectum
1475 1201 1551 1230 ideo
1575 1199 1656 1230 mihi
1672 1199 1714 1230 de

258 1247 372 1286 spurio
388 1246 568 1276 distichon.
593 1246 741 1285 Salvagn.
789 1247 868 1277 Non
884 1250 1040 1276 constant
1058 1246 1122 1276 sibi
1149 1245 1302 1275 codices:
1330 1244 1480 1283 plerique
1509 1242 1642 1281 Frigida
1669 1251 1718 1273 te·

257 1292 347 1318 nator
361 1289 404 1317 sis
416 1289 702 1328 Berecynthiudes;
717 1289 770 1318 vel
786 1289 913 1327 Frigia,
930 1289 981 1319 vel
997 1288 1127 1318 Frixia:
1142 1287 1242 1324 forte,
1255 1287 1366 1327 Phryx
1379 1290 1410 1316 tu
1427 1289 1553 1316 venator
1563 1286 1604 1314 sis
1618 1285 1715 1316 Bere-

257 1330 447 1371 cyntliiadeS.
496 1331 585 1359 Nam
608 1331 813 1369 interpretes
839 1330 880 1358 ad
898 1330 997 1359 Attin
1015 1330 1260 1367 Bere-ynthium
1279 1339 1297 1357 a
1315 1328 1444 1367 Cybele
1461 1332 1609 1357 amatum
1627 1325 1714 1357 refe-

258 1376 350 1409 runt,
379 1381 476 1412 quem
502 1372 544 1401 ab
563 1381 645 1411 apro
660 1371 806 1401 occisum
825 1371 1071 1401 Hermesianax
1089 1371 1211 1410 aliique
1229 1374 1438 1399 asseverent.
1488 1369 1573 1398 Vide
1591 1374 1715 1407 tamen,

258 1425 301 1445 ne
320 1415 413 1446 Naso
432 1414 642 1443 intellexerit
659 1413 701 1442 de
719 1413 788 1452 Aty
804 1412 874 1442 filio
889 1413 994 1442 Croesi
1012 1413 1181 1451 Lydorum
1202 1412 1299 1449 regis,
1313 1421 1410 1450 quem
1424 1410 1591 1441 Adrastus
1610 1410 1715 1441 Midae

258 1457 345 1487 filius
369 1455 565 1495 imprudens
596 1455 685 1484 inter
709 1454 911 1491 venandum,
934 1455 1011 1484 dum
1042 1463 1159 1493 aprum
1192 1453 1393 1490 insectatur,
1409 1453 1524 1492 jaculo
1552 1451 1715 1484 confodit.

258 1499 431 1530 Diodorus
455 1497 589 1527 Siculus
614 1497 648 1526 in
675 1496 856 1536 Excerptis
873 1496 1062 1526 Valesianis
1088 1505 1119 1535 p.
1142 1497 1214 1525 239.
1241 1492 1315 1524 ‘'Ort
1333 1493 1498 1534 Ἄδραστός
1512 1505 1558 1524 τις
1572 1494 1647 1534 Φρὺξ
1661 1495 1716 1525 τὸν

258 1542 314 1571 τοῦ
326 1538 479 1576 βασιλέως
506 1539 638 1580 Κροίσου
657 1540 712 1569 τοῦ
738 1538 847 1569 Λυδίου
874 1538 937 1568 υἱὸν
959 1538 1033 1579 πρὸς
1059 1537 1207 1576 κυνηγίαν
1230 1535 1388 1575 ἀκουσίως,
1412 1536 1609 1575 ἐξακοντίσας
1636 1537 1716 1567 κατὰ

259 1584 344 1622 συὸς,
357 1584 452 1614 Ἄτυν
468 1581 671 1621 καλούμενον,
697 1581 816 1621 πλήξας
849 1581 1017 1612 ἀπέκτεινε.
1065 1582 1111 1611 Ut
1150 1580 1364 1610 scribendum
1391 1580 1566 1610 videatur:
1604 1580 1718 1620 Phryx

257 1630 384 1657 venator
400 1628 487 1667 Atyn
499 1629 533 1656 ut
547 1625 807 1665 Berecyntiaden.
831 1625 840 1641 ‘
858 1625 975 1665 Phryx
993 1622 1146 1655 venator'
1164 1622 1340 1662 Adrastus,
1351 1623 1406 1663 qui
1418 1627 1539 1663 postea
1552 1622 1592 1652 ad
1608 1622 1715 1662 Atyos

260 1670 424 1700 tumulum
440 1678 475 1699 se
492 1669 665 1699 interemit
680 1668 800 1708 ipsum,
816 1672 903 1698 teste
922 1668 1040 1698 eodem
1058 1666 1232 1698 Diodoro:
1261 1666 1302 1695 ad
1327 1675 1398 1695 eam
1424 1670 1516 1696 certe
1541 1665 1716 1695 historiam

259 1713 352 1743 Naso
384 1711 519 1742 videtur
547 1710 720 1742 allusisse:
746 1720 816 1741 rem
845 1720 976 1741 omnem
1000 1719 1142 1750 operose
1166 1714 1366 1750 persecutus
1391 1713 1443 1739 est
1466 1707 1662 1739 Herodotus
1679 1707 1718 1738 li-

916 1808 1058 1840 NOTAE

259 1872 450 1904 Ambracia}
466 1876 659 1912 tyrannum,
682 1872 740 1904 ille
763 1873 962 1904 Plialaecum

258 1933 277 1954 a
300 1924 408 1954 leaena
423 1922 625 1954 dilaniatum
645 1927 827 1954 testentur.
873 1925 959 1957 Quae

259 1975 370 2004 onmia
384 1974 513 2014 prolixe
531 1983 641 2014 neque
658 1974 767 2004 minus
785 1974 961 2014 eleganter

259 2024 363 2056 habes
381 2024 469 2065 apud
487 2025 617 2055 clariss.
630 2025 789 2065 Salvagn.

303 2078 364 2106 505
389 2075 603 2115 Lycurgiden]
628 2074 792 2105 Ancaeum
810 2074 959 2114 Lycurgi

260 2124 364 2155 tilium
391 2124 472 2156 facit
498 2125 666 2165 Hyginus,
688 2135 787 2166 quem
810 2125 852 2156 ab
877 2135 959 2166 apro

262 2174 447 2213 Calydonio
466 2185 661 2213 percussum
680 2175 774 2206 dicit.

303 2223 423 2253 Arbore
438 2224 559 2262 nucum]
584 2224 712 2255 Adonis
728 2230 792 2263 est,
814 2225 959 2264 scilicet,

263 2272 304 2303 de
322 2273 434 2313 quoin
454 2273 596 2301 Metam.
615 2281 650 2303 x.

304 2325 369 2353 506
400 2321 600 2361 Idmonaque]
655 2322 756 2352 Hunc
796 2324 959 2362 Apollinis

261 2371 366 2403 filium
382 2376 417 2401 et
434 2371 665 2411 Argonautam
686 2371 767 2402 facit
785 2372 960 2411 Hyginus5

261 2422 422 2453 audacem
448 2421 538 2458 ideo,
553 2421 644 2462 quod
665 2425 759 2452 vates
783 2421 868 2461 ipse,
885 2432 960 2452 cum

260 2474 294 2504 in
325 2473 542 2512 expeditione
582 2471 739 2503 Colchica
773 2471 961 2511 periturum

260 2522 483 2561 intelligeret,
508 2520 723 2551 nihilominus
750 2531 826 2552 cum
854 2521 962 2561 Argo-

263 2573 376 2604 nautis
403 2582 520 2602 navem
549 2571 760 2603 conscendit.
804 2571 834 2602 A
863 2572 962 2603 sociis

265 2632 343 2653 vero
370 2630 547 2663 postquam
577 2623 782 2663 aliquantum
813 2623 963 2653 secessis-

264 2677 318 2705 set
334 2673 376 2703 ab
393 2683 475 2713 apro
492 2674 626 2703 occisus
644 2677 705 2704 est.

306 2724 371 2768 601
394 2722 461 2762 Illi]
507 2723 695 2754 Thoantem
733 2723 884 2754 nonnulli
915 2722 962 2753 di-

1017 1876 1111 1903 cunt.
1149 1870 1318 1901 Diodorus
1342 1869 1457 1909 ignoto
1484 1868 1619 1899 nomine
1646 1868 1716 1899 cui-

1016 1922 1093 1952 dam
1110 1922 1196 1952 lianc
1215 1920 1322 1951 refert
1348 1919 1510 1957 fabulam,
1531 1918 1599 1958 qui,
1615 1922 1716 1958 capto

1016 1973 1146 2013 ingenti
1162 1981 1256 2012 apro,
1271 1975 1376 2010 caput
1392 1970 1498 2000 solum
1523 1968 1632 1998 arbori
1657 1977 1716 2008 ap·

1015 2023 1147 2064 pendit,
1164 2032 1238 2053 cuin
1256 2026 1289 2052 et
1307 2020 1410 2061 pedes
1428 2029 1469 2049 ex
1486 2023 1564 2049 voto
1586 2017 1716 2048 solenni

1015 2074 1199 2104 debuisset.
1244 2073 1319 2105 Qua
1336 2080 1372 2101 re
1390 2079 1465 2100 mox
1492 2068 1611 2099 eodem
1630 2068 1716 2107 loco,

1015 2123 1200 2154 meridiano
1224 2127 1308 2153 a³stu
1328 2131 1404 2151 cum
1429 2119 1604 2157 dormiret,
1627 2118 1716 2149 solu-

1015 2179 1085 2205 tum
1112 2174 1185 2214 apri
1218 2176 1324 2213 eaput
1351 2170 1551 2202 dormientis
1581 2179 1617 2199 os
1655 2177 1714 2208 op-

1016 2225 1150 2265 pressit.

1058 2278 1121 2305 510
1145 2273 1272 2313 Phryx]
1297 2272 1424 2302 Eodem
1450 2270 1548 2299 modo
1572 2276 1637 2307 quo
1657 2266 1714 2297 ille

1016 2323 1108 2362 pinei
1124 2323 1214 2362 pomi
1231 2332 1309 2352 casu
1326 2318 1550 2350 interficiaris,
1589 2316 1715 2348 Fabula

1017 2382 1096 2402 vero
1112 2372 1380 2409 oliscura‚‹p¹a1n
1409 2378 1449 2397 cx
1477 2368 1584 2397 vem-'1
1612 2368 1715 2399 intel·-

1018 2426 1114 2462 prete
1141 2421 1181 2451 ad
1207 2420 1297 2460 Atyn
1320 2418 1486 2458 quendam
1515 2423 1713 2449 venatorem

1017 2471 1170 2502 referunt
1181 2471 1213 2500 in
1226 2470 1439 2509 Berecyntho
1452 2468 1610 2507 Phrygi-<e
1623 2477 1714 2499 mon-

1017 2526 1064 2561 te,
1080 2521 1136 2552 ubi
1155 2520 1299 2561 Cybeles
1316 2529 1411 2550 sacra
1426 2519 1566 2557 fiebant,
1583 2518 1714 2549 lassitu-

1016 2572 1094 2602 dine.
1122 2580 1331 2611 oppressum,
1369 2575 1404 2601 et
1442 2570 1505 2600 sub
1531 2569 1611 2610 pinu
1639 2569 1714 2599 dor-

1017 2623 1186 2652 mientem.
1233 2622 1360 2652 Mirum
1386 2620 1419 2652 ni
1443 2620 1506 2652 hoc
1528 2620 1603 2651 loco
1626 2620 1713 2651 latet

1014 2673 1183 2704 mendum.
