1877 3193
201 150 319 194 2682

692 162 732 191 P.
764 159 922 189 ovlml
956 158 1172 190 NASONIS

202 256 425 300 Vendicat
444 261 492 299 ut
515 257 712 299 Calamis
731 254 922 305 laudem,
943 266 1054 308 quos
1074 254 1191 304 fecit,
1216 266 1453 308 equorum3

261 325 324 366 Ut
345 326 504 367 similis
524 339 636 367 verae
659 336 798 366 vacca
818 322 1020 376 Myronis
1040 334 1153 376 opus
1170 335 1181 374 3

203 393 279 434 Sic
301 406 384 446 ego
404 406 507 447 pars
527 406 666 435 rerum
685 405 771 433 non
790 390 959 441 ultima,
982 390 1131 441 Sexte,
1153 393 1331 430 tuarum
1348 402 1360 442 ;

1608 389 1664 431 35

259 461 518 515 Tutelaeque
534 461 649 503 feror
668 472 826 501 munus
846 471 1045 512 opusque
1066 462 1170 500 tuae.

203 603 367 634 admodum
384 604 520 635 Calamis
535 603 647 635 asserit
661 603 796 642 glorium
822 611 977 642 equorum,
994 612 1066 642 quos
1084 602 1165 639 fecit
1180 611 1189 635 ,·
1213 600 1464 641 quemadmodum
1476 608 1566 630 vacca
1591 608 1665 638 opus

205 646 350 685 lllyronis
367 651 419 677 cst
434 647 546 677 similis
561 656 642 677 rerae
658 655 770 676 vaccae
787 656 796 682 3
818 646 865 675 ita
880 655 934 684 ego
955 655 1029 684 pars
1045 655 1103 675 non
1116 648 1271 685 postrema
1287 653 1389 674 rerum
1404 647 1542 683 tuarum,
1558 641 1665 682 Sexte,

204 688 289 718 dicor
305 698 412 719 »nimius
426 692 456 719 et
473 699 547 729 opus
561 688 748 726 defensionis
763 690 838 717 tuce.

815 780 933 792 αααααα

938 779 1055 792 cccccc

206 849 247 877 32
271 846 392 877 Heius.
417 848 505 888 conj.
533 847 578 878 D.
594 847 863 888 fictaman.—33
888 847 1004 877 Aldin.
1021 845 1151 887 Gryph.
1168 846 1297 877 Bersm.
1324 850 1359 877 et
1384 847 1459 877 aliae
1476 846 1565 877 Edd.
1590 855 1666 877 cum

204 889 319 920 multis
342 890 478 928 scri}›tis
502 889 629 921 habent
647 889 847 921 Calais-35
875 890 932 921 Pr.
949 889 1012 920 Ed.
1029 888 1081 919 Sic
1096 898 1169 929 pars
1183 893 1229 919 est
1246 898 1305 919 rer.
1330 889 1362 918 in
1380 889 1524 929 vulgatis
1542 888 1596 920 Sic
1611 899 1667 929 ego

205 942 272 962 sum
287 941 348 962 rer.

205 984 313 1014 regum
327 984 388 1015 pro
403 985 508 1006 rerum
524 975 662 1008 habent.

394 932 556 963 Heinsius
580 943 657 964 cum
678 933 754 965 Pol.
771 936 806 964 et
823 933 959 973 Fragm.
974 933 1017 963 V.
1036 932 1154 963 scribit
1170 932 1223 963 Sic
1238 941 1294 971 ego
1314 941 1389 972 pars
1404 941 1465 963 rer.
1510 931 1555 963 Et
1571 933 1667 964 multi

869 1084 901 1114 N
908 1082 1010 1114 OTAE

207 1163 336 1204 signem
354 1164 445 1196 illam
463 1166 573 1205 pinxit
589 1166 690 1198 toties
705 1168 910 1199 celebratam

207 1223 249 1245 ex
266 1215 350 1245 mari
367 1219 548 1246 exeuntem
565 1217 747 1248 Venerem.

250 1267 289 1295 31
315 1264 449 1305 Actoeoe]
474 1265 703 1298 Atheniensis.

255 1314 312 1346 Vel
326 1314 455 1355 eburna]
481 1316 612 1356 Viginti
638 1317 830 1348 cubitorum
847 1317 911 1349 fuit

206 1365 279 1397 haec
296 1366 466 1397 Minervae
489 1371 601 1398 statua
625 1378 666 1398 cx
683 1368 786 1399 ebore
803 1372 839 1399 et
856 1379 912 1399 au-

208 1426 258 1456 ro,
298 1416 432 1447 Phidiae
473 1417 690 1448 Atheniensis
731 1419 913 1458 sculptoris

208 1476 293 1507 opus
311 1467 642 1506 praestantissimum.

251 1515 368 1554 AEnea]
394 1516 558 1546 Minerva:
591 1516 744 1556 ejusdem
775 1525 816 1547 ex
846 1527 914 1548 aere

209 1568 278 1596 tam
309 1564 442 1595 eximiae
478 1566 737 1606 pulchritudinis
767 1570 914 1598 statuam

209 1614 295 1646 fecit
308 1615 400 1646 idem
416 1615 557 1646 Phidias
576 1621 612 1647 ut
636 1627 654 1646 a
670 1615 777 1647 forma
791 1627 915 1658 cogno-

210 1675 287 1696 men
304 1666 487 1705 acceperit.

257 1715 382 1755 Custos]
408 1716 485 1748 Non
502 1716 600 1748 niodo
624 1718 701 1758 quia
725 1717 807 1748 belli
830 1718 917 1759 Dea⁷

967 1167 1026 1198 sed
1044 1171 1080 1198 et
1096 1167 1248 1198 Athenas
1275 1166 1495 1208 peculiariter
1511 1166 1544 1197 in
1561 1167 1671 1198 tutela

965 1218 1124 1249 habeban

1009 1271 1048 1297 33
1076 1268 1229 1307 Calamis]
1248 1267 1401 1299 Coelandi
1417 1267 1518 1298 laude
1532 1267 1672 1308 insignis

966 1316 1113 1354 artifex3
1163 1318 1258 1358 equis
1290 1327 1423 1358 semper
1452 1318 1524 1348 sine
1551 1318 1672 1348 aemulo

966 1367 1146 1407 expressis.

1012 1420 1052 1447 34
1077 1416 1238 1457 sslyrvnis]
1272 1417 1523 1448 Celeberrimns
1548 1416 1614 1448 fuit
1637 1427 1671 1448 e-

969 1466 1052 1497 tiam
1066 1467 1263 1504 statuarius,
1275 1468 1371 1506 cujus
1389 1468 1510 1498 bucula
1527 1477 1672 1508 praeser-

969 1518 1029 1547 tim
1054 1517 1156 1557 junix
1181 1518 1294 1548 multis
1314 1518 1499 1549 Poetarum
1517 1519 1671 1550 versibus

970 1568 1106 1599 claruit.
1132 1567 1233 1598 Hunc
1248 1578 1345 1608 paene
1361 1569 1531 1600 hominum
1546 1569 1672 1600 animas

970 1617 1189 1660 ferarumque
1213 1629 1281 1649 aere
1297 1619 1602 1660 comprehendisse,
1619 1629 1673 1650 ne-

971 1680 1036 1711 que
1052 1670 1226 1701 haeredeni
1241 1670 1425 1712 invenisse,
1441 1674 1589 1703 testatur
1608 1670 1673 1702 Pe-

971 1726 1113 1752 tronum.

675 2176 1093 2226 EPISTOLA
1147 2179 1220 2227 ll.

814 2349 1079 2392 SEVERO.

767 2516 1125 2550 ARGUMENTUM.

222 2605 279 2643 An
298 2613 471 2652 ‘Severum
496 2612 634 2654 poetam
656 2613 740 2644 hanc
764 2614 942 2654 epistolam
966 2614 1087 2646 scribit
1114 2615 1270 2659 Ovidius,
1291 2628 1325 2649 se
1351 2619 1465 2651 multis
1489 2620 1675 2651 rationibus

265 2674 430 2696 excusans
445 2666 533 2707 quod
549 2666 698 2697 nondum
712 2667 787 2708 ejus
802 2677 923 2699 nomen
937 2668 1004 2697 suis
1020 2669 1156 2708 scriptis
1172 2680 1237 2701 cer(
1251 2672 1367 2711 '‘rurit‚
1393 2674 1544 2714 quamvis
1561 2677 1675 2705 tamen

266 2725 437 2759 nunquam
454 2720 642 2752 cessaverit
657 2720 699 2752 ad
718 2731 792 2752 euni
808 2720 969 2762 epistolas
984 2722 1091 2753 soluta
1108 2723 1259 2756 oratimw
1275 2725 1419 2766 scriptas
1434 2725 1581 2757 mittere.
