1877 3193
182 143 298 186 25:36
668 157 710 187 P.
742 155 901 186 ovmil
934 154 1147 186 NAsomS

185 246 300 301 Spes
321 247 453 301 igitur
471 250 603 290 menti
622 264 785 304 poenae,
809 251 1028 300 Graecioe,
1045 251 1244 293 levandae

242 314 345 356 Non
364 320 431 357 est
451 330 506 357 ex
526 320 618 358 toto
638 319 755 358 nulla
775 320 927 360 relicta
945 333 1073 360 meae.

184 380 302 423 Haec
324 383 436 432 Dea,
459 397 554 424 cum
577 385 770 438 sugerent
791 386 1032 427 sceleratas
1053 386 1231 427 numina
1249 389 1398 436 terras,

242 448 296 489 In
325 450 401 490 Dis
422 452 561 492 invisa
583 454 678 493 sola
696 455 908 494 remansit
926 455 1072 495 humo.
1581 454 1637 493 00

184 515 301 558 Haec
322 518 442 568 facit,
463 525 515 559 ut
535 521 653 561 vivat
672 522 845 561 vinctus
868 535 1044 574 quoque
1067 511 1280 574 compede
1299 520 1468 572 fossor3

240 584 484 639 Liberaque
507 600 534 627 a
554 587 665 627 ferro
686 602 810 628 crura
830 589 977 629 futura
997 593 1135 643 putet.

183 650 301 692 Haec
323 652 447 701 facit,
469 659 535 702 ut,
558 654 707 693 videat
726 668 826 694 cum
848 659 985 696 terras
1007 657 1200 709 undique
1221 656 1383 707 nullas,

241 718 493 772 Naufragus
513 721 557 759 in
578 721 734 760 mediis
756 721 937 760 brachia
953 722 1092 774 jactet
1114 724 1259 775 aquis.

184 784 317 837 Saepe
339 787 526 839 aliquem
549 787 686 826 solers
706 786 972 827 medicorum
994 800 1096 827 cura
1111 789 1312 842 reliquit3
1588 789 1643 829 :35

243 852 338 893 Nec
361 866 464 906 spes
485 854 585 893 huic
608 867 718 894 vena
741 853 968 894 deficiente
990 855 1122 895 cadit.

184 917 368 958 Carcere
390 920 591 960 dicuntur
613 921 749 961 clausi
775 934 953 973 sperare
974 922 1184 964 salutem:

240 985 388 1038 Atque
410 986 570 1039 aliquis
593 988 791 1041 pendens
812 989 856 1028 in
878 1002 1006 1029 cruce
1030 992 1131 1030 vota
1151 988 1272 1030 facit.

184 1053 230 1093 H
236 1065 301 1093 aec
326 1054 423 1094 Dea
443 1068 576 1107 quam
596 1057 752 1097 multos
771 1057 935 1109 laqueo
955 1070 1037 1097 sua
1059 1057 1175 1098 colla
1195 1057 1385 1110 ligantes

241 1120 343 1161 Non
361 1126 428 1161 est
448 1124 681 1175 proposita
702 1136 840 1176 passa
860 1125 1001 1177 perire
1021 1124 1153 1165 nece!
1588 1125 1645 1163 40

183 1186 260 1227 Me
280 1201 455 1242 quoque
477 1194 705 1230 conantem
727 1191 870 1242 gladio
889 1192 1009 1231 finire
1029 1192 1225 1233 dolorem

240 1253 413 1305 Arcuit,
436 1256 599 1309 injecta
620 1258 920 1311 continuitque
940 1270 1087 1298 manu.

184 1374 269 1405 Deos
284 1379 330 1405 est
338 1376 504 1416 flagitium
514 1376 530 1409 ἴ)
577 1378 646 1408 Non
664 1388 737 1417 ergo
753 1379 836 1409 nulla
852 1382 898 1409 est
923 1378 1048 1418 penitus
1061 1387 1130 1418 spes
1145 1386 1283 1408 concessa
1307 1377 1408 1407 animo
1423 1386 1486 1407 meo
1502 1377 1645 1417 supplicii

182 1418 352 1457 minuendi,
370 1420 526 1450 Groecine.
573 1421 634 1450 Illa
651 1421 721 1450 Dea
736 1423 803 1451 sola
818 1422 937 1452 restitit
953 1422 985 1450 in
1001 1425 1086 1451 terra
1100 1421 1205 1451 odiosa
1222 1420 1297 1450 Diis
1312 1430 1379 1449 cum
1394 1420 1441 1449 ila·
1454 1421 1645 1451 discederent

183 1469 200 1487 a
217 1461 311 1490 terris
324 1462 469 1491 scelestis.
517 1462 576 1492 Illa
589 1466 733 1501 praestat,
749 1467 783 1493 ut
791 1463 894 1499 fossor
909 1463 1001 1492 etium
1018 1463 1203 1492 constrictus
1218 1463 1409 1502 compedibus
1422 1463 1507 1492 vivat
1520 1473 1531 1498 ;
1553 1466 1644 1503 atque

183 1504 288 1532 credat
305 1502 398 1533 tibias
405 1503 479 1540 fore
493 1503 642 1534 immunes
648 1504 744 1541 ferri.
791 1506 852 1535 Illa
859 1504 957 1542 facit,
969 1507 1005 1534 ut
1020 1503 1221 1542 naufragium
1235 1513 1343 1543 passus
1356 1505 1455 1541 agitet
1469 1505 1597 1535 lacertos
1611 1506 1645 1537 in

183 1545 293 1574 mediis
306 1545 404 1584 aquis,
429 1556 601 1586 quanquam
625 1547 726 1577 nullas
741 1548 873 1586 aspiciat
889 1551 990 1577 terras
1013 1545 1159 1585 undique.
1203 1545 1292 1585 Saepe
1313 1548 1447 1585 prudens
1461 1556 1536 1577 cura
1552 1548 1647 1577 medi-

183 1596 283 1617 corum
299 1588 441 1618 destituit
455 1589 608 1628 aliauem;
629 1599 724 1629 neque
739 1600 806 1629 spes
822 1590 902 1620 hunc
914 1588 1018 1629 deficit
1033 1598 1109 1619 rena
1120 1588 1240 1619 silente.
1289 1589 1429 1626 Conjecti
1445 1590 1477 1619 in
1493 1598 1647 1620 carcerem

182 1630 328 1660 dicuntur
339 1640 464 1670 sperare
477 1633 622 1669 salutem,
648 1635 740 1671 atque
763 1632 875 1672 aliquis
900 1631 983 1663 cruci
1007 1632 1119 1672 affixus
1143 1634 1212 1661 vota
1237 1631 1379 1670 concipit.
1424 1631 1485 1661 Illa
1504 1632 1575 1662 Dea
1586 1641 1647 1662 non

179 1671 253 1701 sirit
276 1673 424 1711 plurimos
436 1678 609 1712 prementes
623 1684 680 1704 sua
703 1675 779 1704 colla
803 1677 906 1715 laqueo
930 1675 1061 1705 interire
1077 1677 1174 1704 morte
1188 1674 1367 1704 constituta.
1413 1674 1582 1704 Prohibuit
1597 1683 1644 1705 me

181 1714 275 1743 etiam
292 1715 442 1746 nitentem
446 1716 547 1757 finem
562 1717 717 1757 imponere
732 1727 878 1748 <erumnae
886 1717 990 1756 ferro,
1013 1720 1042 1747 et
1058 1717 1207 1757 repressit
1223 1726 1315 1747 manu
1330 1717 1454 1755 injecta.
1502 1717 1646 1757 Quidque

796 1794 1027 1806 eeeeeeeeeeee

183 1843 322 1874 tiuutur.
346 1844 506 1875 Barthius
521 1845 650 1885 reperit
675 1846 707 1876 in
732 1855 799 1876 uno
826 1849 961 1876 vetusto
990 1845 1189 1886 exemplari,
1208 1845 1323 1876 Omnia
1338 1849 1371 1875 at
1384 1845 1416 1875 in
1432 1855 1560 1884 magnos
1574 1849 1646 1877 sunt

180 1888 276 1917 scelus
287 1897 361 1917 ausa
378 1888 480 1918 Deos:
504 1888 593 1928 quod
611 1888 667 1919 ille
683 1889 867 1919 sustineret
884 1887 1080 1928 defendere,
1094 1889 1121 1919 si
1136 1899 1221 1919 unus
1234 1889 1364 1919 alterve
1378 1888 1487 1918 codex
1504 1888 1646 1919 accede-

183 1934 247 1958 ret.
295 1929 406 1960 Omnis
419 1930 500 1960 enim
515 1930 549 1961 in
571 1941 656 1962 unus
674 1931 830 1962 Heiusii:
862 1932 972 1961 Omnis
995 1935 1028 1961 at
1055 1931 1139 1962 editi
1166 1931 1344 1962 nonnulli.'
1373 1931 1564 1962 Barim—27
1589 1931 1646 1963 Sa.

182 1972 253 2007 igit.
270 1973 381 2003 mentis
402 1983 482 2012 poen.
509 1978 546 2004 et
568 1972 651 2014 Arg.
677 1974 1096 2014 poenam...levandam.—30
1120 1973 1202 2014 Arg.
1220 1975 1274 2004 Ex
1291 1975 1334 2004 D.
1359 1974 1458 2005 Voss.
1474 1978 1510 2004 et
1527 1974 1644 2004 decem

185 2014 238 2042 alii
257 2015 355 2050 Jam;
388 2016 468 2047 Jun.
496 2020 531 2046 et
557 2026 678 2047 novem
696 2017 752 2047 alii
773 2017 915 2048 liu—33
939 2017 1035 2047 Unus
1051 2017 1109 2047 lib.
1127 2017 1233 2057 zmdiq.
1256 2018 1468 2047 clausas.—-35
1495 2015 1562 2046 Alii
1578 2026 1645 2047 cur.

182 2057 428 2095 relinquit—39
450 2058 525 2088 Duo
539 2059 616 2089 libri
645 2060 733 2089 mult.
757 2059 873 2099 laqueis
898 2062 1050 2090 sum—40
1075 2061 1114 2090 R.
1133 2065 1168 2090 et
1186 2065 1253 2090 tres
1270 2059 1326 2090 alii
1342 2062 1386 2089 est
1400 2059 1589 2099 proeposita,·
1612 2064 1647 2089 et

184 2098 476 2138 P.01›posita.-41
502 2101 637 2132 Diversi
659 2101 767 2132 Codd.
786 2102 850 2143 fin.
874 2103 1003 2142 dolorm,
1028 2102 1157 2143 labores,
1178 2102 1410 2133 laborem-42
1435 2101 1505 2132 Alii
1526 2101 1645 2141 Arguit

839 2195 979 2225 NOTAE

228 2258 269 2285 29
294 2255 389 2295 Hoec]
411 2257 508 2296 Spes,
525 2258 666 2289 scilicet.
984 2262 1025 2289 32
1050 2260 1163 2298 Ferro]
1187 2259 1428 2299 Compedibus.

230 2308 308 2336 Cum
338 2306 502 2348 fugerent]
538 2308 683 2348 Propter
714 2307 887 2338 homiuum
984 2312 1023 2339 34
1047 2309 1170 2347 ιῙιιειεὲ]
1192 2310 1260 2347 Spe
1288 2307 1460 2345 enatandi,
1482 2310 1540 2338 aut
1565 2317 1644 2349 quo-

186 2358 327 2396 scelera,
354 2358 451 2389 finito
478 2359 602 2389 saeculo
631 2368 745 2390 aureo.
791 2359 884 2389 Deos
941 2367 1006 2398 quo
1034 2358 1133 2388 niodo
1162 2357 1341 2397 evadendi,
1366 2362 1497 2397 natant,
1524 2357 1581 2398 qui
1609 2358 1644 2388 in

185 2412 297 2437 autem
311 2408 408 2439 terris
421 2409 608 2440 excessisse
623 2412 770 2440 testatur
781 2409 886 2440 etiam
941 2408 1010 2438 alto
1025 2408 1128 2438 etiam
1145 2406 1360 2447 naufragium
1379 2408 1466 2446 passi
1482 2412 1572 2438 sunt.

186 2458 284 2488 Maro
301 2458 364 2488 Ge.
382 2467 422 2489 11.
984 2460 1024 2488 36
1053 2457 1152 2496 Vena]
1177 2457 1320 2489 Quando
1338 2467 1403 2487 uon
1425 2457 1567 2497 amplius
1583 2457 1644 2488 mi-

228 2512 269 2539 30
309 2510 487 2551 Remansit]
524 2510 614 2541 Illud
647 2509 723 2541 ideo
758 2510 886 2550 lictum,
941 2511 997 2538 cat
1013 2512 1071 2538 aut
1083 2508 1161 2538 salit
1175 2508 1313 2545 arteria,
1327 2507 1453 2538 viribus
1466 2507 1647 2547 collapsis:

186 2559 274 2597 quod
292 2559 459 2592 neminem
489 2570 633 2601 unquam
660 2570 738 2601 spes
755 2570 814 2592 sua
830 2561 886 2592 de-
942 2558 1029 2598 quod
1047 2558 1182 2598 quidem
1211 2558 1301 2588 inter
1329 2558 1448 2589 mortis
1474 2558 1570 2598 sigua
1593 2567 1645 2589 re-

185 2609 317 2640 stituat.
941 2612 1058 2639 censet
1076 2607 1217 2638 Plinius.

230 2661 267 2688 31
296 2659 420 2699 Fossor]
444 2661 567 2692 Servus
583 2661 640 2702 qui
656 2661 689 2692 iu
707 2661 886 2703 ergastulis
982 2661 1023 2689 *10
1048 2658 1227 2700 Proposita]
1249 2658 1385 2690 Genere
1402 2658 1520 2690 mortis
1538 2658 1640 2690 desti-

188 2708 322 2739 colendi
339 2709 409 2750 agri
427 2720 529 2742 causa
544 2712 722 2743 retinetur.
940 2712 1033 2750 nato,
1049 2713 1086 2740 ut
1102 2710 1224 2750 laqueo
1242 2709 1345 2740 vitam
1363 2708 1514 2742 finirent.
