1877 3193
540 167 693 198 EPlsr.
729 166 794 196 EX
828 166 986 197 ΡοΝΤο
1020 164 1114 197 LIB.
1146 165 1219 197 111.
1247 155 1292 197 4.
1526 157 1642 200 2653

191 258 445 314 Cunctaque
465 274 565 303 cum
586 274 684 302 mea
705 262 790 302 sint
809 273 1029 315 propenso
1049 260 1158 302 nixa
1177 260 1344 310 favore,
1592 259 1651 301 15

246 328 531 382 Praecipuum
552 331 691 370 veniae
706 330 780 384 jus
800 329 931 369 habet
950 329 1024 368 ille
1046 328 1171 368 liber.

191 394 443 449 Spectatum
466 399 592 436 vates
615 397 690 436 alii
714 396 930 448 scripsere
951 395 1242 447 triumphum:

248 460 330 502 Est
350 462 517 515 aliquid
535 463 711 503 memori
732 463 832 502 visa
851 465 1001 501 notare
1024 473 1173 501 manu.

192 527 290 569 Nos
311 542 364 569 ea
383 530 460 568 vix
480 530 658 569 avidam
677 529 809 580 vulgo
833 530 1013 580 captata
1033 540 1112 579 per
1128 539 1277 568 aurem

250 596 540 648 Scripsimus:
573 600 703 648 atque
723 595 840 635 oculi
862 594 980 635 fama
999 594 1120 635 fuere
1138 595 1238 636 mei.
1594 593 1651 634 ΞΟ

193 661 374 703 Scilicet
395 660 576 702 affectus
596 662 776 711 similes,
799 665 874 701 aut
892 662 1083 714 impetus
1101 661 1233 711 idem,

251 728 407 768 Rebus
428 729 484 768 ab
506 728 669 769 auditis
691 729 1032 781 conspicuisque
1053 728 1201 768 venit?

193 794 237 836 N
241 808 290 837 ec
312 795 426 836 nitor
447 797 629 848 argenti,
650 809 779 849 quem
800 808 882 836 vos
904 795 1091 844 vidistis,
1113 797 1157 835 et
1177 794 1286 844 auri,

249 862 381 913 Quod
402 864 508 904 mihi
529 863 755 913 defuerint,
779 876 1061 917 purpuraque
1082 863 1171 912 illa,
1193 875 1377 916 queror:

192 929 279 970 Sed
298 931 415 981 loca,
438 931 512 970 sed
538 934 689 982 gentes
711 930 911 972 formatae
934 930 1051 971 mille
1073 931 1222 983 figuris
1594 927 1653 969 25

248 996 503 1038 Nutrissent
524 1012 710 1046 carmen,
732 999 970 1051 praeliaque
990 998 1106 1051 ipsa,
1127 1009 1288 1038 meum.

194 1062 249 1105 Et
270 1063 442 1116 Regum
463 1066 625 1114 vultus,
648 1065 890 1105 certissima
912 1065 1097 1117 pignora
1118 1064 1291 1114 mentis,

249 1129 480 1171 Juvissent
502 1133 650 1184 aliqua
671 1132 854 1172 forsitan
872 1131 978 1171 illud
998 1144 1129 1184 opus.

191 1244 257 1275 sint
281 1248 455 1276 sustentata
474 1245 586 1282 favore
603 1245 752 1283 benevolo,
775 1245 827 1274 iile
853 1244 930 1274 liber
954 1244 1043 1274 habet
1060 1243 1117 1282 jus
1141 1245 1311 1275 maximum
1326 1244 1542 1284 indnlgentiae.
1588 1244 1654 1274 Alii

192 1287 301 1318 Po'e'toe
316 1288 542 1326 descripserunt
565 1288 757 1327 triumphum
773 1290 974 1326 conspectum.
1022 1287 1084 1316 Est
1107 1287 1225 1326 aliquid
1251 1287 1378 1326 signare
1398 1288 1465 1318 visa
1489 1297 1581 1318 mauu
1597 1296 1657 1317 me-

192 1329 281 1360 mori.
327 1330 394 1360 Nos
409 1329 587 1369 scripsimus
611 1340 646 1360 ea
671 1339 753 1367 aegre
778 1329 907 1368 quoesitn
929 1339 985 1368 per·
1011 1330 1121 1368 tulgus
1147 1339 1222 1360 aure
1248 1330 1378 1369 cupida:
1399 1334 1488 1370 atque
1503 1329 1581 1360 oculi
1596 1329 1657 1360 mei

185 1370 318 1410 fuerunt
333 1381 448 1403 rumor.
496 1372 594 1407 Quasi
610 1381 681 1402 vero
704 1371 836 1411 qffectus
856 1381 959 1411 pares,
982 1381 1035 1402 seu
1050 1372 1130 1402 idem
1139 1371 1234 1410 furor
1249 1373 1368 1403 oriatur
1384 1382 1422 1403 ex
1437 1373 1525 1403 rebus
1539 1372 1656 1403 auditis

192 1416 223 1444 et
238 1412 338 1445 visis?
383 1414 492 1454 Neque
507 1415 591 1445 doleo
607 1415 686 1454 quod
709 1415 851 1453 splendor
866 1415 990 1451 argenti
1006 1418 1035 1443 et
1056 1415 1140 1453 atari,
1168 1425 1254 1453 quem
1277 1425 1328 1444 vos
1350 1416 1530 1454 aspexistis,
1555 1417 1585 1445 et
1599 1415 1656 1444 illa

189 1465 328 1496 purpura
342 1456 418 1486 milti
433 1457 580 1493 defuerit.
633 1457 745 1487 Verum
761 1458 838 1492 loca,
861 1466 965 1485 verum
983 1456 1218 1496 nationesfictce
1234 1457 1316 1486 mille
1331 1458 1439 1495 modis,
1466 1461 1495 1487 et
1512 1458 1577 1496 ipsa
1593 1466 1657 1486 ccr-

193 1499 312 1530 tamina
326 1499 472 1530 aluissent
489 1509 568 1529 meos
582 1508 700 1529 versus.
744 1499 849 1537 Atque
856 1497 959 1534 facies
983 1507 1104 1537 regum,
1129 1498 1245 1529 indicia
1260 1499 1438 1529 indubitata
1453 1499 1562 1536 animi,
1588 1507 1657 1528 con-

807 1583 1042 1595 eeeeeeeeeeee

197 1649 259 1680 pro
287 1649 353 1680 quo
381 1640 503 1671 Heius.
529 1640 668 1671 volebat
694 1641 808 1671 demta.
859 1641 898 1671 R.
925 1641 1025 1671 etiam
1052 1643 1237 1680 putes.—-15
1271 1641 1345 1672 Sint
1373 1641 1490 1673 Heins.
1524 1640 1659 1681 recepit

196 1693 238 1713 ex
257 1683 392 1723 scriptis
411 1693 471 1722 pro
489 1684 576 1722 vulg.
598 1686 768 1714 sunta—46
792 1682 834 1712 P.
849 1684 939 1713 Dan.
961 1684 1123 1722 Proecipne
1137 1687 1292 1714 vem—18
1310 1686 1391 1715 Lov.
1407 1685 1523 1723 scripta
1538 1687 1658 1722 notare,

197 1730 233 1756 et
250 1725 292 1756 P.
315 1727 381 1755 visa
407 1728 608 1756 tenera—19
634 1726 683 1755 Ex
711 1725 850 1764 scriptis
877 1727 969 1763 vulgo
986 1726 1140 1765 reposuit
1163 1726 1284 1757 Heins.
1308 1727 1424 1758 multae
1450 1727 1537 1758 Edd.
1560 1727 1661 1765 vulgi.

196 1768 275 1800 Jun.
293 1770 331 1797 et
343 1774 489 1807 quatuor
508 1768 580 1798 libri
598 1769 689 1806 vulgo
704 1771 865 1807 spectata;
890 1774 925 1798 et
940 1768 1035 1798 Serv.
1051 1775 1084 1798 et
1103 1769 1142 1799 P.
1162 1769 1249 1799 Dan.
1267 1779 1284 1800 a
1300 1779 1350 1809 pr.
1368 1779 1455 1800 inan.
1470 1779 1526 1809 per
1541 1769 1657 1800 urbem.

196 1812 277 1841 -21
304 1810 370 1840 Ms.
396 1810 525 1842 Bersm.
556 1810 641 1840 Edd.
668 1810 784 1841 Aldin.
813 1815 848 1840 et
875 1811 1006 1850 Grypli.
1030 1811 1141 1841 similis
1166 1821 1225 1850 pro
1251 1812 1464 1842 similes—'24
1489 1811 1659 1849 Defuerint

197 1852 316 1883 Heius.
334 1853 466 1892 recepit
483 1863 523 1883 ex
542 1854 674 1893 Fragm.
688 1854 731 1883 V.
756 1854 764 1869 ‘
782 1853 983 1893 elegantius’
1001 1863 1099 1892 quam
1119 1855 1205 1893 vulg.
1225 1853 1453 1891 defuerit.-—25
1479 1854 1538 1884 Sed
1551 1856 1659 1892 gentes

198 1903 256 1925 sex
288 1899 463 1934 septemve
494 1900 647 1933 veteres;
674 1905 829 1926 nervose.
867 1896 980 1926 Heius.
1026 1895 1094 1926 Alii
1121 1898 1167 1926 vel
1189 1899 1363 1935 ζωῇ-27
1396 1897 1494 1935 Vulg.
1526 1896 1660 1935 pignora

194 1936 311 1975 gentis.
358 1937 423 1968 Alii
442 1939 584 1975 Pignora
601 1938 712 1968 mentis
739 1938 866 1975 legunt,
892 1948 965 1977 quae
984 1937 1086 1968 lectio
1108 1944 1143 1968 et
1171 1939 1282 1968 verior
1307 1944 1372 1977 est,
1394 1943 1428 1968 et
1452 1938 1659 1969 sententiam

198 1979 384 2018 planiorem
405 1980 535 2010 reddit:
565 1985 600 2010 ut
630 1980 697 2009 sint
728 1980 875 2019 Pignora
903 1980 1038 2017 mentis,
1062 1979 1185 2010 indicia
1211 1987 1246 2010 et
1275 1980 1549 2021 significationes.
1595 1981 1658 2010 Est

198 2021 287 2051 enim
313 2022 427 2052 vultus
465 2023 560 2062 quasi
596 2022 731 2062 quidam
765 2022 890 2051 tacitus
922 2022 1021 2051 animi
1054 2021 1166 2052 index.
1223 2024 1423 2063 Quanquam
1455 2032 1570 2053 rursus
1600 2031 1657 2053 ne-

200 2072 265 2102 que
293 2064 402 2094 altera
428 2065 529 2094 lectio
557 2074 692 2104 prorsus
721 2064 919 2103 rejicienda.
966 2065 1115 2094 Possunt
1140 2064 1226 2094 enim
1255 2066 1387 2105 pignora
1411 2066 1515 2105 gentis
1537 2065 1659 2105 accipi,

201 2106 313 2136 vultus
342 2115 474 2145 regum,
503 2112 538 2136 ut
567 2107 633 2136 sint
662 2106 752 2136 velut
781 2107 914 2142 indicia,
938 2112 969 2136 et
995 2112 1099 2137 cert-«1³
1124 2107 1386 2145 significationes
1406 2109 1506 2138 totius
1525 2108 1657 2147 gentis:

200 2148 262 2179 hoc
279 2152 343 2187 est,
356 2149 504 2189 qualiter
519 2148 699 2185 affecta,et
717 2149 837 2189 quibus
855 2149 1000 2179 moribus
1018 2155 1076 2180 aut
1094 2150 1235 2189 ingeniis
1255 2156 1324 2181 tota
1343 2161 1423 2191 gens
1441 2150 1588 2190 praedita
1603 2150 1661 2189 sit,

199 2195 383 2231 propterea
399 2191 488 2232 quod
508 2193 548 2222 ad
567 2192 758 2232 principum
775 2192 909 2232 ingenia
926 2195 961 2222 et
977 2201 1099 2232 mores,
1111 2193 1213 2223 etiam
1228 2194 1345 2234 populi
1361 2202 1433 2225 sese
1448 2196 1658 2234 comparant.

856 2288 1000 2320 NOTAE

244 2363 283 2391 16
309 2361 385 2401 Jus]
410 2362 499 2394 Quia
523 2362 668 2394 materia
685 2363 903 2404 amplissima,
999 2367 1040 2395 22
1070 2364 1176 2404 Venit]
1201 2364 1249 2395 Ut
1266 2364 1375 2395 minor
1391 2364 1434 2394 sit
1452 2363 1596 2402 impetus
1615 2370 1659 2392 ex

201 2415 236 2441 et
252 2411 294 2443 de
313 2412 535 2452 Imperatoris
553 2413 679 2444 Tiberii
699 2414 881 2454 triumpho.
958 2415 1082 2446 auditis
1101 2426 1198 2455 quam
1215 2416 1269 2455 qui
1286 2425 1328 2444 ex
1346 2414 1424 2443 visis
1440 2413 1556 2442 oritur.

243 2461 314 2502 Ille]
339 2463 391 2492 De
410 2464 556 2494 Caesaris
576 2464 756 2505 triumpho.
1000 2468 1040 2495 25
1062 2464 1229 2503 Formam]
1253 2464 1292 2493 In
1312 2463 1433 2493 tabulis
1451 2461 1566 2501 pictae,
1582 2469 1658 2502 quae

246 2514 286 2541 19
314 2513 428 2552 Vulgo]
466 2514 584 2554 Neque
612 2515 680 2545 ullo
704 2519 801 2546 certo
825 2524 904 2546 anc-
959 2525 1020 2556 per
1037 2515 1241 2553 triumphum
1258 2512 1528 2542 ostentabantur.

204 2565 292 2599 tore,
309 2561 365 2600 qui
382 2563 511 2601 singula
529 2569 689 2595 accurate
707 2565 866 2596 referret.
1001 2567 1042 2594 26
1067 2563 1203 2601 I’roeliu]
1230 2563 1268 2592 In
1289 2562 1411 2592 tabulis
1429 2561 1614 2601 descripta.

244 2612 286 2639 20
321 2609 437 2648 Fama]
473 2611 563 2642 Quia
591 2622 656 2644 non
683 2615 783 2645 aliter
804 2624 904 2657 quam
1000 2615 1040 2643 27
1070 2612 1205 2651 lengum]
1229 2612 1296 2644 Qui
1313 2611 1414 2642 vincti
1441 2611 1474 2641 in
1499 2611 1659 2652 triumphi

203 2657 369 2689 audiendo
387 2668 462 2699 quae
492 2661 653 2703 triumphi
678 2672 802 2706 pompa
828 2673 905 2706 cog·
958 2662 1174 2704 spectaculis.

205 2717 341 2740 noscere
356 2708 480 2749 potuit.
1002 2710 1160 2752 Pignora]
1183 2711 1307 2744 Vultus
1320 2711 1409 2744 enim
1425 2710 1527 2743 animi
1544 2710 1659 2744 iudeX.
