1863 3193
223 149 337 191 2246

712 163 753 192 P.
786 162 942 192 OVIDII
977 161 1188 192 NASONIS

228 254 342 306 Quae
362 255 446 296 fuit
464 255 690 297 Actoridae
711 268 810 296 cum
829 268 988 307 magno
1010 267 1182 308 semper
1200 254 1388 304 Achille,

282 321 478 362 Laudari
499 323 632 363 solita
650 327 717 363 est
738 322 945 363 Hectoris
967 334 1039 362 ore
1056 321 1178 362 fides.

1620 319 1676 360 30

228 387 361 438 Quod
384 389 484 442 pius
506 389 563 430 ad
580 401 727 430 manes
746 389 943 429 Theseus
964 401 1114 429 comes
1135 389 1238 429 isset
1259 388 1418 437 amico,

282 455 533 497 Tartareum
556 455 966 498 dicuntindoluisse
991 455 1145 496 Deum.

227 521 405 576 Euryali
427 522 617 577 Nisique
638 523 725 564 fide
743 523 840 572 tibi,
861 522 1022 571 Turne,
1042 521 1197 572 relata,

284 588 500 630 Credibile
522 593 588 631 est
604 591 807 644 lacrymis
829 590 1115 631 immaduisse
1135 604 1282 643 genas.

228 655 309 696 Est
325 656 453 695 etiam
474 656 645 697 miseris
667 657 821 710 pietas,
842 660 884 697 et
904 657 949 696 in
968 657 1089 697 hoste
1107 658 1327 710 probatur.

286 722 378 762 Hei
398 723 517 774 mihi,
541 737 673 776 quam
691 736 858 777 paucos
878 724 972 764 haec
995 737 1094 764 mea
1115 725 1234 765 dicta
1252 725 1454 766 movent!

228 789 319 829 Hic
341 793 493 840 status,
514 791 608 832 haee
628 803 768 830 rerum
786 803 898 830 nune
920 794 987 831 est
1004 790 1179 830 fortuna
1199 803 1405 840 mearum,

283 857 459 897 Debeat
481 860 526 896 ut
543 857 745 910 lacrymis
765 857 908 896 nullus
931 856 1086 896 adesse
1104 857 1275 898 modus,

226 975 293 1005 quoe
309 974 426 1004 semper
433 964 502 1002 suit
515 965 672 995 Actoridoe
685 975 751 995 cum
767 975 877 1003 magno
891 964 1011 996 Achille
1023 966 1113 996 solita
1126 969 1171 996 est
1181 965 1308 1006 probari
1320 976 1370 997 ore
1383 965 1539 997 Hectoris.
1576 965 1676 997 Aiunt

226 1010 334 1038 Deum
351 1007 532 1037 Tartareum
547 1017 630 1045 a‘gre
643 1008 757 1047 tulisse,
784 1009 865 1046 quod
885 1008 957 1047 pius
974 1008 1102 1038 Theseus
1116 1010 1246 1039 venisset
1262 1019 1359 1039 comes
1380 1009 1477 1039 amico
1498 1010 1538 1038 ad
1563 1019 1676 1039 manes.

231 1049 385 1080 Credibile
401 1052 445 1080 est
466 1058 562 1087 genas
579 1054 653 1079 tuas
676 1050 865 1079 humectatas
881 1050 981 1087 fuisse
1008 1050 1163 1090 lucrymis,
1189 1051 1301 1089 Turne,
1317 1052 1385 1092 fide
1407 1051 1540 1091 Euryali
1555 1054 1583 1081 et
1604 1051 1678 1082 Nisi

227 1091 285 1122 tibi
299 1092 488 1121 renuntiata.
536 1091 593 1120 Est
607 1092 702 1121 etium
721 1093 823 1131 pietus
837 1101 902 1130 quoe
926 1096 1041 1131 spectat
1058 1093 1193 1131 miseros,
1216 1097 1245 1123 et
1262 1093 1407 1124 laudatur
1420 1093 1454 1123 in
1469 1094 1566 1123 hoste.
1611 1092 1678 1122 Hei

226 1134 305 1164 mihi
321 1143 410 1171 quam
432 1142 544 1172 paucos
558 1133 622 1162 hoec
646 1142 713 1163 meu
728 1133 820 1163 verba
847 1134 1004 1172 tangunt!
1035 1134 1100 1163 Hic
1115 1139 1159 1164 est
1175 1144 1255 1165 nunc
1269 1139 1378 1173 status,
1403 1135 1467 1165 hoec
1487 1144 1554 1164 sors
1576 1144 1680 1164 rerum

227 1185 374 1215 mearum,
389 1178 423 1204 ut
437 1176 537 1206 nullus
551 1175 659 1206 debeat
674 1184 736 1206 esse
740 1175 821 1216 finis
835 1176 991 1216 lacrymis.
1035 1177 1080 1206 At
1105 1186 1274 1216 quanquam
1296 1187 1394 1207 meum
1407 1186 1460 1206 cor
1474 1180 1520 1207 est
1533 1176 1679 1207 tristissi-

835 1261 1066 1273 eeeeeeeeeee

227 1312 363 1353 plurimi
391 1316 475 1344 vett.
503 1313 622 1344 Heius.
646 1313 776 1344 emend.
793 1313 1184 1353 Argolici...0restoe.—31
1211 1315 1306 1346 I'nus
1323 1314 1418 1345 Med.
1442 1320 1478 1345 et
1494 1313 1598 1345 Barb.
1615 1323 1677 1354 pro

227 1364 298 1385 var.
312 1355 391 1385 lect.
408 1356 443 1385 T.
461 1356 617 1386 comitavit
633 1366 693 1387 ani.
711 1356 829 1387 Heius.
844 1361 941 1395 putat
956 1357 1137 1388 cmuituret:
1162 1358 1292 1397 vulgati
1305 1357 1477 1388 habebant
1489 1366 1586 1387 comes
1597 1356 1655 1386 iret
1668 1367 1679 1387 .·

227 1397 305 1427 Pal.
321 1407 418 1427 comes
433 1398 513 1433 ἰείη
537 1403 571 1428 et
598 1399 658 1429 Be.
674 1402 771 1429 esset:
795 1399 891 1429 multi
920 1403 1004 1429 vett.
1026 1409 1100 1430 cum
1118 1400 1173 1430 Fr.
1197 1400 1368 1430 isset—32
1392 1399 1468 1430 Pol.
1486 1404 1521 1429 et
1537 1404 1607 1430 tres
1622 1398 1679 1428 alii

229 1439 289 1469 dic.
303 1449 360 1469 nou
372 1440 502 1470 doluisse
518 1441 560 1470 D.
576 1440 665 1471 unde
683 1441 801 1471 Heius.
831 1451 903 1471 num
918 1440 1071 1472 doluisse?
1096 1443 1257 1473 Francius
1271 1442 1420 1473 malebat
1436 1441 1679 1482 obstupuisse.—

228 1483 268 1511 35
293 1482 389 1511 Vett.
416 1483 565 1513 nonnulli
588 1483 621 1513 in
643 1482 771 1514 miseris.
793 1483 910 1514 Heius.
933 1489 1033 1524 putat
1056 1484 1271 1516 scribendum
1294 1485 1362 1514 Ista
1384 1484 1479 1514 etiam
1503 1484 1535 1514 z'n
1558 1483 1679 1514 miseris

226 1524 327 1562 pictas
350 1525 397 1554 cel
425 1524 462 1554 ab
477 1525 556 1556 host.
571 1529 630 1555 aut
652 1526 760 1556 misero
777 1526 823 1555 vel
843 1527 875 1557 in
897 1526 974 1557 host.
1018 1526 1149 1558 Arund.
1184 1528 1244 1557 Est
1268 1527 1360 1557 etiam
1386 1526 1563 1566 miserisque
1583 1525 1681 1566 fides,

228 1569 256 1595 et
274 1566 307 1595 in
335 1566 499 1596 host.——37
525 1567 600 1597 Duo
617 1572 752 1598 veteres
774 1577 835 1598 rer.
857 1578 917 1598 non
939 1572 1003 1599 est:
1026 1574 1061 1599 et
1086 1575 1155 1599 tum
1180 1579 1248 1610 seq.
1266 1579 1312 1600 vs.
1328 1569 1507 1608 legendum
1524 1569 1601 1598 ullus
1617 1577 1678 1608 pro

227 1609 350 1643 nullus,-
373 1608 540 1648 quomodo
559 1618 642 1639 unus
667 1609 862 1641 patavinus.
877 1610 966 1641 Met.
982 1619 1065 1642 xm.
1090 1612 1098 1628 ‘
1118 1612 1194 1642 Non
1206 1613 1281 1642 haec
1303 1615 1356 1642 est
1372 1612 1521 1642 Fortuna
1536 1608 1680 1640 domus.’

231 1649 429 1679 Heins.-3s
451 1651 531 1682 Mss.
549 1652 680 1683 Bersm.
703 1652 774 1683 null.
799 1653 894 1683 inesse
909 1654 987 1685 mod.
1003 1663 1056 1694 pr.
1073 1653 1136 1684 Ed.
1151 1654 1275 1692 abesse;
1298 1653 1388 1695 quod
1405 1654 1522 1685 Burm.
1543 1662 1611 1684 sec.
1628 1658 1678 1683 to·

871 1749 1010 1781 NOTAE

229 1826 290 1856 pro
307 1818 397 1849 socio
413 1819 496 1848 mori
513 1819 706 1851 studebant.

274 1867 408 1907 Oresta]
433 1869 533 1900 Hunc
549 1870 807 1909 Agamemnonis
820 1871 924 1902 filium

223 1916 293 1953 jain
310 1926 410 1957 supra
428 1919 544 1959 Furiis,
565 1920 606 1950 ob
624 1921 842 1952 interfectam
859 1932 926 1952 ma-

229 1971 329 2004 trem,
359 1967 523 2007 agitatum
562 1969 725 2007 vidimus;
764 1971 923 2012 illumque

228 2014 339 2045 denuo
354 2016 385 2045 in
403 2026 534 2047 scenam
552 2018 703 2058 proferet
720 2020 838 2051 Poeta.

270 2068 311 2095 28
336 2066 419 2106 Ipse]
456 2067 648 2109 Utcumque
673 2071 924 2101 crudelissimus

229 2118 402 2153 tyrannus,
417 2117 471 2155 qui
490 2117 650 2147 humanas
663 2119 787 2149 liosti‘as
803 2120 924 2150 Diauae

229 2163 295 2193 aris
313 2164 526 2196 admoveret:
551 2171 588 2196 ut
610 2168 715 2197 multo
733 2168 856 2207 potiori
875 2178 925 2198 ra·

229 2215 319 2245 tione
348 2215 538 2246 mitissimus
556 2216 727 2257 Augustus
744 2220 923 2251 amicorum

228 2269 336 2294 ratam
354 2265 452 2295 sulem
472 2266 604 2305 probet.

272 2316 313 2344 2¹)
338 2315 511 2354 Aetna-iace]
539 2315 716 2348 Patroclus
739 2322 803 2357 est,
821 2318 924 2350 Acto-

229 2364 273 2392 ris
295 2363 393 2403 filius,
413 2365 533 2396 Achilli
555 2367 703 2398 amicitia
720 2369 925 2408 conjunctis-

228 2422 342 2444 Simus.

272 2466 312 2492 30
331 2463 490 2504 Hectoris]
507 2466 704 2507 Quanquam
722 2467 779 2498 ille
796 2468 924 2499 Priami

229 2511 315 2542 lilius
342 2513 478 2544 Achillis
504 2521 606 2556 atque
639 2517 789 2549 Patrocli
818 2519 923 2549 hostis

230 2566 329 2590 essct.

272 2613 311 2640 :ss
344 2613 465 2653 ,luen-0]
500 2614 668 2656 Pirithoo,
697 2617 851 2658 scilicet;
881 2619 923 2650 de

231 2671 294 2700 quo
307 2671 377 2699 jam
394 2673 506 2702 supra.

1023 1823 1063 1851 32
1090 1819 1286 1859 Tartareum]
1310 1820 1504 1858 Plutonem,
1523 1817 1579 1858 qui
1599 1818 1678 1848 Tar-

979 1874 1055 1901 taro
1071 1870 1170 1900 etiam
1189 1869 1378 1900 Inferorum
1394 1867 1630 1898 obscurissimo
1642 1872 1679 1898 et
1710 1899 1718 1907 ,

978 1921 1193 1962 frigidissimo
1210 1922 1297 1959 loco,
1321 1921 1356 1950 in
1379 1929 1445 1960 quo
1465 1919 1513 1949 rei
1529 1918 1679 1950 custodi·

979 1977 1092 2010 untur,
1103 1972 1182 2010 jure
1199 1974 1337 2010 praeest.

1014 2018 1200 2058 Indoluisse]
1210 2018 1298 2050 Quia
1309 2018 1382 2058 pius
1391 2017 1556 2057 Tlieseus3
1566 2027 1680 2058 quem-

979 2078 1044 2110 que
1061 2068 1136 2100 ideo
1148 2069 1256 2099 minus
1272 2067 1388 2098 ulcisci
1401 2067 1538 2098 licebat.

1021 2120 1061 2147 33
1087 2117 1235 2158 Euryali]
1260 2118 1393 2157 Repete
1421 2126 1521 2157 supra
1537 2126 1612 2159 quae
1634 2117 1677 2149 de.

978 2166 1050 2196 istis
1066 2166 1270 2205 scripsimus.

1025 2216 1140 2255 Turne]
1164 2216 1366 2247 Rutulorum
1384 2224 1443 2246 rex
1465 2214 1543 2255 fnit,
1567 2215 1678 2255 Virgi-

977 2266 1066 2296 liano
1080 2267 1242 2305 carmine,
1264 2264 1425 2306 gravique
1448 2264 1608 2295 adversus
1625 2265 1678 2296 [Ἐ-

978 2326 1063 2347 ncan
1081 2321 1177 2357 gesto
1193 2316 1281 2347 bello
1298 2315 1500 2347 notissimus.

1021 2369 1061 2397 35
1088 2366 1163 2406 Est]
1186 2366 1195 2382 ‘
1208 2366 1324 2397 Pietas
1338 2369 1490 2404 vocatur,
1504 2374 1609 2405 eaque
1626 2369 1679 2397 est

980 2416 1084 2447 virtus
1108 2415 1351 2455 pretiosissima
1378 2424 1397 2445 a
1424 2416 1500 2445 Deo
1527 2414 1679 2447 derivata

978 2476 1043 2506 qua
1053 2466 1289 2506 amplectimur
1305 2464 1466 2496 miseros.'
1482 2464 1678 2503 Verissimc,

977 2518 1003 2548 si
1018 2517 1195 2558 quicquam
1212 2517 1320 2554 aliu‹l;
1345 2524 1534 2556 magnaque
1551 2521 1603 2546 est
1620 2516 1676 2546 hu-

971 2568 1027 2608 jus
1042 2568 1175 2598 virtutis
1193 2576 1334 2597 merces,

1023 2617 1137 2656 noste]
1171 2617 1315 2647 Hostem
1343 2615 1443 2646 ctiam
1472 2615 1677 2655 laudaveris,

979 2668 1035 2708 qui
1064 2667 1259 2698 miserorum
1285 2666 1495 2706 hostiumque
1521 2669 1677 2696 movetur
