1863 3193
609 184 851 216 TRlsTuJM
891 183 983 212 mu.
1018 182 1087 211 111.
1120 172 1159 211 4.
1499 167 1611 208 2331

157 285 438 337 Nasonisque
459 282 538 331 tui,
561 280 679 334 quod
702 280 846 320 adhuc
863 291 946 319 non
967 277 1117 318 exulat
1136 288 1286 324 unum,

216 353 391 394 Nomen
413 363 526 390 ama.
573 347 808 401 Scythicus
830 351 976 387 cetera
999 345 1170 385 Pontus
1189 343 1338 383 habet.

158 420 375 460 Proxima
396 416 609 457 sideribus
632 414 761 454 tellus
785 411 1122 467 Erymanthidos
1145 409 1277 450 Ursae

215 487 293 526 Me
316 489 446 532 tenet,
471 482 651 522 astricto
673 485 786 521 terra
806 483 985 533 perusta
1005 478 1120 529 gelu.

160 555 390 606 Bosporos
412 554 453 591 et
469 549 638 590 Tanais
662 551 883 601 superant,
905 544 1214 598 Scythicaeque
1236 540 1436 596 paludeS‚

214 620 394 671 Vixque
414 617 524 657 satis
544 616 637 656 noti
657 615 834 655 nomina
856 624 999 666 pauca
1019 611 1123 651 loci.

160 686 359 728 Ulterius
380 684 487 724 nihil
507 687 588 732 est,
610 683 696 723 nisi
717 694 803 722 non
825 680 1065 721 habitabile
1085 679 1234 731 frigus.

217 753 319 793 Heu
343 765 473 805 quam
494 752 642 793 vicina
663 755 727 791 est
747 749 903 790 ultima
924 752 1033 788 terra
1054 747 1160 787 mihi
1178 746 1187 786 Σ

160 820 219 861 At
236 820 362 872 longe
379 819 524 873 patria
543 823 626 867 est,
648 819 776 870 longe
796 816 1022 857 carissima
1044 814 1236 867 conjux3

217 886 441 940 Quicquid
463 886 620 926 ethaeo
642 886 774 925 nobis
796 888 901 937 post
923 883 1009 923 duo
1031 882 1157 922 dulce
1177 881 1276 921 fuit.

161 955 235 996 Sic
257 958 402 994 tamen
423 953 520 993 haec
541 953 725 1002 absunt3
757 955 803 991 ut
821 964 918 1004 quae
942 950 1190 1000 contingere
1209 959 1297 987 non
1315 950 1381 987 est
1565 947 1619 985 ὁ.)

217 1021 426 1074 Corpore,
448 1021 535 1061 sint
554 1019 699 1060 animo
721 1022 878 1059 cuncta
896 1017 1088 1058 videnda
1108 1028 1218 1056 meo.

161 1150 217 1181 tibi
233 1149 387 1180 amicitias
400 1151 541 1189 (equales.
588 1150 698 1188 Dilige
722 1150 816 1179 etiam
841 1158 949 1178 nomen
968 1147 1104 1176 Nasonis
1128 1145 1190 1180 tui,
1216 1145 1294 1184 quod
1317 1152 1412 1174 unum
1426 1144 1559 1172 nondum
1576 1147 1619 1173 est

160 1192 345 1233 profugum:
370 1193 490 1223 Pontus
501 1192 665 1232 Scythicus
680 1195 762 1221 tenet
778 1190 904 1230 ⁷·eliqua.
955 1189 1053 1219 Terra
1065 1188 1164 1218 vicina
1176 1188 1273 1217 stellis
1281 1196 1362 1216 ursae
1383 1185 1623 1225 Erymanthidos

162 1245 208 1265 me
223 1236 323 1273 habet,
338 1238 423 1264 terra
437 1238 562 1273 perusta
577 1237 661 1263 arcto
670 1233 805 1271 frigore.
853 1233 1011 1270 Bosporus
1021 1235 1050 1260 et
1065 1230 1180 1260 Tanais
1191 1233 1221 1260 et
1235 1230 1363 1269 paludes
1379 1228 1534 1268 Scythica?
1549 1230 1621 1257 sunt

164 1278 302 1315 ulterius,
328 1286 394 1306 cum
411 1275 582 1306 nominibus
605 1275 711 1314 paucis
735 1275 791 1305 loci
818 1273 874 1304 vix
897 1274 975 1303 satis
1000 1274 1129 1311 cog-niti.
1176 1272 1268 1303 Nihil
1293 1274 1339 1302 est
1362 1270 1493 1301 ulterius
1505 1273 1623 1309 praeter

152 1320 263 1357 frigus
278 1329 335 1348 non
351 1317 518 1348 tolerabile.
567 1317 636 1347 Heu
653 1328 743 1357 quam
759 1315 902 1356 proxima
919 1316 995 1346 mz'ln·
1010 1319 1054 1346 est
1070 1316 1158 1345 tellus
1173 1314 1337 1345 novissima
1347 1313 1362 1344 ,Ι
1396 1314 1441 1343 At
1455 1312 1561 1352 patria
1576 1315 1621 1342 est

163 1364 291 1398 remota,
315 1369 394 1390 uxor
409 1359 623 1397 dilectissima,
647 1363 677 1390 et
702 1360 849 1399 quicquid
864 1359 949 1389 nobis
968 1358 1036 1396 suit
1052 1361 1179 1397 gratum
1192 1360 1260 1397 post
1276 1357 1341 1387 hcec
1364 1357 1422 1386 duo
1438 1358 1483 1386 est
1504 1355 1622 1395 procul.

161 1404 241 1434 Hoec
257 1406 360 1433 tamen
376 1402 423 1432 ita.
438 1405 509 1433 sunt
524 1405 655 1442 remota,
669 1406 702 1433 ut
714 1413 783 1442 quae
796 1411 854 1432 non
866 1403 960 1432 datur·
972 1405 1099 1441 tangere
1112 1410 1236 1440 corpore
1250 1400 1313 1430 sint
1329 1399 1430 1429 omnia
1446 1397 1623 1438 aspicienda

773 1484 1009 1495 oooooooooooo

160 1539 308 1571 malebat
330 1542 342 1569 i
366 1539 510 1570 tio—47
535 1538 679 1571 Quidam
693 1538 837 1569 Codices
850 1539 902 1568 hic
918 1548 1039 1569 novam
1053 1537 1204 1577 Elegiam
1217 1536 1417 1567 ordiuntur:
1443 1545 1509 1566 non
1521 1536 1621 1565 male.

163 1583 360 1614 Heius—48
384 1582 446 1612 Be.
465 1585 527 1612 ten.
544 1581 656 1611 attrito
673 1585 749 1611 terr.
787 1582 871 1611 Tum
902 1581 1033 1611 Bonon.
1059 1583 1197 1620 praeusta
1222 1580 1372 1618 geL—49
1394 1578 1497 1608 Multi
1514 1576 1624 1608 Codd.

163 1630 197 1656 et
214 1624 350 1666 quidam
365 1624 446 1654 editi
461 1624 753 1664 Scythioeque.—50
778 1624 846 1654 Pro
862 1625 926 1654 noti
943 1624 1062 1654 Heins.
1079 1623 1197 1653 scribit
1212 1622 1292 1657 soli,·
1316 1626 1351 1652 et
1364 1631 1440 1651 mox
1456 1630 1550 1650 rauca
1562 1628 1624 1660 pro

161 1677 269 1707 pauca.
305 1667 314 1683 ‘
335 1667 417 1695 Novi
447 1672 499 1696 est
525 1667 559 1696 in
585 1666 727 1698 Junian.
745 1667 872 1697 Lovan.
895 1671 929 1697 et
946 1667 1112 1696 Bernens.
1164 1665 1228 1695 Vix
1243 1665 1318 1694 satis
1333 1668 1378 1694 est
1392 1667 1464 1694 nato
1480 1673 1510 1693 n.
1524 1672 1624 1702 pauca

163 1709 225 1747 legi
254 1708 412 1739 Leidens.
447 1709 566 1748 Vixque
588 1710 666 1739 satis
691 1711 761 1739 noto
786 1719 817 1739 n.
843 1719 940 1748 pauca
957 1710 1039 1748 loqui
1062 1709 1103 1739 P.
1126 1707 1258 1738 Servii:
1282 1706 1383 1746 forte,
1406 1707 1528 1745 Vixque
1546 1704 1626 1735 satis

165 1751 310 1781 nostrin.
326 1761 419 1780 rauca
434 1751 520 1787 soni5
544 1751 577 1781 id
595 1757 660 1790 est,
684 1757 721 1782 ut
739 1752 830 1782 Mela
848 1752 940 1791 (licit,
965 1753 1051 1784 Quae
1074 1751 1131 1780 vix
1155 1749 1269 1791 eloqui
1292 1754 1344 1779 est
1369 1758 1427 1779 ore
1452 1748 1623 1778 Romano:

164 1798 199 1824 et
217 1794 343 1824 Noster
359 1802 449 1832 saepe
467 1793 509 1823 de
527 1795 696 1824 nominum
725 1794 898 1825 incondito
927 1803 1007 1825 sono
1025 1793 1200 1835 queritur:
1226 1792 1280 1823 vel
1305 1792 1371 1822 noti
1393 1791 1474 1829 soni,
1498 1789 1533 1820 id
1558 1795 1624 1828 est,

166 1836 275 1868 Quem
294 1844 365 1873 nos,
381 1836 436 1865 ubi
460 1835 594 1866 barbari
620 1846 723 1867 rauco
752 1847 812 1867 suo
837 1847 895 1867 ore
920 1836 1081 1872 efferunt,
1111 1845 1178 1866 non
1204 1834 1445 1874 intelligimus:
1471 1833 1518 1863 ita
1535 1831 1626 1862 infra

166 1879 259 1918 Eleg.
274 1886 353 1907 V111.
373 1880 425 1908 37.
448 1879 457 1894 ‘
477 1878 630 1917 Cumque
655 1879 777 1917 locum,
807 1889 986 1920 moresque
1014 1879 1198 1917 hominum,
1229 1877 1423 1916 cultusque,
1440 1884 1625 1914 sonumque

167 1919 369 1952 Cernimus.’
392 1921 590 1951 Bartae—53
615 1920 759 1952 Quidam
789 1921 909 1961 scripti
941 1925 976 1951 et
1001 1921 1088 1951 Edd.
1119 1921 1201 1958 long.
1232 1923 1278 1950 est
1307 1919 1412 1949 cariss.
1436 1918 1517 1950 Jun.
1541 1917 1624 1954 long.

826 2011 857 2041 N
864 2009 964 2041 OTAE

207 2084 250 2112 46
275 2079 410 2119 Nomen]
435 2080 571 2110 Famam
598 2084 698 2121 atque
716 2081 866 2121 gloriam.

209 2134 250 2162 47
276 2129 444 2169 Proxima]
469 2131 560 2163 Quia
576 2131 682 2171 magis
695 2132 735 2162 ad
751 2132 866 2171 polum

166 2181 487 2221 septemtrionalem
498 2181 608 2221 vergit
621 2180 758 2221 Scythia
769 2190 866 2221 quam

168 2232 278 2263 Italia.

211 2281 469 2323 Erymanthidos]
494 2280 686 2313 Arcadicae.
727 2281 869 2313 Callisto

170 2343 312 2374 namque
331 2332 499 2372 Lycaonis
515 2331 597 2370 filia,
619 2331 652 2361 in
670 2341 783 2362 ursam
801 2341 870 2362 mu-

171 2387 255 2424 tata,
270 2382 396 2413 deinde
424 2392 443 2412 a
458 2381 545 2413 Jove
571 2382 605 2412 iu
622 2383 744 2412 coelum
763 2388 871 2413 trans-

169 2434 252 2472 lata,
280 2432 451 2464 Arcadica
478 2431 556 2462 fuit.
608 2431 766 2463 Arcadiae
789 2441 871 2463 vero

174 2483 214 2514 ab
244 2484 458 2524 Erymantho
495 2487 610 2514 monte
641 2483 700 2514 illo
738 2483 872 2514 nomine

174 2533 306 2564 dicitur.

216 2584 259 2612 49
283 2582 451 2622 Bosporos]
474 2583 689 2614 Cimmerium
708 2583 874 2623 intellige,

177 2642 243 2664 non
270 2632 461 2663 Thracium.
512 2633 574 2664 Ille
601 2634 758 2664 nimirum
785 2634 875 2664 ultra

175 2684 307 2720 Tomos,
336 2681 506 2721 magisque
522 2683 564 2713 ad
587 2684 873 2723 Septemtrionem

176 2736 324 2774 spectat,
351 2735 386 2761 et
410 2730 565 2762 Maeotidi
589 2733 703 2772 paludi
725 2735 875 2766 commit-

923 2081 1017 2111 titur.

967 2130 1095 2170 Tanais]
1117 2128 1256 2159 Fluvius
1269 2128 1324 2168 qui
1342 2126 1626 2168 aSeptemtrione

924 2180 956 2210 in
974 2181 1118 2210 mediam
1146 2179 1218 2210 fere
1247 2178 1445 2208 Maeotidem
1469 2177 1625 2216 paludem

924 2229 1076 2261 defluens
1095 2231 1263 2269 Europam
1288 2228 1329 2258 ab
1355 2227 1436 2258 Asia
1459 2227 1626 2258 distermi-

925 2285 996 2311 nat.

970 2330 1118 2369 Paludes]
1143 2329 1281 2360 Maeotis
1297 2335 1360 2359 est.

969 2383 1010 2411 52
1033 2379 1157 2419 Vicina]
1181 2379 1235 2409 Ita
1264 2379 1410 2419 loquitur
1434 2378 1476 2408 ad
1493 2378 1628 2408 commi-

926 2431 1128 2461 serationem
1159 2429 1371 2460 movendam.
1428 2429 1627 2466 Quanquam

927 2482 1015 2512 enim
1034 2481 1203 2512 veteribus
1220 2489 1286 2509 non
1308 2479 1389 2508 „naus
1405 2477 1559 2516 cognitus
1576 2485 1628 2507 oi·u

927 2531 976 2562 bis
989 2537 1169 2568 terrarum,
1186 2531 1280 2569 plura
1292 2527 1521 2567 cognoscebat
1534 2525 1628 2557 Naso

927 2591 1024 2622 quam
1043 2590 1131 2610 nunc
1149 2578 1286 2609 fatetur.

970 2638 1010 2665 54
1037 2632 1122 2671 Duo]
1147 2631 1298 2660 Patriam
1317 2634 1349 2659 et
1365 2637 1516 2659 uxorem.

972 2687 1010 2713 55
1037 2681 1111 2719 Est]
1137 2680 1245 2720 Licet,
1260 2678 1470 2710 conceditur.

971 2736 1012 2764 56
1054 2730 1208 2771 Videnda]
1246 2730 1294 2761 Ut
1320 2738 1436 2761 eorum
1475 2728 1627 2761 absentia
