1863 3193
212 211 328 256 2:294
700 225 742 255 P.
775 223 931 255 ovinn
967 221 1180 254 NAsoms

217 319 339 371 Quid
363 334 561 374 generum
583 322 757 364 Peliae?
789 321 896 376 quid
917 321 1123 361 Thesea?
1155 318 1313 373 quidve
1333 317 1591 372 Pelasgum,

274 388 459 431 Iliacam
477 391 619 442 tetigit
639 391 713 444 qui
733 394 827 432 rate
849 391 1014 443 primus
1034 389 1243 429 humum?

216 454 322 496 Huc
345 455 452 506 Iole,
474 456 715 510 Pyrrhique
736 470 925 510 parens;
957 457 1042 497 huc
1068 455 1273 496 Herculis
1296 467 1429 505 uxor,

274 523 379 564 Huc
398 524 582 564 accedat
597 524 758 578 Hylas,
783 522 1036 577 Iliadesque
1057 535 1182 576 puer.

215 589 430 643 Tempore
451 591 644 640 deficiar,
667 593 853 644 tragicos
875 592 912 632 si
931 603 1168 645 persequar
1187 590 1309 642 ignes
1328 602 1340 640 ;

273 656 452 711 Vixque
472 672 593 699 meus
612 660 761 712 capiat
779 660 957 700 nomina
977 659 1097 699 nuda
1117 659 1240 699 liber.

219 724 297 766 Est
317 728 360 766 et
378 726 422 765 in
443 727 683 767 obscoenos
705 727 876 766 deflexa
894 727 1133 778 Tragoedia
1152 727 1285 774 risus,

274 790 503 844 Multaque
521 792 729 845 praeteriti
750 793 886 833 verba
905 792 1086 846 pudoris
1105 793 1250 832 habet.

1583 452 1670 494 405

1588 791 1673 832 410

218 901 410 939 Haemonem,
424 905 454 932 et
469 907 572 933 noctes
584 903 659 933 duas
669 903 862 941 quoejunctae
873 901 968 934 sunt?
996 902 1080 937 Quid
1093 911 1240 940 generum
1259 899 1379 932 Pelioe?
1405 900 1490 936 Quid
1504 901 1648 932 Theseum
1659 900 1675 933 ?

215 946 325 983 quidve
341 944 446 981 illum,
467 945 518 983 qai
538 946 658 984 primas
686 945 867 975 Grcecorum
893 945 1001 983 tetigit
1027 954 1102 975 nare
1126 949 1242 974 terram
1261 943 1427 975 Illiacam?
1452 944 1525 974 Huc
1539 945 1674 975 addatur

219 986 290 1025 Iole,
307 989 337 1016 et
352 990 451 1016 mater
466 987 602 1027 Pyrrhi;
618 987 676 1017 huc
691 987 805 1025 conjux
827 987 982 1025 Herculis,
993 988 1050 1018 hac
1063 987 1177 1027 Hylas,
1194 990 1223 1017 et
1239 997 1314 1026 puer
1330 987 1455 1018 Iliades,
1482 988 1615 1026 Tempus
1627 995 1674 1016 me

213 1028 350 1067 deficiat,
364 1029 392 1059 si
415 1038 587 1059 recenseam
607 1039 724 1066 amores
751 1030 910 1069 Tragicos,
935 1033 965 1060 et
990 1030 1046 1060 vix
1066 1030 1143 1060 liber
1167 1039 1252 1060 meus
1272 1030 1427 1060 contineat
1448 1029 1513 1060 sola
1537 1029 1675 1060 uomina.

218 1071 383 1110 Tragoedia
398 1075 443 1102 est
458 1071 553 1102 etiam
577 1073 707 1103 deducta
730 1072 763 1102 in
786 1075 891 1112 turpes
914 1073 1008 1110 risus,
1033 1076 1061 1103 et
1088 1072 1179 1103 habet
1195 1073 1294 1103 malta
1308 1072 1393 1103 dicta
1413 1071 1541 1112 pudoris
1556 1071 1673 1102 omissi.

826 1154 1059 1166 eeeeeeeeeeee

216 1208 266 1238 cui
295 1217 337 1239 ex
364 1207 483 1239 Heins.
510 1208 643 1239 emend.
668 1209 759 1248 vulg.
780 1211 967 1248 qum—401
994 1209 1154 1239 Nonnulli
1181 1210 1234 1248 qui
1261 1211 1338 1249 pede
1358 1212 1552 1248 tang.—405
1578 1208 1674 1240 Leid.

218 1250 400 1290 Priamique
413 1254 590 1290 panaeawss
609 1251 712 1281 Multi
739 1251 859 1290 scripti
888 1256 922 1281 et
947 1251 1081 1291 quidam
1110 1252 1193 1281 editi
1211 1252 1381 1291 Iliacasque
1402 1255 1564 1292 pu.*407
1589 1252 1676 1283 Got-

217 1293 329 1332 torph.
356 1293 460 1332 Temp.
476 1293 640 1331 destituar,
655 1296 738 1332 trag.
755 1298 790 1324 et
806 1294 838 1323 in
856 1293 969 1323 multis
985 1293 1140 1333 deficiam,
1167 1294 1255 1324 unde
1274 1294 1393 1324 Heius.
1410 1294 1500 1333 conj.
1518 1294 1674 1335 deficiant.

216 1335 355 1366 Deinde
374 1339 443 1366 tres
459 1335 532 1365 libri
547 1336 574 1365 si
589 1345 751 1376 prosequar
765 1336 831 1375 ign.
858 1341 894 1366 et
921 1337 982 1366 Be.
998 1346 1163 1376 persequar
1178 1339 1400 1367 omnes.—408
1427 1336 1539 1375 Capiat
1555 1345 1597 1366 ex
1615 1336 1674 1366 du·

218 1378 302 1408 obus
319 1382 404 1409 vett.
429 1378 543 1418 placet
559 1378 678 1409 Heius.
696 1388 764 1417 prae
782 1378 870 1418 vulg.
891 1379 1002 1418 capiet.
1026 1378 1114 1408 Tum
1135 1379 1195 1409 Be.
1212 1388 1290 1409 ηιηη.
1306 1379 1370 1409 sola
1385 1378 1546 1408 lia—409
1574 1377 1672 1408 Leid.

218 1420 296 1450 absc.
309 1419 433 1460 defleta,
450 1421 502 1450 vel
518 1430 661 1451 conversa
680 1421 732 1451 Tr.
758 1421 830 1451 Pal.
856 1421 1024 1452 commista
1036 1431 1047 1457 ;
1071 1421 1154 1451 alius
1169 1421 1285 1452 devexa
1299 1432 1310 1456 ‚·
1335 1431 1386 1460 pr.
1403 1421 1443 1451 V.
1459 1421 1673 1451 commissa.—

219 1465 282 1493 >110
306 1463 376 1494 Pro
395 1463 552 1503 prateriti
579 1464 706 1504 Tanaq.
734 1464 844 1495 Faber
868 1464 1004 1504 reponit
1022 1464 1182 1504 praetexti.
1230 1465 1240 1480 ⁶
1258 1463 1351 1495 Nihil
1377 1462 1574 1494 mutandum
1606 1464 1674 1503 hie,

876 1557 1016 1590 NOTAE

266 1622 394 1662 Noctes]
438 1623 525 1653 Tres
553 1622 608 1653 alii
639 1622 771 1660 dicunt,
798 1622 919 1664 quibus

219 1673 387 1703 continuis
427 1682 502 1703 cum
548 1673 714 1704 Alcmena
758 1674 919 1705 Herculis

219 1727 327 1753 matre
343 1722 480 1762 Jupiter
497 1723 682 1754 consuevit.

1022 1623 1125 1663 Uxor]
1164 1622 1342 1663 Megaram
1381 1622 1477 1661 dicit,
1515 1622 1675 1654 Creontis

973 1671 1206 1703 Thebanorum
1228 1672 1319 1712 regis
1334 1671 1451 1710 filiam,
1468 1681 1566 1712 quam
1583 1672 1677 1702 Iolao

974 1727 1097 1762 postea
1126 1723 1307 1753 concessit.
1354 1722 1423 1752 Per
1447 1722 1538 1752 illam
1562 1728 1677 1752 autem

262 1774 324 1802 403
363 1772 535 1812 Generum]
572 1771 739 1803 Admetus
770 1777 834 1811 est,
863 1773 918 1814 qui

217 1820 393 1861 Alcesten,
406 1821 511 1852 Peliae
528 1821 642 1861 filiam,
654 1823 750 1854 duxit
767 1833 919 1863 uxorem,

221 1870 261 1901 de
277 1880 341 1911 qua
357 1871 529 1911 Euripidis
545 1873 737 1913 Tragoedia.

263 1919 391 1959 Thesea]
437 1920 503 1953 Qui
537 1921 636 1952 heros
665 1923 919 1963 Tragoediarum

219 1970 442 2010 scriptoribus
463 1979 530 2001 non
545 1971 634 2002 levia
651 1973 797 2013 praebuit
822 1983 919 2014 argu-

219 2025 344 2050 menta.

260 2073 322 2101 404
341 2071 484 2112 Primus]
515 2072 743 2104 Protesilaum
770 2072 919 2111 indicat;

218 2121 275 2161 qui
290 2121 465 2152 Thessalus
481 2121 560 2161 fuit,
575 2127 677 2162 atque
700 2122 785 2152 adeo
803 2123 920 2153 Pelas-

217 2180 278 2209 gus
294 2170 336 2200 ab
348 2171 387 2201 iis
404 2172 460 2210 qui
476 2171 786 2210 primiTliessaliam
802 2175 920 2202 tenue-

221 2224 301 2250 runt
315 2220 517 2259 appellatur.
540 2220 640 2250 Illum
657 2229 735 2250 vero
748 2220 778 2249 in
794 2220 921 2251 Laoda-

218 2268 295 2300 miae
311 2269 425 2300 uxoris
448 2269 590 2309 epistola
607 2269 751 2309 primum
769 2269 812 2300 ab
831 2269 921 2300 Hec-

220 2323 295 2350 tore
311 2323 495 2350 mactatum
514 2318 671 2349 diximus.

261 2371 323 2400 405
339 2369 418 2409 Iole]
433 2370 516 2401 Quae
528 2368 818 2410 EurytiOEelialiae
832 2368 921 2409 regis

218 2418 301 2459 filia,
318 2419 360 2451 ab
385 2420 537 2451 Hercule
564 2418 735 2456 adamata,
760 2423 859 2459 atque
876 2418 920 2449 ab

220 2469 353 2509 eodem,
370 2469 482 2500 occiso
505 2473 616 2509 patre,
640 2468 787 2508 sublata,
814 2468 920 2509 Hyllo

220 2519 291 2552 filio
306 2520 339 2552 in
357 2530 496 2552 uxorem
513 2520 627 2551 cessit.

264 2571 400 2612 Parens]
430 2571 610 2602 Deidamia
627 2574 693 2609 est,
707 2570 921 2611 Lycomedis,

219 2618 317 2660 Scyri
339 2621 454 2652 insulae
479 2621 580 2660 regis,
602 2620 693 2658 filia3
716 2620 804 2661 apud
823 2630 920 2661 quem

219 2668 337 2700 Thetis
355 2669 521 2701 Achillem
544 2670 606 2701 sub
623 2670 778 2701 muliebri
803 2671 920 2701 habitu

221 2718 357 2758 celavit,
384 2719 438 2749 hic
471 2729 549 2750 vcro
581 2720 748 2759 Pyrrhum
788 2729 829 2750 ex
865 2721 921 2751 illa

223 2768 352 2804 ⁴amnuit.

973 1773 1157 1814 Tragoedia
1169 1779 1221 1805 est
1233 1773 1468 1814 intelligenda,
1481 1774 1513 1803 in
1531 1783 1596 1814 qua
1610 1781 1677 1804 non

975 1823 1227 1864 gestaftantum,
1236 1823 1295 1854 sed
1307 1829 1341 1854 et
1352 1823 1510 1854 Herculis
1522 1822 1677 1862 Amores,

973 1874 1190 1914 legebantur.

1015 1928 1079 1956 406
1096 1925 1213 1965 Hylas]
1235 1925 1429 1965 Tragoedia,
1444 1925 1476 1955 in
1490 1933 1557 1965 qua
1568 1924 1677 1964 Hylas

973 1984 1071 2015 puer,
1088 1974 1247 2005 Herculis
1262 1983 1375 2005 comes
1391 1978 1427 2004 et
1443 1973 1588 2004 deliciae.

1020 2024 1150 2064 Iliades]
1188 2023 1403 2063 Ganymedes
1427 2028 1478 2054 est
1498 2023 1678 2064 Trojanus,

972 2073 1068 2104 Trois
1085 2074 1173 2113 regis
1199 2073 1298 2112 filius,
1315 2073 1372 2114 qui
1388 2073 1485 2105 Jovis
1501 2072 1677 2112 pincerna,

973 2125 1117 2156 ,lunonis
1134 2125 1238 2155 etiam
1254 2125 1456 2165 zelotypiam
1474 2124 1591 2156 movit.

1017 2178 1078 2205 407
1094 2175 1201 2214 Ignes]
1213 2176 1365 2214 Amores,
1375 2176 1432 2215 qui
1446 2176 1479 2206 in
1488 2175 1677 2216 Tragoediis

975 2223 1205 2254 continentur.

1017 2275 1080 2303 408
1094 2272 1368 2311 Nomina]Eorum
1380 2282 1520 2313 quorum
1533 2273 1675 2304 Amores

976 2322 1078 2353 etiam
1089 2322 1277 2361 'l‘ragoediis
1292 2327 1528 2363 argumentum
1544 2323 1676 2355 luctuo-

975 2381 1046 2401 sum
1064 2371 1294 2410 pra-buerunt.

1019 2420 1128 2459 Nuda]
1156 2420 1235 2450 Siue
1259 2421 1348 2451 omni
1366 2421 1444 2451 vita:
1470 2431 1586 2452 eorum
1603 2430 1677 2452 nar-

976 2470 1119 2508 ratione,
1135 2479 1274 2510 quorum
1288 2470 1430 2501 Amores
1445 2471 1477 2500 iu
1491 2472 1677 2511 'l‘ragoediis

975 2519 1225 2551 describuntur.

1017 2572 1081 2600 409
1107 2569 1216 2609 Risus]
1247 2568 1375 2599 Contra
1387 2568 1560 2607 decorum,
1573 2570 1675 2611 siqui-

974 2619 1051 2649 dem
1061 2620 1215 2649 luctuosa
1226 2618 1257 2648 in
1268 2618 1461 2658 Tragoediis
1471 2623 1676 2652 tractantur.

1018 2671 1081 2699 410
1108 2668 1290 2708 Proeteriti]
1317 2669 1477 2708 Neglecti
1491 2674 1591 2712 atque
1606 2671 1674 2701 vio-

974 2719 1045 2749 lati.
