1877 3193
642 190 884 221 rmsrmzu
919 190 1016 220 Lm.
1049 189 1115 220 lv.
1139 179 1181 220 6.
1522 179 1637 222 2409

191 285 289 327 Nos
308 299 498 341 quoque,
517 296 619 338 quae
640 285 830 335 ferimus,
853 286 1037 327 tulimus
1057 282 1295 339 patientius
1316 285 1417 323 ante
1435 295 1446 334 3

247 354 306 394 Et
325 354 442 395 mala
461 355 560 394 sunt
578 352 706 405 longo
728 353 1018 407 multiplicata
1038 353 1122 394 die.

189 419 379 470 Credite,
399 419 570 469 deficio,
589 422 825 471 nostroque
845 431 873 459 a
893 432 1092 472 corpore,
1114 422 1322 472 quantum

244 486 470 540 Auguror„
479 485 694 527 accedent
715 490 916 538 tempora
935 498 1073 539 parva
1091 485 1237 525 malis.
1578 486 1635 526 40

188 553 308 594 Nam
327 566 466 607 neque
486 556 588 594 sunt
607 552 735 602 vires,
757 565 897 605 neque
918 552 993 606 qui
1014 552 1137 593 color
1156 556 1252 593 ante
1272 552 1443 592 solebat
1460 564 1469 592 :

243 620 420 674 Vixque
439 620 581 661 habeo
602 623 795 670 tenuem,
817 632 916 673 quae
937 623 1056 673 tegat
1074 632 1192 670 ossa,
1217 622 1376 659 cutem.

185 686 376 741 Corpore
396 688 473 729 sed
493 701 615 729 mens
636 691 703 729 est
723 701 841 740 aegro
862 688 1004 741 magis
1025 700 1158 740 aegra,
1179 686 1370 739 malique

240 754 294 794 In
315 755 638 809 circumspectu
659 759 745 797 stat
766 756 858 796 sine
877 756 961 796 fine
984 755 1068 795 sui.

183 819 317 862 Urbis
339 823 465 864 abest
484 823 637 872 facies,
660 824 835 872 absunt,
857 835 954 862 mea
976 833 1091 870 cura,
1115 819 1290 861 sodales
1310 833 1319 860 :
1578 821 1635 860 45

238 888 309 939 Et,
330 903 417 942 qua
436 891 556 932 nulla
576 891 681 933 mihi
702 890 861 940 carior,
884 902 997 930 uxor
1017 889 1160 929 abest.

179 1051 273 1081 etiam
286 1051 372 1091 prius
394 1052 592 1082 toleravimus
616 1051 732 1091 oequius
755 1061 821 1091 quae
843 1052 1005 1092 patimur3
1027 1054 1058 1082 et
1073 1051 1153 1081 mala
1169 1053 1240 1080 sunt
1263 1052 1356 1080 auctu
1382 1050 1471 1088 longo
1486 1052 1634 1090 tempore.

182 1094 319 1132 Credite,
332 1095 512 1133 despondeo,
526 1097 553 1124 et
570 1097 717 1132 quantum
731 1095 870 1133 conjicio,
894 1095 1041 1133 exiguum
1055 1095 1190 1132 spatium
1204 1092 1353 1130 adjicitur
1367 1093 1469 1130 malis,
1494 1102 1513 1122 α
1528 1095 1632 1122 nostro

179 1145 315 1174 corpore.
362 1136 446 1166 Nam
470 1146 563 1175 neque
588 1140 657 1167 sunt
680 1136 774 1175 vires,
797 1146 892 1176 neque
918 1137 996 1166 color
1019 1136 1071 1174 qui
1093 1137 1290 1164 consueverat
1305 1143 1388 1169 esse‚·
1410 1133 1523 1172 vixque
1538 1133 1632 1164 habeo

178 1181 276 1208 cutem
291 1188 356 1217 quae
371 1179 489 1217 operiat
504 1189 579 1209 ossa.
630 1179 658 1209 V
656 1188 740 1208 erum
755 1178 908 1208 enimvero
922 1177 1043 1207 animus
1057 1179 1102 1206 est
1127 1176 1226 1214 magis
1239 1178 1376 1214 agrotus
1397 1185 1488 1214 quum
1511 1185 1632 1215 corpus,

178 1224 207 1249 at
223 1224 266 1249 est
281 1230 398 1259 semper
416 1222 526 1260 affixus
540 1220 724 1257 cogitationi
738 1220 788 1249 sui
803 1220 886 1249 mali.
932 1218 1057 1258 Species
1076 1217 1170 1248 Urbis
1184 1219 1272 1256 longe
1287 1221 1344 1255 est,
1360 1217 1435 1247 socii
1451 1227 1532 1247 meus
1546 1227 1632 1247 amor

176 1262 296 1302 absunt,
312 1266 342 1292 et
358 1263 468 1300 conjux
480 1265 525 1292 est
537 1263 656 1301 procul,
669 1271 729 1300 qua
747 1261 833 1291 nulla
847 1270 926 1292 cura
939 1261 1015 1291 mihi
1025 1260 1160 1300 gratior.
1204 1259 1297 1291 Plebs
1312 1258 1469 1300 Scythica,
1479 1262 1510 1289 et
1521 1268 1631 1298 agmen

782 1356 1015 1368 -eeomaeenoo-

174 1430 277 1461 broch.
294 1432 374 1463 lassa
389 1442 464 1463 mor.
480 1435 516 1463 et
533 1432 600 1463 dno
617 1433 795 1464 lerum—33
820 1432 941 1463 Multae
967 1431 1054 1463 Edd.
1080 1435 1166 1463 vett.
1186 1432 1274 1470 glad.
1288 1430 1411 1467 arenis;
1434 1429 1493 1461 sed
1511 1433 1629 1461 contra

175 1473 283 1504 codd.
310 1475 554 1514 scriptos.——35
578 1475 621 1505 V.
644 1476 726 1505 mod.
750 1478 831 1505 secta
851 1475 1063 1514 procem—3⁷
1088 1475 1209 1505 Heius.
1233 1483 1275 1504 ex
1300 1478 1385 1504 vett.
1413 1472 1533 1503 scribit
1559 1473 1626 1508 Et;

174 1516 231 1546 alii
250 1516 339 1554 Quoe,
368 1518 481 1554 Quam,
500 1518 551 1546 vel
580 1517 687 1551 Quod.-
710 1518 799 1548 Dan.
824 1517 946 1547 Heius.
972 1517 1134 1555 malebat,
1157 1517 1246 1550 Quod
1271 1526 1313 1545 m.
1337 1515 1398 1545 sint
1425 1515 1517 1552 longa
1539 1516 1628 1546 mult.

173 1558 288 1597 plures
305 1559 408 1589 etiam
424 1559 479 1588 alii
497 1559 597 1597 longo.
636 1559 731 1588 Unus
748 1559 805 1589 lib.
821 1559 997 1589 continuata
1014 1559 1084 1595 die;
1109 1562 1144 1589 et
1160 1557 1226 1588 duo
1239 1557 1534 1597 proecipitata.—39
1551 1556 1627 1588 Hoc

173 1600 340 1630 distichon
356 1606 409 1631 est
425 1600 612 1639 nugutorss,
635 1610 700 1631 non
724 1601 924 1631 Nasonianae
941 1610 1069 1631 manus.
1093 1600 1206 1631 Heius.
1252 1600 1388 1630 Nostrae
1412 1598 1628 1638 membranae,

174 1646 376 1681 quantumque
392 1653 409 1672 a
425 1652 548 1681 corpore
563 1645 686 1673 nostro.-
710 1642 770 1673 sed
789 1642 1004 1674 scribendum
1021 1642 1122 1674 credo
1137 1654 1144 1673 :
1165 1643 1200 1673 C.
1216 1643 1246 1672 d.
1262 1641 1432 1681 nostrisque
1447 1642 1488 1680 (a
1503 1651 1626 1680 corpore

173 1688 318 1722 quantum
334 1685 503 1723 Auguror)
514 1686 659 1715 accedunt
674 1688 697 1715 t.
719 1695 752 1724 p.
769 1696 809 1716 m.
836 1685 883 1716 sic
901 1686 1065 1716 neminem
1084 1685 1228 1715 disticho
1256 1684 1401 1714 libenter
1429 1683 1626 1714 cariturum.

173 1726 290 1756 Auctor
307 1727 442 1757 Elector.
463 1727 607 1757 Etonens.
654 1728 730 1758 Non
747 1727 917 1767 displicet,
935 1728 992 1758 sed
1009 1727 1153 1758 faciliori
1171 1736 1270 1757 manu
1286 1725 1431 1756 forsitan
1447 1726 1494 1755 ita
1514 1735 1627 1756 ernen-

174 1768 289 1798 ‹latum
307 1769 430 1807 corrigi
448 1775 574 1808 posset,
591 1770 627 1800 C.
643 1771 673 1801 d.
687 1775 891 1810 quantumque
907 1780 946 1801 ex
962 1780 1085 1810 corpore
1105 1773 1208 1800 nostro
1223 1769 1382 1808 Auguror,
1397 1769 1538 1798 accedent
1554 1771 1578 1798 t.
1591 1778 1624 1807 p.

174 1820 213 1840 m.
237 1820 312 1841 nam
330 1811 360 1840 in
377 1811 524 1842 ,Iuniano
549 1813 663 1852 (quenl
680 1813 823 1843 eundem
841 1813 995 1852 suspicor
1016 1818 1051 1843 et
1066 1812 1279 1843 membranas
1295 1811 1387 1842 docti
1406 1810 1493 1848 viri,)
1508 1815 1543 1841 et
1559 1810 1625 1841 alio

173 1857 257 1892 erat,
280 1857 484 1893 quantumque
499 1864 517 1883 α
533 1864 656 1894 corpore
671 1859 791 1885 nostro:
817 1855 912 1886 Leid.
929 1859 964 1885 et
981 1855 1106 1885 Lovan.
1124 1864 1143 1884 α
1162 1857 1298 1894 pectore.
1344 1853 1413 1883 Pro
1429 1853 1536 1894 deficio
1551 1857 1626 1884 erat

171 1894 312 1932 defuncto
328 1896 357 1925 in
379 1897 460 1926 Lov.
478 1897 623 1926 accedunt
651 1897 814 1927 Bernens.
841 1898 1037 1928 Burm.—4l
1064 1896 1178 1927 Editio
1196 1897 1240 1927 N.
1258 1896 1379 1926 Heius.
1402 1905 1496 1934 neque
1510 1896 1563 1934 qui
1578 1905 1626 1924 co-

170 1938 216 1967 lor
240 1948 301 1968 esse
325 1939 461 1969 solebat:
483 1940 594 1977 vixque
619 1938 734 1974 hubeo;
757 1949 866 1979 neque
892 1943 1116 1969 monstratum
1140 1937 1240 1968 unde.
1286 1938 1378 1969 Quas
1403 1937 1546 1975 inspexi,
1570 1946 1624 1967 nec

171 1980 223 2019 qui
248 1981 328 2011 color
354 1991 417 2011 esse
440 1981 572 2010 solebat:
606 1981 658 2010 rix
684 1981 788 2011 hubeo.
841 1981 985 2011 Secutus
1010 1991 1082 2011 sum
1107 1980 1318 2010 membranas
1347 1984 1490 2017 nostras,
1522 1978 1622 2018 bene,

170 2022 306 2062 opinor,
326 2029 498 2053 servantes
520 2026 592 2053 unte
616 2023 751 2053 solebat:
776 2022 835 2053 sed
863 2028 898 2053 et
920 2032 1064 2063 sequens
1086 2032 1203 2053 causas
1219 2021 1325 2052 habet
1342 2020 1560 2061 suspicionis:
1587 2025 1624 2051 et

172 2064 338 2103 legebam,
367 2066 406 2095 N.
432 2076 460 2095 u.
476 2075 500 2096 s,
518 2076 546 2095 υ.
571 2074 607 2095 ne
633 2066 685 2104 qui
709 2065 791 2096 color
813 2068 884 2095 ante
908 2065 1038 2095 solebat:
1067 2065 1130 2095 Vix
1145 2066 1219 2095 adeo
1237 2064 1350 2102 tenuis,
1375 2074 1439 2103 quse
1455 2066 1540 2101 tegat
1555 2072 1622 2093 ossa

170 2108 257 2137 cutis,
302 2108 419 2137 Auctor
438 2108 569 2137 Elector.
590 2108 682 2137 Eton.
730 2109 837 2147 Neque
853 2107 1013 2137 Heinsius
1029 2106 1133 2137 habet
1157 2117 1196 2136 ex
1223 2107 1352 2136 Moreti
1381 2107 1486 2135 libro:
1510 2105 1622 2145 vixque

170 2159 210 2179 cx
231 2149 353 2180 Itum-0
370 2151 507 2180 coelice:
533 2153 604 2180 unte
620 2150 723 2180 etiam
740 2150 772 2179 in
798 2154 942 2188 quatuor
968 2150 1109 2186 invenit,
1135 2153 1170 2178 et
1195 2148 1337 2187 probare
1363 2158 1397 2178 se
1426 2148 1559 2178 notavit
1587 2148 1621 2177 in

168 2191 287 2222 codice
314 2202 384 2228 sno,
409 2193 523 2221 addito
548 2193 623 2222 ioco
648 2202 688 2221 ex
714 2191 770 2222 lib.
796 2200 849 2221 111.
877 2194 907 2221 4.
936 2194 989 2222 67.
1034 2192 1043 2207 ‘
1063 2190 1151 2221 Ante
1169 2190 1343 2228 solebatis,
1371 2191 1521 2229 gratique
1546 2193 1622 2220 erat

168 2233 274 2264 instar
289 2233 447 2269 lionoris‚'
479 2236 542 2264 Sec.
591 2234 744 2273 Reliqua,
769 2243 844 2274 quae
873 2233 943 2263 sine
973 2233 1062 2264 libris
1090 2233 1249 2263 emendat
1277 2242 1319 2262 ex
1344 2233 1541 2272 conjectura
1570 2232 1620 2262 vir

167 2275 300 2312 doctus,
326 2277 379 2306 xix
408 2276 516 2306 audeo
543 2275 789 2315 comprobare:
814 2285 890 2305 nam
918 2276 1091 2316 implicata
1114 2281 1165 2306 est
1192 2275 1329 2313 locutio,
1352 2275 1407 2304 rix
1421 2277 1495 2305 adeo
1520 2275 1621 2305 tenuis

166 2319 256 2357 cutis,
273 2329 347 2349 cum
366 2319 540 2349 videretur
554 2319 665 2358 potius
680 2318 874 2356 dicendum,
892 2318 979 2349 cutis
997 2318 1050 2348 Vix
1074 2318 1160 2348 adeo
1176 2327 1303 2356 crassa,
1320 2316 1432 2352 densa,
1451 2318 1505 2347 vel
1522 2316 1619 2355 dura,

167 2365 216 2398 ut,
234 2362 284 2391 vel
302 2367 500 2401 q11ae‚1egat
518 2371 613 2398 ossa3
638 2361 700 2390 etsi
718 2361 798 2399 scio,
820 2370 886 2401 quo
902 2367 1004 2400 pacto
1018 2360 1156 2390 defendi
1171 2365 1294 2400 posset.
1340 2360 1411 2390 Nos
1428 2363 1510 2397 unte,
1526 2358 1617 2398 quod

167 2407 200 2432 et
229 2403 404 2434 Leidensis
431 2403 547 2438 habet,
575 2408 728 2443 recepto,
764 2403 892 2443 reliqua
921 2413 963 2435 ex
993 2402 1061 2434 fide
1090 2402 1357 2433 membranarum
1386 2401 1616 2441 relinquimus.

171 2444 260 2485 Tegit
276 2447 377 2477 etiam
396 2447 428 2477 iu
443 2446 611 2477 anniano:
637 2445 695 2476 sed
713 2445 851 2484 rectum,
867 2449 965 2485 tegat.
989 2446 1189 2477 Binum—45
1214 2446 1275 2476 Be.
1290 2445 1399 2474 desunt
1417 2453 1477 2483 pro
1492 2442 1614 2473 absunt.

808 2558 947 2590 NOTAE

213 2643 254 2671 39
289 2641 458 2680 Nostraque
483 2652 502 2672 a
524 2645 664 2684 corpore]
697 2644 773 2677 Hoc
796 2647 861 2683 est,
917 2651 998 2683 pora
1015 2641 1183 2672 adduntur
1205 2638 1320 2670 malis:
1355 2647 1498 2681 namque
1516 2637 1610 2674 brevi

166 2692 201 2722 Si
213 2689 400 2720 debilitatis
413 2699 494 2720 mea}
507 2696 608 2731 atque
621 2694 860 2724 exhaustarum
914 2692 1048 2724 moriar.

170 2740 286 2775 virium
312 2738 476 2772 rationem
501 2739 634 2782 habeas,
651 2751 754 2784 parva
777 2747 860 2776 tein-
