1877 3193
527 165 682 196 EPIST.
715 165 782 196 Ex
817 165 975 196 ΡοΝτο
1009 164 1103 197 mn.
1136 166 1168 196 1.
1199 156 1240 197 5.
1497 156 1611 202 2527

158 257 216 300 In
235 257 397 312 quibus
417 260 638 312 ingenium
660 260 820 302 desiste
841 260 1055 314 requirere
1076 264 1285 310 nostrum,

216 327 410 368 Nescius
431 329 552 368 exilii
570 341 621 368 ne
641 329 816 369 videare
837 329 936 369 mei.

157 394 323 446 Cernis,
345 401 391 436 ut
410 397 612 448 ignavum
634 401 913 450 corrumpant
933 396 1026 436 otia
1045 408 1204 448 corpus
1221 408 1232 436 ε
1586 396 1615 436 5

213 462 277 503 Ut
297 464 472 515 capiant
492 464 660 512 vitium,
682 466 726 503 ni
748 467 1021 510 moveantur,
1043 475 1183 514 aquae.

158 529 216 570 Et
235 530 355 579 mihi,
375 531 411 569 si
433 531 532 583 quis
552 535 658 578 erat,
682 528 867 569 ducendi
889 529 1094 568 carminis
1114 541 1222 568 usus

217 597 400 647 Deficit3
432 600 586 650 estque
607 597 747 636 minor
766 596 909 636 factus
930 596 1063 636 inerte
1084 596 1185 636 situ.

158 663 276 706 Haec
297 677 482 718 quoque,
504 678 601 718 quae
623 664 783 717 legitis,
807 663 868 717 (si
890 664 999 717 quid
1020 664 1139 714 mihi,
1164 662 1382 717 Maxime,
1402 665 1585 721 credis,)

214 732 455 772 Scribimus
476 733 628 782 invita,
652 732 817 786 vixque
838 738 1013 781 coacta,
1044 745 1192 772 manu.
1556 734 1612 775 10

156 799 260 841 Non
279 801 385 841 libet
405 802 447 842 in
468 802 577 842 tales
598 802 790 842 animum
813 800 1071 840 contendere
1088 813 1215 841 curas
1232 814 1243 853 3

212 867 313 909 Nec
335 870 454 910 venit
475 870 531 908 ad
553 869 690 909 duros
713 867 845 908 Musa
864 871 1025 908 vocata
1043 861 1201 908 Getas.

157 935 223 977 Ut
240 940 385 977 tamen
406 937 503 989 ipse
526 935 667 985 vides,
689 937 834 976 luctor
854 934 1068 975 deducere
1087 946 1262 977 versum
1279 949 1291 988 ;

214 1003 300 1043 Sed
322 1016 408 1044 non
429 1004 477 1044 fit
497 1003 585 1044 fato
604 1004 779 1044 mollior
799 1003 872 1043 ille
893 1015 1004 1043 meo.

155 1114 194 1143 In
209 1113 316 1153 quibus
327 1113 435 1143 omitte
448 1114 603 1153 requirere
616 1114 775 1153 ingenium
790 1118 938 1151 nostrum,
954 1123 991 1143 ne
1007 1113 1141 1143 videaris
1156 1113 1284 1151 ignarus
1291 1112 1384 1152 fugoe
1398 1123 1481 1145 meoe.
1519 1115 1614 1147 Vides

154 1159 189 1186 ut
205 1156 290 1195 quies
304 1159 424 1186 enervet
438 1166 530 1195 segne
554 1167 674 1195 corpus,
699 1160 734 1187 ut
750 1157 881 1196 lympha>
905 1159 1141 1194 corrumpantur
1167 1156 1228 1185 nisi
1250 1156 1421 1194 agitentur.
1466 1156 1503 1187 Si
1518 1158 1613 1189 etium

155 1198 257 1238 aliqua
271 1198 574 1236 mihisuitfacilitas
583 1199 740 1237 pangendi
756 1208 873 1236 versus,
883 1200 980 1236 perit,
996 1203 1025 1227 et
1035 1197 1124 1234 sacta
1137 1200 1182 1228 est
1195 1198 1295 1228 minor
1309 1199 1421 1237 ignavo
1436 1199 1512 1229 otio.
1544 1200 1613 1231 Ista

153 1242 247 1272 etiam
263 1252 330 1281 quae
345 1242 496 1278 eroli-itis,
511 1242 560 1280 (si
576 1251 666 1279 quam
682 1241 758 1270 mihi
772 1240 863 1270 habes
867 1240 981 1280 fidem,
1008 1240 1163 1279 Maxime,
1167 1240 1188 1278 )
1210 1249 1374 1271 exaramus
1395 1251 1488 1271 manu
1500 1251 1612 1281 repug-

154 1287 257 1322 nante,
271 1288 362 1322 atque
377 1293 460 1321 oegre
472 1284 613 1322 impulsa.
661 1284 732 1312 Non
748 1283 847 1321 placet
858 1291 971 1319 urgere
981 1282 1141 1320 ingenium
1151 1283 1192 1312 ad
1203 1282 1375 1320 hujusmodi
1389 1283 1504 1323 studia,
1517 1293 1613 1324 neque

154 1325 248 1368 Musa
266 1325 399 1356 int-itata
414 1327 530 1356 accedit
547 1327 588 1356 ad
606 1325 704 1356 Getas
717 1334 850 1365 asperos.
894 1324 997 1354 Sicuti
1019 1328 1121 1356 tamen
1145 1325 1209 1365 ipse
1235 1326 1349 1365 cernis,
1375 1336 1466 1357 conor
1478 1335 1613 1367 pangere

763 1409 997 1420 eeeeeeeeeeee

194 1466 214 1494 2
238 1463 342 1494 Multi
370 1463 479 1495 Codd.
504 1465 620 1504 scripta
647 1474 709 1504 pro
733 1464 898 1495 verbm-3
935 1463 1056 1494 Barth.
1085 1463 1169 1502 legit
1191 1464 1298 1503 ingen.
1322 1463 1451 1494 desistas
1475 1473 1612 1504 quaerere

151 1509 247 1537 nostr.
266 1511 300 1536 et
317 1506 366 1537 ita
382 1516 441 1536 sex
467 1506 576 1537 Codd.
593 1508 632 1536 R.
651 1511 686 1537 et
702 1507 741 1536 P.
758 1507 869 1536 desiste
885 1506 1053 1545 inquirere.
1078 1505 1193 1535 Burm.
1219 1506 1307 1545 conj.
1331 1506 1443 1536 desiste
1455 1507 1612 1545 requirere

149 1549 363 1588 μήκωνι-6
386 1549 438 1579 Sa.
465 1559 531 1588 cap.
555 1548 644 1585 vitio,
669 1548 776 1578 ni.—7
800 1549 895 1578 Vett.
923 1548 989 1582 Et,·
1014 1547 1104 1587 vulg.
1128 1547 1193 1578 Sic.
1239 1548 1323 1578 Mox
1346 1548 1476 1578 ducendi
1491 1549 1611 1579 Burm.

152 1591 250 1622 dedit
265 1600 308 1621 ex
326 1591 461 1630 optimis
478 1590 577 1621 editis
595 1594 631 1620 et
646 1590 803 1629 scriptis;
825 1589 912 1630 vulg.
929 1589 1093 1626 dictandi;
1117 1594 1152 1620 et
1176 1590 1210 1620 in
1235 1589 1436 1630 quibusdam
1452 1595 1539 1622 vett.
1563 1591 1611 1621 di·

152 1633 259 1664 cendi:
293 1633 326 1663 in
350 1633 423 1663 aliis
447 1634 551 1663 etiam
576 1633 805 1663 discenti—10
830 1632 923 1663 Libri
958 1632 1181 1673 manuscripti
1204 1632 1316 1673 vixque
1343 1636 1480 1664 movente
1506 1643 1611 1664 manu.

152 1675 288 1707 Fabric.
332 1674 442 1705 Iidem
458 1675 548 1715 libri,
561 1676 671 1716 vixque
687 1678 823 1706 movente
837 1685 949 1705 manu.-
974 1674 1135 1705 libentius
1153 1684 1285 1716 sequor.
1314 1676 1438 1712 Civfan.
1490 1676 1611 1716 Vixque

149 1721 255 1749 coacta
270 1717 427 1748 meliores
444 1727 559 1748 omnes
577 1728 651 1749 cum
667 1718 785 1758 primis
802 1717 1017 1748 editionibus.
1064 1717 1346 1758 Gottorphianus,
1368 1721 1501 1757 rogata:
1523 1728 1610 1749 unus

153 1760 351 1799 Vossianus,
364 1763 486 1791 notata.
532 1761 637 1800 Puto,
660 1760 729 1792 Ser.
751 1760 815 1791 inv.
839 1760 896 1791 vix
907 1763 1074 1800 properata
1090 1771 1200 1791 manu:
1227 1761 1293 1798 vel,
1306 1764 1465 1801 perarata.
1491 1760 1610 1793 Heius.

152 1803 314 1834 Barthius
331 1803 446 1840 etiam,
468 1803 580 1843 vixque
602 1808 738 1835 mot-ente
763 1813 805 1834 ex
829 1804 894 1834 suis
913 1802 1056 1843 profert,
1081 1804 1169 1844 quod
1188 1808 1222 1834 et
1238 1803 1534 1835 Francofurtensis
1552 1813 1611 1834 ex·

150 1846 264 1883 hibet3
288 1855 397 1886 neque
414 1852 498 1885 puto
513 1851 642 1877 temere
660 1846 931 1887 repudiandum;
954 1850 1007 1876 est
1022 1846 1110 1876 enim
1128 1847 1275 1886 positum
1299 1856 1373 1885 pro,
1400 1846 1457 1876 vix
1481 1856 1516 1876 se
1539 1856 1610 1877 mo-

150 1893 267 1919 vente.
301 1888 380 1919 Vid.
407 1888 558 1919 Gronov.
583 1899 622 1920 11.
651 1889 736 1920 Obs.
765 1892 794 1919 7.
819 1890 1014 1919 Barim—ll
1041 1889 1206 1919 Diverlere
1232 1889 1328 1919 Petri
1355 1888 1463 1918 Servii
1490 1888 1609 1920 codex.

151 1931 268 1969 Forte,
290 1931 392 1961 animo
415 1932 588 1962 devertere:
613 1931 654 1962 de
672 1941 736 1971 quo
755 1931 840 1961 Met.
857 1940 938 1961 vui.
962 1930 1058 1969 [Not.
1076 1931 1175 1969 Vara]
1199 1931 1245 1960 nil
1263 1935 1374 1961 tamen
1393 1934 1521 1960 temere
1537 1940 1607 1961 mu-

151 1974 302 2004 tandum.
328 1974 440 2004 Heins.
488 1974 635 2004 Animum
660 1983 738 2003 nunc
765 1974 888 2003 tendere
912 1972 1107 2003 Barthianae
1125 1973 1350 2003 membranae:
1376 1972 1409 2002 in
1435 1973 1520 2011 aliis,
1543 1973 1610 2003 ani-

150 2025 231 2046 mum
246 2015 415 2054 dimittere,
438 2016 492 2057 (ut
509 2025 587 2046 vui.
614 2017 698 2047 Met.
712 2019 784 2047 188.
807 2016 816 2032 ‘
835 2016 969 2056 ignotas
984 2015 1130 2045 animum
1147 2015 1292 2045 dimittit
1308 2015 1341 2046 in
1359 2014 1475 2054 artes‘)
1492 2024 1610 2055 compo·

150 2067 233 2097 nere,
254 2058 455 2097 committere,
475 2060 678 2098 praetendere,
698 2060 858 2089 adducere.
882 2059 1085 2088 Burm.—l2
1108 2057 1176 2088 Alii
1195 2058 1228 2088 in
1241 2059 1353 2089 duros:
1377 2058 1513 2099 quidam
1527 2057 1608 2089 libri

152 2101 253 2132 etiam
278 2100 408 2132 Barthii
424 2101 457 2132 in
472 2104 688 2132 nostros—13
713 2102 752 2132 P.
769 2111 859 2132 conor
875 2111 936 2141 pro
949 2102 1143 2131 luctam—14
1167 2100 1218 2131 Ex
1236 2100 1431 2132 melioribus
1448 2101 1499 2132 ille
1515 2109 1609 2132 rece-

806 2196 951 2228 NOTAE

193 2273 213 2302 4
252 2270 372 2310 Exilii]
411 2272 479 2303 Pro
509 2272 605 2304 malis
635 2282 709 2314 quae
739 2282 781 2303 ex
811 2281 851 2303 eo
905 2271 1031 2312 ingenii
1048 2272 1227 2304 alacritate
1244 2272 1462 2312 proveniunt.

151 2321 318 2353 oriuntur.
951 2322 1055 2364 Tales]
1070 2322 1196 2355 Quales
1214 2332 1331 2354 versus
1348 2323 1515 2354 scribendi
1531 2333 1608 2363 pos—

195 2372 246 2402 Ne
260 2372 398 2413 videare]
421 2373 513 2406 Quin
536 2373 650 2414 potius
667 2383 709 2405 ex
725 2373 853 2415 ingenii
906 2378 997 2404 cunt.

152 2420 311 2462 languore
327 2423 420 2453 exilii
434 2423 500 2453 mei
515 2424 602 2454 mala
618 2423 803 2464 intelligas.
950 2426 989 2454 12
1014 2424 1080 2454 Nec
1104 2424 1204 2463 venit]
1225 2424 1307 2455 Sese
1336 2423 1468 2454 exulem
1497 2422 1607 2453 innuit

193 2472 215 2500 6
239 2471 372 2512 Capiant
386 2473 513 2513 vitium]
544 2474 763 2514 Putrescant,
790 2474 852 2505 sci·
906 2475 947 2505 ad
965 2475 1165 2506 scribendos
1184 2484 1296 2505 versus
1323 2483 1388 2503 non
1415 2481 1514 2513 posse
1537 2472 1607 2502 ani·

153 2518 245 2550 licet.
905 2535 994 2556 mum
1012 2525 1197 2556 instituere.

195 2572 215 2600 7
239 2569 398 2611 Ducendi]
421 2573 666 2613 Componendi.
950 2578 989 2605 14
1016 2575 1155 2614 Mollior]
1182 2575 1294 2603 Duros
1311 2582 1387 2604 esse
1402 2581 1516 2603 versus
1529 2581 1606 2603 suos

196 2622 216 2650 8
239 2619 328 2658 Situ]
353 2620 419 2650 Pro
436 2621 575 2654 desidia.
907 2625 1004 2662 dicit,
1034 2625 1121 2654 sicut
1149 2628 1183 2653 et
1212 2622 1352 2653 fortuna
1387 2632 1458 2655 sua.
1505 2622 1605 2655 Quod

197 2673 235 2701 11
261 2670 334 2700 Non
349 2669 438 2709 libet]
462 2672 634 2713 Ceterum,
649 2679 687 2706 ut
700 2676 773 2716 jam
790 2686 852 2707 sae-
907 2679 1020 2706 tamen
1036 2672 1124 2704 haud
1142 2672 1191 2703 ita
1207 2675 1270 2704 est.

154 2720 229 2762 pius
246 2719 433 2761 admonuit,
456 2721 605 2752 carmina
630 2731 696 2755 non
720 2726 784 2757 nisi
809 2736 852 2757 ex
