1863 3193
230 133 346 176 2238
722 140 762 174 P.
795 143 953 174 ovmu
988 142 1201 174 NAsoms

231 237 363 279 Nunc
384 250 537 292 precor
555 241 605 278 ut
625 237 785 287 vivant,
806 240 849 277 et
866 249 953 277 non
974 236 1132 289 ignava
1149 237 1366 291 legentum
1628 239 1686 280 25

288 305 392 346 Otia
411 305 634 354 delectent,
656 303 1001 357 admoneantque
1022 304 1122 345 mei.

232 371 331 414 Nec
350 377 492 413 tamen
511 372 588 412 illa
607 371 693 424 legi
715 374 913 424 poterunt
932 371 1148 424 patienter
1169 371 1223 411 ab
1243 371 1333 411 ullo
1353 384 1364 421 3

290 438 473 480 Nesciet
492 440 559 480 his
578 452 791 480 summam
813 439 851 479 si
870 440 968 493 quis
991 439 1147 480 abesse
1165 451 1356 479 manum.

231 503 444 547 Ablatum
463 505 621 547 mediis
642 519 757 559 opus
777 508 842 546 est
862 505 1095 547 incudibus
1116 506 1222 546 illud
1241 520 1249 547 :

291 572 440 613 Defuit
460 578 505 613 et
526 573 703 627 scriptis
723 573 877 613 ultima
897 573 1002 614 lima
1022 573 1149 613 meis.

233 638 291 679 Et
310 640 482 680 veniam
500 653 579 693 pro
600 640 730 681 laude
752 644 851 694 peto
869 653 878 681 z
908 640 1111 681 laudatus
1134 638 1319 690 abunde,

291 705 394 746 Non
414 706 634 747 fastiditus
656 707 695 747 si
715 708 810 757 tibi,
835 707 1008 757 Lector,
1032 718 1122 747 ero.

234 771 335 814 Hos
356 787 528 827 quoque
550 787 629 815 sex
649 787 818 825 versus,
839 775 884 815 in
905 774 1048 828 prima
1068 774 1209 815 fronte
1227 773 1367 814 libelli

292 839 339 880 Si
359 841 678 894 praeponendos
698 854 793 882 esse
812 842 1005 894 putabis,
1027 841 1162 881 habe:

1631 572 1687 613 30

231 957 298 985 tror
306 953 408 991 fuisse
423 957 552 984 exarata
565 954 671 984 multis
682 954 839 993 exemplis.
873 953 964 984 Nunc
978 963 1030 985 oro
1044 957 1077 984 ut
1091 957 1207 992 extent,
1223 957 1253 985 et
1262 954 1327 985 otia
1339 964 1397 985 non
1408 954 1524 986 inertia
1539 955 1687 986 oblectent

230 997 389 1035 legentem,
411 999 441 1027 et
454 1000 593 1026 revocent
606 1006 652 1027 me
666 997 699 1026 in
715 996 900 1027 memoriam.
944 997 1051 1036 Neque
1066 1000 1169 1027 tamen
1183 997 1237 1027 illa
1251 1001 1395 1037 poterunt
1408 998 1469 1037 legi
1487 1008 1572 1038 (equo
1586 998 1687 1028 animo

231 1039 269 1068 ab
285 1039 358 1077 ullo,
379 1039 407 1069 si
431 1039 498 1077 quis
519 1038 642 1076 ignoret
664 1039 805 1069 nltimam
828 1048 950 1069 manum
971 1049 1030 1069 non
1055 1048 1119 1070 esse
1143 1039 1207 1069 illis
1230 1039 1409 1070 adhibitam.
1457 1040 1538 1071 Illud
1554 1050 1627 1080 opus
1643 1043 1689 1071 est

232 1080 392 1120 abreptum
406 1081 514 1111 mediis
539 1080 699 1111 incudibus
715 1090 724 1114 ;
745 1085 774 1110 et
799 1081 964 1110 novissima
987 1081 1060 1110 lima
1084 1082 1281 1111 desideratur
1306 1082 1381 1112 meis
1405 1083 1540 1122 scriptis.
1585 1084 1611 1113 Α
1618 1087 1690 1121 tque

231 1132 317 1162 posco
331 1122 451 1152 veniam
464 1132 521 1162 pro
537 1123 645 1153 laude:
669 1132 719 1152 ero
734 1123 810 1152 satis
825 1123 978 1160 ἰατιάαιηε,
1004 1122 1126 1162 Lector,
1148 1123 1176 1152 si
1199 1133 1259 1152 non
1283 1127 1450 1154 contemtus
1476 1135 1494 1154 α
1510 1127 1551 1156 te.
1596 1124 1688 1154 Habe

232 1164 327 1196 etiam
342 1164 395 1195 hos
408 1174 464 1195 sex
479 1174 581 1196 versus
596 1165 632 1195 ab
648 1165 739 1195 initio
751 1165 846 1205 primi
860 1164 1036 1204 voluminis,
1047 1165 1073 1194 si
1089 1165 1257 1195 credideris
1272 1174 1334 1196 esse
1347 1166 1569 1207 proefig·endos.·
1595 1166 1689 1201 Quis-

842 1248 1075 1259 eeeeeeeeeeee

235 1312 276 1333 ex
293 1301 527 1333 emendatione
541 1302 726 1342 Scaligeri:
755 1302 810 1333 alii
827 1303 996 1342 legentem:
1020 1302 1061 1333 P.
1086 1306 1120 1332 et
1136 1302 1177 1334 V.
1193 1303 1337 1341 legentes.
1382 1302 1432 1332 Ex
1459 1306 1542 1333 vett.
1569 1302 1689 1336 Heius.

234 1344 329 1375 dedit
343 1345 427 1375 Nec.-
452 1346 508 1375 alii
526 1346 609 1376 Non.
626 1346 666 1376 P.
682 1355 733 1385 pr.
746 1345 810 1376 Ed.
827 1350 863 1376 et
881 1345 1013 1385 Gryph.
1029 1345 1068 1375 ab
1082 1345 1233 1375 illm—28
1258 1344 1382 1376 Nesciet
1394 1349 1478 1376 vett.
1497 1345 1551 1375 alii
1564 1346 1689 1378 nesciat.

235 1390 320 1417 —30
344 1387 529 1427 Gottorph.
545 1391 575 1418 et
598 1389 690 1418 certis
711 1388 770 1418 ult.
794 1388 913 1418 Heins.
930 1387 1052 1418 suadet
1066 1388 1242 1418 ceris.-—33
1255 1387 1389 1425 Scribe,
1401 1386 1495 1426 primi
1509 1388 1613 1418 libelli.
1631 1389 1688 1419 In-

234 1433 314 1468 epte
327 1430 414 1460 enim
432 1430 723 1470 Metamorphoses
738 1430 855 1460 libellus
871 1434 1051 1469 vocentur,
1066 1439 1148 1470 quas
1165 1430 1235 1470 ipse
1249 1429 1306 1460 lib.
1322 1438 1361 1461 n.
1375 1433 1427 1460 64.
1441 1432 1450 1447 ‘
1468 1430 1576 1470 majus
1588 1430 1687 1470 opus’

233 1472 277 1501 sit
301 1472 543 1512 appellaturus.
590 1472 642 1503 Sic
666 1473 767 1503 alibi:
790 1474 799 1489 ‘
816 1473 883 1503 Sex
896 1482 961 1512 ego
975 1473 1153 1503 Fastorum
1169 1472 1289 1512 scripsi
1305 1472 1517 1513 totidemque
1532 1472 1688 1504 libellos!

234 1514 280 1544 Et
303 1514 312 1530 ‘
327 1514 393 1546 Qui
419 1515 518 1545 modo
536 1514 682 1545 Nasonis
704 1513 875 1546 fueramus
892 1515 1041 1556 quinque
1068 1514 1186 1554 libelli,
1199 1515 1281 1545 Tres
1297 1514 1434 1553 stunus‚’
1466 1515 1508 1546 de
1526 1514 1687 1546 Amorum

232 1555 346 1587 libris:
371 1560 473 1597 atque
486 1557 532 1588 ita
549 1557 670 1597 passim
685 1557 778 1588 alibi.
824 1557 942 1588 Malim
964 1561 1148 1597 praeterea,
1162 1558 1392 1597 proponendos:
1415 1557 1448 1586 in
1460 1557 1559 1597 primi
1576 1557 1687 1595 fronte

232 1597 326 1628 libelli
356 1598 393 1628 Si
413 1600 620 1638 proponendos
646 1609 707 1630 esse
727 1599 863 1640 putabis.
887 1609 962 1630 nam
992 1600 1135 1630 alterum
1161 1599 1270 1630 minus
1294 1600 1469 1630 Latinum:
1496 1600 1544 1630 sic
1572 1601 1687 1630 ‘aedes

233 1640 379 1680 proponi
409 1642 553 1671 venales’
587 1642 771 1681 dicuntur3
806 1651 948 1682 quarum
971 1640 1076 1673 fronti
1101 1642 1220 1672 titulus
1247 1641 1281 1671 id
1313 1641 1493 1681 designans
1526 1641 1687 1682 affigitur.

233 1682 346 1712 Heius.
404 1683 476 1721 Ego
512 1684 614 1722 prima
646 1683 756 1721 fronte
792 1693 860 1714 non
899 1693 1070 1715 moverem
1110 1689 1228 1715 contra
1263 1683 1366 1714 libros
1400 1684 1568 1723 scriptos:
1610 1694 1686 1714 nam

233 1732 310 1754 cum
337 1723 458 1764 singuli
484 1725 563 1756 libri
589 1725 744 1757 volumen
761 1725 930 1766 facerent,
954 1726 1106 1757 libellum
1138 1730 1238 1757 vocat
1265 1726 1410 1766 primum
1437 1727 1614 1756 volumen:
1639 1726 1690 1756 ita

233 1767 242 1782 ‘
273 1770 326 1796 ter
353 1767 502 1807 quinque
531 1767 710 1798 volumina'
750 1768 1073 1808 Metamorphoseon
1114 1768 1175 1799 lib.
1211 1777 1269 1798 111.
1298 1768 1405 1798 Trist.
1434 1771 1486 1798 14.
1519 1771 1568 1798 19.
1614 1777 1690 1807 pos-

234 1811 291 1838 tea
308 1817 355 1839 vs.
382 1811 435 1839 25.
457 1814 557 1840 vocat
581 1810 590 1827 ⁴
609 1809 764 1849 libellos,’
787 1815 826 1841 ut
850 1811 961 1842 omnia
977 1821 1037 1842 sua
1053 1819 1167 1851 opera.
1212 1810 1267 1841 Sic
1284 1815 1412 1850 posset,
1437 1808 1555 1847 ethic,
1577 1809 1690 1840 libellis

233 1849 260 1879 si
281 1852 500 1890 proeponendos
527 1851 612 1891 legi:
637 1856 676 1883 ut
701 1852 952 1893 distinguatur:
982 1853 1050 1884 Hos
1075 1863 1161 1893 quoq.
1177 1862 1203 1883 S.
1225 1863 1254 1882 υ.
1271 1852 1293 1882 i.
1314 1862 1348 1891 p.
1368 1851 1400 1888 s.
1418 1850 1527 1881 libellis
1549 1849 1586 1880 Si
1607 1861 1687 1890 μνω-

230 1893 384 1931 ponendos
400 1902 426 1924 e.
444 1896 497 1933 &a
522 1899 557 1924 et
574 1895 624 1925 ita
641 1894 726 1925 velle
742 1895 850 1926 virum
866 1895 1017 1934 doctum,
1035 1896 1089 1936 qui
1107 1895 1141 1925 in
1163 1903 1260 1924 usum
1276 1893 1405 1924 Scholae
1423 1893 1603 1923 Etonensis
1620 1893 1690 1924 edi-

234 1933 285 1964 dit
310 1934 419 1966 electa
445 1944 488 1965 ex
515 1935 645 1976 Poetis,
673 1946 763 1969 nunc
790 1937 1030 1978 deprehendo:
1052 1937 1156 1976 prima
1177 1945 1258 1967 vero
1277 1935 1371 1972 frons
1394 1934 1541 1965 solennis
1566 1940 1616 1966 est
1642 1936 1689 1967 lo·

878 2019 1019 2050 NOTAE

276 2082 317 2111 27
343 2080 518 2120 Patienter]
542 2082 630 2115 Quia
652 2081 750 2121 plura
765 2080 931 2122 culpabit,

235 2134 271 2161 ut
292 2131 397 2161 sentit
424 2131 540 2161 Naso:
566 2140 640 2171 quae
667 2134 781 2161 tamen
811 2141 931 2171 magno

234 2189 300 2210 non
317 2184 394 2210 sunt
417 2189 565 2211 numero.
609 2180 676 2212 Sed
705 2181 792 2212 euim
817 2182 933 2223 docto,

235 2232 407 2268 accurato,
433 2233 468 2259 et
492 2229 656 2269 politioris
670 2230 855 2262 literaturae
873 2236 932 2262 aut

234 2277 367 2317 majoris
390 2277 468 2309 boni
485 2278 649 2319 studioso,
672 2279 773 2311 facile
796 2291 860 2312 non
879 2286 933 2313 est

234 2326 267 2356 in
306 2327 565 2367 cogitationibus
603 2330 669 2361 suis
705 2331 931 2372 acquiescere.

234 2375 363 2417 Vulgus
391 2377 464 2409 illos
499 2378 609 2410 credit
649 2381 822 2420 superbos,
855 2382 933 2422 quia

233 2424 315 2456 illud
339 2427 429 2467 quod
452 2428 575 2468 sciunt,
599 2434 637 2460 ut
660 2434 696 2461 ct
717 2431 772 2462 alii
789 2431 934 2472 discant,

235 2484 308 2506 sese
324 2477 411 2508 scire
425 2478 639 2518 profitentur.
684 2481 844 2512 Ceterum
861 2484 932 2513 nul-

234 2525 419 2579 lus-revera
442 2529 624 2561 modestior
649 2532 783 2571 perito;
807 2533 931 2574 quippe

235 2583 292 2614 qur
318 2576 470 2607 veritatis
497 2589 596 2619 quam
623 2586 794 2613 assecutus
817 2587 871 2614 est
892 2583 931 2614 il-

236 2623 397 2655 lustratus
416 2627 554 2666 lumine,
571 2631 771 2663 tenuitatem
787 2636 821 2664 et
837 2633 931 2664 caeci·

237 2676 342 2705 tatem
365 2684 458 2707 suam
486 2678 589 2718 magis
616 2681 801 2720 perspicit;
829 2681 932 2713 subli-

986 2081 1125 2113 miorem
1160 2086 1264 2123 atque
1291 2081 1556 2123 exquisitionem,
1586 2092 1687 2123 quam

986 2133 1136 2164 nondum
1165 2133 1292 2174 attigit,
1325 2132 1507 2164 veritatem
1529 2133 1685 2173 suspIcit.

987 2183 1229 2222 Quamobrem,
1265 2187 1447 2223 utcumque
1482 2182 1606 2212 abusus
1630 2182 1687 2223 sit,

985 2233 1158 2274 sapienter
1185 2237 1299 2264 tamen
1314 2232 1538 2263 Terentianus
1562 2231 1619 2262 ine
1636 2241 1688 2262 se-

985 2294 1065 2324 nex,
1089 2285 1146 2326 qui
1163 2284 1297 2316 homine
1320 2283 1479 2324 imperito
1503 2282 1583 2313 nihil
1598 2282 1690 2323 quic-

986 2345 1085 2376 quam
1099 2334 1255 2375 injustius
1267 2343 1340 2365 esse
1352 2331 1592 2374 pronuntiavit.
1612 2331 1688 2363 Sto-

986 2384 1073 2416 lidus
1110 2394 1269 2426 namque,
1292 2384 1348 2426 qui
1369 2383 1450 2414 nihil
1481 2382 1586 2422 videt,
1612 2391 1686 2414 sese

986 2435 1098 2465 omnia
1115 2434 1229 2466 videre
1244 2437 1419 2466 autumat:
1444 2437 1548 2474 atque
1569 2442 1686 2474 super-

985 2483 1046 2515 bit.

1025 2536 1068 2564 29
1091 2532 1274 2574 Incudibus]
1312 2532 1516 2573 Metaphora
1534 2543 1553 2564 a
1569 2543 1604 2564 re
1620 2531 1687 2564 fer-

984 2582 1081 2623 raria,
1105 2571 1201 2623 cnjus
1224 2582 1371 2614 artifices
1388 2582 1449 2614 sub
1471 2583 1591 2614 incude
1617 2583 1686 2616 fer·

984 2643 1057 2664 rum
1071 2633 1239 2665 diducunt
1255 2633 1363 2665 donec
1379 2632 1521 2666 formam
1538 2644 1580 2667 ex
1605 2638 1685 2667 voto

985 2682 1156 2715 sumserit.
