1877 3193
225 168 341 210 2714
722 178 760 208 Ρ.
792 176 952 205 ox‘mu
984 175 1197 206 NASole

227 272 355 315 Unde
379 276 478 314 tuas
500 271 672 326 possim
690 270 842 311 laudes
864 269 1083 311 celebrare
1104 272 1313 320 recentes,

283 340 535 394 Magnaque
557 351 690 392 quam
710 337 891 378 minima
910 337 1026 378 facta
1048 337 1205 378 referre
1223 348 1359 377 mora.

223 408 395 461 Tangat
412 411 460 448 ut
478 407 562 447 hoc
582 409 733 446 votum
755 404 970 454 coelestia,
993 417 1094 445 care
1116 403 1258 454 Suilli,

281 476 493 525 Numina,
513 487 594 527 pro
616 485 772 514 socero
793 484 923 525 paene
945 485 1125 524 precare
1147 474 1235 512 tuo.
1624 470 1680 512 90

222 589 323 622 minus
346 593 473 620 remotae
488 589 525 619 ab
546 587 628 619 Urbe
642 586 781 618 Ausonia
793 597 803 616 .·
825 587 905 617 unde
918 596 1024 626 queam
1039 588 1148 617 tollere
1161 586 1297 625 gloriam
1320 589 1403 616 tuam
1418 595 1538 624 novam,
1561 587 1590 616 et
1606 587 1679 617 cele-

223 633 312 663 brare
323 632 415 669 sacta
423 632 528 668 fortia
544 640 633 670 quam
648 629 775 659 minimo
790 629 889 667 spatio
904 630 1059 668 temporis.
1106 630 1218 669 Orato,
1243 629 1352 660 dilecte
1377 628 1485 669 Suilli,
1504 638 1562 668 pro
1576 638 1678 660 socero

215 675 287 712 fere
301 678 366 715 tzw,
381 677 416 704 ut
431 674 486 704 hoc
501 676 603 704 votum.
619 674 737 702 moveat
752 671 837 701 Deos
851 680 984 710 superos.

832 752 1068 764 eeeeeeeeeeee

222 806 312 838 Edd.
330 806 370 838 A.
388 806 484 837 distat
501 804 538 835 ab
549 815 559 834 .·
583 808 617 835 et
632 807 703 834 tum
717 802 758 833 P.
775 802 842 835 urb.
857 803 1032 833 locus.--S⁷
1056 802 1176 834 Heins.
1194 803 1342 834 malebat
1357 804 1466 835 celebr.
1482 806 1678 835 recenter.—

220 853 263 880 88
286 850 416 880 Bersm.
434 848 543 879 edidit
558 847 709 886 Magnaq.
725 855 793 876 cum
809 845 948 876 minima.
983 846 1028 876 Et
1042 845 1074 875 in
1090 845 1290 886 quibusdam
1305 850 1391 877 vett.
1408 856 1491 888 quos
1512 847 1597 878 citat
1618 847 1683 878 Fa-

221 892 346 923 bricius
361 901 416 932 per
429 890 842 921 minimam..‚moram.—90
860 888 926 919 Ms.
939 888 1070 919 Bersm.
1088 898 1190 919 socero
1202 898 1282 928 saepe
1294 898 1378 929 pree.

880 974 1021 1007 NOTAE

262 1042 301 1071 87
320 1038 483 1079 Recentes]
497 1039 581 1071 Cum
595 1038 739 1079 primum
754 1040 919 1080 praeclare
1016 1042 1058 1071 90
1082 1038 1192 1079 Paene]
1220 1038 1319 1078 Quia,
1334 1042 1372 1070 ut
1388 1046 1489 1079 supra
1505 1036 1603 1078 dixit,
1618 1038 1678 1069 illi-

219 1090 344 1130 aliquid
371 1100 390 1120 a
416 1093 449 1120 te
471 1097 617 1129 gestum,
633 1099 700 1121 non
718 1090 818 1130 longo
840 1095 920 1131 post
974 1100 1012 1121 us
1027 1089 1094 1121 fuit
1110 1090 1250 1121 maritus
1263 1090 1357 1121 Naso
1371 1089 1465 1131 cujus
1477 1087 1579 1121 filiam
1593 1089 1676 1121 Suil-

218 1147 384 1180 tempnre,
397 1139 446 1170 uti
461 1139 494 1169 id
508 1148 611 1180 cogor
625 1138 740 1171 facere
756 1140 919 1182 quamdiu
973 1141 1036 1172 lius
1052 1141 1195 1173 duxerat
1212 1149 1361 1172 uxorem.

218 1192 251 1221 in
267 1189 409 1230 Scythas
423 1198 495 1221 sum
511 1194 671 1221 remotus.

654 1563 1068 1613 EPISTOLA
1124 1564 1229 1612 IX.

779 1728 1104 1770 GRAECINO.

765 1880 1121 1914 ARGUMENTUM.

217 1964 351 1997 FACTUS
369 1966 495 1997 certior
508 1966 618 1997 Poe'ta
636 1966 726 2008 quod
743 1967 923 1998 Graecinus
948 1969 1066 1999 consul
1081 1967 1277 2008 designatus
1294 1967 1349 2009 sit,
1364 1968 1456 2001 dolet
1470 1969 1557 2011 quod
1574 1970 1673 2010 absit,

254 2027 318 2049 nec
350 2019 458 2058 possit
484 2019 638 2050 laetitiam
670 2025 874 2060 conceptam
909 2030 1024 2052 coram
1060 2030 1244 2062 exponere,
1274 2021 1407 2063 fruique
1445 2024 1648 2063 spectaculis
1663 2034 1670 2054 z

256 2080 370 2111 quare,
385 2082 461 2103 cum
475 2073 575 2103 aliter
591 2073 866 2114 nequeat,jubet
879 2074 965 2105 hanc
983 2074 1163 2115 epistolam
1180 2080 1297 2115 partes
1310 2085 1385 2106 suas
1401 2076 1505 2108 obire.
1530 2077 1669 2109 Deinde

253 2131 329 2153 eum
346 2129 444 2164 rogat
460 2130 496 2156 ut
513 2135 576 2165 pro
591 2136 627 2156 se
644 2132 815 2167 precetur,
830 2137 869 2157 ac
885 2128 1033 2159 reditum
1049 2128 1230 2169 impetret:
1255 2133 1428 2169 postremo
1444 2130 1529 2161 dicit
1545 2140 1581 2161 se
1597 2140 1665 2162 non

252 2175 359 2205 minus
385 2177 548 2216 gaudere,
575 2178 665 2218 quod
691 2179 738 2208 illi
759 2179 793 2209 in
819 2181 998 2211 consulatu
1022 2190 1237 2212 successurus
1264 2183 1309 2213 sit
1336 2183 1408 2222 ejus
1435 2183 1557 2221 frater,
1582 2192 1665 2224 quos

252 2226 368 2258 ambos
385 2233 542 2268 precatur
556 2235 593 2261 ut
608 2230 673 2260 sibi
688 2240 786 2270 opem
802 2230 932 2269 ferant;
956 2242 1130 2272 exponens
1148 2233 1242 2264 exilii
1259 2234 1309 2264 sui
1327 2234 1551 2265 incommoda.

214 2322 375 2381 UNDE
397 2341 519 2392 licet,
541 2355 629 2383 non
650 2342 764 2382 unde
778 2343 922 2397 juvat,
945 2343 1163 2392 Graecine,
1191 2344 1374 2384 salutem

270 2405 409 2449 Mittit
430 2410 485 2450 ab
508 2409 693 2450 Euxinis
712 2409 822 2450 hanc
844 2410 924 2450 tibi
948 2409 1072 2449 Naso
1094 2410 1235 2450 vadis.

256 2515 408 2558 Graecine,
423 2517 509 2548 Naso
522 2518 623 2550 mittit
638 2519 697 2550 tibi
710 2519 788 2550 hanc
799 2521 926 2551 sulutem
941 2520 979 2550 ab
994 2520 1080 2560 aquis
1097 2520 1242 2561 Euxinis,
1254 2522 1332 2552 unde
1346 2530 1515 2553 concessum
1531 2527 1587 2563 est,
1603 2534 1660 2554 non

865 2606 1002 2638 NOTAE

255 2664 271 2691 1
295 2664 408 2704 Juvat]
449 2667 519 2704 Me,
549 2669 691 2709 scilicet,
720 2671 776 2712 qui
803 2674 837 2702 te
873 2672 908 2702 in
962 2672 1108 2703 salutare
1124 2671 1270 2702 mallem.

211 2711 430 2752 Urbe,ve1ex
444 2717 644 2751 locosaltem
655 2722 908 2763 propinquiore,
