1877 3193
253 467 638 516 DIONYSII
707 465 1157 515 SALVAGNII
1232 465 1570 523 BOESSII,

540 633 795 685 EQUITIS
828 631 1286 684 DELPHINATIS,

405 791 537 847 IN
625 789 1046 848 OVIDII
1136 792 1413 849 IBIN

618 961 1198 1010 PROLEGOMENA.

524 1282 592 1322 [Ex
609 1281 671 1313 Ed.
689 1281 872 1312 Burmann.
893 1283 961 1312 4t0.
978 1279 1170 1312 Amstelod.
1188 1280 1299 1321 1727]

799 1376 956 1409 CAPUT
995 1377 1025 1409 Ι.

180 1470 298 1500 Multos
327 1469 396 1500 huic
427 1467 587 1499 Po'e'malio
609 1477 718 1497 manus
741 1467 921 1506 admovisse,
940 1467 1085 1498 nonnulla
1110 1471 1215 1498 tamen
1236 1467 1271 1498 in
1292 1477 1324 1499 eo
1345 1477 1511 1509 superesse,
1534 1468 1642 1509 quibus

568 1520 735 1551 enodandis
753 1520 870 1561 OEdipo
883 1520 930 1549 rel
945 1519 1066 1559 Sibylla
1080 1519 1123 1550 sit
1136 1529 1219 1560 opus,

225 1608 307 1639 cmi
324 1606 469 1647 primum
494 1607 639 1635 animum
657 1604 698 1635 ad
717 1604 834 1636 Ovidii
858 1604 1005 1635 libellum
1022 1605 1054 1635 in
1070 1604 1147 1636 Ibin
1164 1605 1390 1637 enarrandum
1409 1605 1538 1646 appuli,
1562 1605 1642 1636 nihil

182 1661 261 1692 mihi
284 1660 376 1701 prius
400 1664 502 1700 atque
529 1659 700 1699 antiquius
725 1658 790 1688 fult
817 1667 914 1697 quam
942 1663 979 1688 ut
1004 1658 1163 1697 omnium,
1185 1658 1241 1699 qui
1267 1658 1309 1689 de
1332 1659 1395 1689 hoc
1415 1658 1530 1688 libello
1554 1657 1641 1688 bene

181 1715 295 1745 meriti
324 1719 452 1751 essent,
481 1713 751 1745 Commentarios
780 1711 928 1752 undique
965 1711 1168 1752 perquisitos
1200 1712 1405 1742 evolverem.
1459 1711 1642 1742 Enimvero

182 1768 318 1809 plurimi
336 1772 406 1798 tum
422 1771 548 1805 nostra,
565 1771 636 1796 tum
653 1770 787 1806 patrum
809 1770 844 1796 et
861 1775 999 1796 avorum
1025 1765 1201 1804 memoria,
1224 1765 1256 1795 in
1280 1765 1343 1796 hoc
1366 1764 1547 1805 poematiO,
1570 1768 1643 1794 tan-

182 1830 281 1862 quam
298 1820 331 1850 in
349 1819 531 1861 Olympico
547 1820 667 1857 stadio,
684 1829 749 1850 non
775 1820 863 1850 citra
888 1820 1036 1859 pulveris
1061 1824 1202 1858 tactum,
1222 1818 1443 1849 desudarunt.
1489 1818 1643 1850 Quorum

183 1874 350 1905 vetustior
373 1873 488 1911 ἄδηλος
513 1874 637 1905 ceteris
664 1872 772 1905 facem
790 1874 955 1913 praetulit,
971 1873 1030 1903 sed
1053 1873 1062 1889 ‘
1080 1873 1152 1914 ejus
1173 1873 1321 1912 scrinia,’
1344 1872 1453 1913 inquit
1469 1870 1642 1901 Adrianus

181 1927 357 1958 Turnebus
376 1923 562 1958 Adversar.
587 1936 641 1957 ix.
659 1929 711 1957 25.
737 1928 745 1943 ‘
764 1926 819 1956 alii
844 1926 1051 1965 interpretes
1079 1926 1321 1966 compilarunt,
1349 1930 1385 1956 et
1413 1924 1554 1965 scripta,
1576 1924 1643 1956 etsi

182 1980 354 2019 mendosa,
381 1979 470 2010 unde
488 1985 602 2011 tamen
618 1980 724 2009 multa
741 1978 876 2010 odorari
901 1984 1103 2019 poteramus,
1119 1978 1409 2019 suppresserunt.'
1456 1978 1530 2009 Nos
1546 1977 1643 2008 illum

182 2033 313 2064 tamdiu
330 2033 559 2063 desideratum
577 2033 610 2062 in
627 2032 736 2062 lucem
754 2032 906 2062 edemus,
949 2031 1016 2062 Sed
1041 2032 1128 2062 enim
1154 2032 1232 2073 quia
1254 2031 1354 2063 foedis
1376 2031 1585 2073 glossematis
1601 2040 1641 2062 ac

183 2085 408 2126 supposititiis
434 2089 608 2115 auctorum
640 2084 842 2115 testimoniis
870 2085 1064 2124 inquinatus
1089 2089 1153 2126 est,
1180 2095 1296 2116 aurum
1323 2095 1365 2116 ex
1390 2086 1463 2126 ejus
1487 2089 1642 2116 stercore

183 2138 422 2177 colligendum.
469 2137 568 2167 Anno
599 2146 678 2167 vero
706 2147 806 2177 supra
830 2137 1042 2168 millesimum
1068 2143 1189 2179 quater
1213 2139 1399 2170 centesimo
1426 2138 1642 2178 nonagesimo

182 2190 312 2231 quinto,
336 2190 505 2221 Domitius
529 2190 728 2221 Caldcrinus
754 2191 970 2230 Veronensis,
996 2191 1028 2221 in
1055 2191 1086 2222 id
1112 2197 1185 2223 toto
1214 2197 1355 2232 pectore
1379 2191 1554 2223 incubuit:
1578 2190 1642 2221 Yii·

182 2243 316 2285 quidem
335 2244 488 2283 plurimae
507 2244 540 2273 in
563 2244 670 2273 literis
689 2243 876 2284 industriae,
898 2244 954 2284 qui
971 2253 1045 2275 cum
1065 2246 1179 2276 Romae
1196 2244 1430 2286 profiteretur,
1445 2249 1481 2276 et
1497 2244 1642 2275 obscura

182 2296 353 2328 duriorum
372 2296 549 2336 poetarum
567 2306 663 2327 sensa
680 2297 866 2327 reconditae,
890 2297 1043 2328 lectionis
1057 2297 1248 2329 admirabili
1262 2298 1455 2329 testimonio
1479 2296 1642 2328 dilucida-

183 2353 250 2390 ret,
273 2350 415 2381 literarii
439 2350 630 2390 splendoris
645 2355 804 2389 assertor,
819 2360 858 2382 ac
871 2352 978 2381 omnis
993 2351 1211 2383 obscuritatis
1225 2352 1424 2390 illustrator,
1435 2351 1640 2382 acclamatus

184 2407 250 2442 est,
276 2404 324 2434 uti
357 2403 484 2434 Paulus
507 2404 626 2435 Jovius
650 2404 683 2434 in
708 2404 781 2444 ejus
805 2404 926 2445 Elogio
952 2405 1125 2445 prodidit:
1151 2415 1214 2435 nec
1238 2405 1346 2435 minus
1369 2413 1449 2434 vere
1470 2401 1640 2433 Henricus

182 2456 373 2496 Stephanus
397 2456 550 2495 Epistola
573 2457 614 2487 ad
641 2457 848 2488 Ludovicum
873 2459 1139 2497 Castelvetrum‚
1160 2467 1232 2498 quae
1262 2455 1402 2496 praefixa
1425 2458 1477 2485 cst
1498 2453 1643 2484 editioni

185 2518 254 2539 suae
267 2508 342 2539 libri
357 2509 436 2541 Jani
454 2509 624 2541 Parrhasii
643 2511 684 2541 de
702 2512 799 2541 rebus
818 2520 879 2550 per
895 2512 1082 2551 Epistolam
1106 2509 1271 2550 qua—sitis,
1294 2511 1302 2525 ⁶
1319 2507 1413 2548 Age,'
1430 2507 1552 2548 inquit,
1578 2506 1640 2537 ‘tu

184 2560 388 2601 quicumque
406 2562 566 2592 Beroaldi
590 2569 648 2594 aut
674 2564 818 2594 Domitii
836 2564 964 2603 scripta
981 2572 1047 2593 non
1067 2563 1163 2592 unius
1180 2561 1272 2597 assis,
1290 2570 1359 2601 pra:
1383 2561 1422 2591 iis
1440 2569 1515 2601 quae
1540 2559 1649 2591 hodie‘

184 2613 344 2652 eduntur,
366 2614 565 2646 aest‘nnanda
589 2621 688 2655 putas
707 2629 715 2655 ;
734 2617 815 2658 quid
837 2617 907 2646 sine
932 2615 1111 2652 Brroaldo,
1135 2625 1173 2644 ac
1195 2614 1356 2653 Domitio,
1371 2613 1510 2654 aliisque
1527 2613 1644 2653 hujus·

184 2666 274 2697 modi
293 2667 469 2706 magistris,
489 2667 592 2698 scribi
619 2669 662 2699 ab
686 2679 801 2701 eorum
825 2669 970 2710 posteris
989 2669 1140 2709 potuisse
1157 2667 1330 2698 arbitraris
1343 2666 1364 2697 'r’
1409 2667 1532 2708 Neque
1549 2665 1638 2696 enim

185 2719 291 2751 solum
317 2719 488 2752 Domitius
514 2720 599 2752 hunc
626 2721 743 2754 Ovidii
765 2723 927 2763 libellum,
949 2721 1008 2754 sed
1031 2721 1133 2753 ctiam
1158 2720 1329 2753 Ciceronis
1351 2720 1531 2762 Epistolas,
1547 2720 1639 2751 Mar·
