1877 3193
550 186 703 217 Ei‘isr.
742 186 804 216 ux
841 186 1000 217 Pou'ro
1035 186 1131 218 mn.
1164 182 1240 218 ιιι.
1271 177 1314 217 6.
1547 177 1662 219 2665

206 275 297 317 Cur
316 282 477 328 tamen,
496 280 579 321 hoc
601 281 697 322 aliis
716 284 854 322 tutum
875 280 1171 330 credentibus,
1188 292 1318 330 unus,
1634 283 1663 322 5

262 344 504 398 Appellent
520 361 572 388 ne
595 352 635 388 te
657 350 850 389 carmina
870 352 1038 397 nostra,
1062 362 1187 400 rogas
1203 350 1222 389 ‘i

206 410 388 461 Quanta
405 415 462 456 sit
483 417 525 455 in
546 416 691 456 media
714 416 947 456 clementia
965 415 1155 455 Caesaris
1176 415 1256 464 ira,

261 479 333 520 Ex
353 495 439 531 me,
462 483 499 522 si
519 483 680 531 nescis,
700 482 856 522 certior
879 494 977 521 esse
998 485 1140 534 potes.

205 545 325 588 Huic
354 562 450 601 ego,
479 562 610 601 quam
630 549 792 601 patior,
815 548 873 587 nil
894 559 1076 599 possem
1097 547 1266 588 demere
1286 561 1449 601 poenae,

261 614 309 654 Si
331 615 471 668 judex
490 615 629 656 meriti
650 626 828 666 cogerer
846 626 945 653 esse
967 613 1065 654 mei.
1605 617 1660 656 10

205 678 310 720 Non
331 686 450 722 velat
470 682 543 721 ille
565 682 635 722 sui
658 693 904 734 quenquam
920 681 1174 722 meminisse
1195 683 1387 725 sodalis:

262 747 357 788 Nec
380 749 582 802 prohibet
602 749 680 790 tibi
701 761 769 787 me
790 748 996 797 scribere,
1017 751 1145 802 teque
1167 749 1286 791 mihi.

204 812 303 854 Nec
326 817 469 856 scelus
491 817 711 863 admittas,
733 816 770 855 si
787 815 1027 856 consoleris
1050 816 1257 866 amicum,

261 880 477 924 Mollibus
497 888 538 924 et
559 883 706 924 verbis
728 896 887 936 aspera
907 882 999 923 fata
1017 883 1154 926 leves.

203 946 304 997 Cur,
328 949 428 991 dum
450 955 539 992 tuta
561 952 700 1000 times,
721 950 834 990 facis
853 954 901 990 ut
918 951 1158 992 reverentia
1184 950 1288 992 talis
1608 951 1662 991 15

261 1015 361 1057 Fiat
378 1018 424 1058 in
446 1017 670 1071 Augustos
691 1018 914 1058 invidiosa
936 1017 1061 1058 Deos
1079 1019 1096 1059 'l

206 1081 418 1125 Fulminis
440 1086 614 1126 afflatos
634 1086 851 1126 interdum
873 1086 1021 1126 vivere
1045 1086 1144 1126 telis

261 1150 479 1203 Vidimus,
502 1159 545 1194 et
566 1155 703 1202 refici,
725 1167 811 1194 non
836 1154 1093 1206 prohibente
1114 1152 1243 1193 Jove.

203 1215 317 1266 Nec,
341 1212 442 1272 quia
469 1220 703 1273 Neptunus
724 1233 878 1260 navem
900 1221 1113 1260 lacerarat
1134 1218 1300 1268 Ulixis,

258 1284 504 1327 Leucothoe
522 1287 640 1326 nanti
661 1287 770 1326 serre
791 1286 969 1338 negavit
989 1298 1134 1338 opem.
1605 1285 1663 1326 20

195 1424 309 1462 parata
324 1420 421 1462 officio
436 1430 521 1453 meo.
568 1422 773 1457 Quamobrem
790 1427 904 1462 tamen,
925 1434 992 1454 cum
1009 1423 1104 1454 ceteri
1118 1422 1312 1454 arbitrentur
1326 1423 1410 1454 istud
1425 1432 1499 1454 esse
1513 1432 1666 1463 securum,

199 1465 280 1494 solus
294 1465 374 1503 petis
388 1474 425 1495 ue
438 1475 543 1495 verus
556 1466 654 1496 nostri
671 1469 700 1495 te
718 1466 872 1497 iudicent.
866 1465 880 1488 7
926 1467 1022 1496 Potes
1033 1475 1214 1504 cognoscere
1229 1476 1268 1496 ex
1285 1476 1342 1503 me,
1357 1466 1384 1495 si
1399 1466 1534 1504 ignoras,
1549 1470 1664 1505 quauta

198 1507 240 1537 sit
256 1507 370 1537 lenitas
387 1508 522 1537 Coesaris
536 1508 568 1536 in
584 1509 684 1537 media
701 1507 760 1538 ira.
806 1508 844 1538 Si
858 1517 986 1547 cogerer
999 1517 1061 1538 esse
1084 1507 1204 1537 arbiter
1220 1509 1279 1538 mei
1295 1507 1411 1545 meriti,
1431 1517 1487 1546 ego
1503 1507 1581 1537 nihil
1593 1517 1664 1547 pos·

199 1559 261 1580 sem
275 1549 440 1579 detrahere
464 1549 615 1589 supplicia
643 1550 720 1588 quod
746 1550 861 1589 patior.
906 1550 964 1580 Ille
988 1559 1049 1580 non
1070 1549 1210 1588 prohibet
1235 1559 1404 1589 quenquam
1431 1549 1588 1579 rec-milari
1614 1550 1664 1580 sui

198 1591 305 1629 amici,
323 1601 416 1631 neque
431 1595 514 1622 vetat
531 1602 577 1622 me
590 1591 648 1621 tibi
663 1602 711 1621 scr
715 1591 808 1629 ibere,
832 1595 920 1632 teque
935 1591 1023 1622 mihi.
1069 1591 1178 1631 Neque
1194 1591 1421 1632 patrat-erisflo
1406 1592 1539 1630 agitium
1553 1592 1581 1622 si
1595 1601 1665 1622 con·

200 1634 316 1664 solatus
334 1633 440 1671 fueris
462 1635 608 1672 sodalem,
634 1637 663 1664 et
691 1615 832 1665 univer-'is
859 1635 980 1665 crudele
999 1633 1107 1672 fatum
1134 1634 1254 1664 blandis
1268 1634 1399 1665 vocibus.
1448 1633 1666 1674 Quamobrem,

201 1678 272 1706 dum
288 1675 474 1713 reformidas
486 1686 553 1716 quoe
567 1681 639 1707 suut
655 1686 773 1713 sceui-u,
788 1676 875 1714 sacis
891 1680 923 1707 ut
939 1677 1012 1707 talis
1026 1676 1122 1706 timor
1137 1679 1167 1706 et
1183 1676 1446 1717 observantiufiat
1463 1677 1614 1706 insidiosa
1631 1677 1666 1707 in

202 1719 286 1749 Deos
299 1718 483 1757 Augustos?
528 1719 756 1758 Nonnunquam
770 1720 945 1759 aspeximus
960 1721 1060 1750 tactos
1074 1719 1144 1748 telis
1151 1717 1297 1756 fulminis
1312 1718 1470 1755 vitasrui,
1486 1723 1514 1748 et
1531 1719 1666 1749 recreari

199 1762 278 1793 Jote
302 1771 363 1792 nou
390 1760 539 1792 obstante.
585 1762 706 1802 Neque,
731 1761 804 1802 quia
831 1763 996 1802 Neptunus
1020 1761 1183 1800 disjecerat
1208 1771 1315 1792 navem
1337 1761 1467 1802 Ulyssis,
1491 1761 1664 1792 Leucothoe⁴

813 1854 1049 1867 ΝΝΜΝΝ

200 1910 349 1942 extremis
363 1910 429 1942 hoc.
432 1914 494 1942 —3
520 1912 698 1943 Feschian.
727 1917 762 1944 et
790 1916 934 1954 quatuor
959 1910 1016 1941 alii
1041 1911 1115 1950 quid
1140 1920 1200 1951 pro
1227 1910 1343 1950 quis.—
1307 1913 1369 1940 —S
1392 1909 1536 1941 Quidam
1555 1909 1663 1941 Codd.

200 1962 280 1983 uesc-
296 1953 436 1992 cognitor
452 1964 509 1985 ess.
513 1957 576 1984 —9
601 1955 666 1986 Ms.
684 1956 814 1986 Bersm.
832 1955 917 1984 Hinc
933 1963 980 1991 eg.
983 1956 1068 1983 —10
1093 1953 1222 1984 Novem
1239 1952 1436 1991 scripiijud.
1451 1951 1535 1990 sacti
1550 1963 1617 1991 coe.
1621 1970 1663 1975 -

203 1996 243 2024 12
267 1995 333 2025 Ms.
351 1996 482 2028 Bersm.
523 1997 587 2027 Nec
610 2001 701 2036 negat
729 1998 773 2028 ill.
802 2001 838 2027 et
864 2006 934 2036 seq.
964 2005 1012 2025 vs.
1048 1995 1121 2026 Non
1144 1994 1265 2035 prohib.
1269 1997 1352 2025 -13
1379 1995 1462 2024 Bers
1450 2004 1509 2025 sm.
1537 2000 1571 2025 et
1594 2000 1664 2026 tres

201 2035 256 2066 alii
272 2038 343 2068 scel.
358 2039 528 2075 admittes5
552 2043 587 2069 et
604 2049 653 2078 pr
674 2039 737 2070 Ed.
764 2039 918 2070 admittis.
963 2037 1051 2067 Tum
1069 2047 1128 2068 sex
1144 2037 1261 2076 scripti
1277 2047 1353 2067 cum
1372 2046 1423 2076 pr.
1442 2037 1503 2067 Ed.
1518 2037 1545 2067 si
1560 2047 1666 2068 conso-

202 2078 288 2109 laris.
290 2082 374 2110 —17
399 2079 439 2110 In
467 2081 625 2111 Francof.
653 2087 688 2112 et
712 2082 777 2113 alio
805 2081 932 2121 scripto
958 2079 1085 2119 legitur
1107 2080 1236 2121 afflictos
1270 2079 1350 2119 [pro
1377 2078 1538 2120 afflatos];
1572 2079 1663 2120 quod

201 2121 317 2152 nescio
334 2131 376 2152 an
393 2123 541 2154 rectius:
565 2133 641 2154 nam
659 2123 804 2162 afflatos,
820 2123 852 2155 id
872 2128 937 2162 est,
956 2122 1078 2153 leviter
1097 2128 1220 2161 tac-tm,
1245 2123 1356 2152 vivere
1381 2121 1461 2151 nihil
1479 2121 1577 2158 miri;
1603 2121 1664 2151 sed

201 2164 236 2193 in
253 2167 377 2195 terram
395 2165 425 2194 vi
444 2164 594 2196 fulminis
620 2173 822 2206 prostratos,
847 2167 952 2205 magis
976 2164 1177 2196 mirandum.
1202 2165 1314 2195 Buimm
1317 2166 1401 2194 -18
1428 2163 1521 2194 Leid.
1544 2164 1663 2203 prohib.

202 2205 280 2238 Deo.
283 2210 367 2238 —19
392 2208 430 2238 R.
447 2218 515 2238 nac.
531 2209 679 2240 laceraret
698 2210 736 2241 L.
753 2215 788 2241 et
802 2218 860 2240 sex
878 2207 997 2249 scripti
1013 2207 1171 2238 laceravit.
1181 2210 1257 2238 —21
1283 2207 1358 2237 Pol.
1377 2211 1412 2237 et
1427 2206 1493 2237 duo
1510 2207 1663 2237 aliinum.

860 2308 1000 2341 NOTAE

244 2385 262 2414 4
299 2382 449 2423 Querela]
484 2383 622 2424 Quippe
649 2389 786 2425 questus
814 2388 905 2415 esset
960 2382 1132 2414 bentillos
1148 2383 1205 2424 qui
1222 2382 1268 2414 ita
1294 2386 1371 2413 sunt
1398 2380 1550 2412 iracundi
1568 2384 1603 2411 et
1619 2381 1662 2413 ad

205 2432 449 2473 amicus‚qnod
475 2443 550 2464 sese
573 2443 614 2464 eo
641 2439 743 2474 pacto
759 2435 904 2465 amicum
959 2434 1144 2466 vindictam
1173 2435 1271 2475 proni
1299 2438 1335 2464 ut
1363 2434 1470 2464 nullas
1494 2437 1601 2463 metas
1627 2432 1663 2463 in

204 2491 275 2512 esse
308 2483 418 2522 palam
448 2482 611 2514 fecisset:
649 2484 739 2524 quod
767 2483 904 2525 plurimi
959 2485 1163 2518 ulciscendis
1182 2485 1324 2514 inimicis
1342 2487 1479 2523 ponant.

205 2536 348 2572 propter
376 2532 523 2574 Augusti
557 2532 776 2566 offensionem
814 2535 904 2566 nole·
1003 2538 1042 2566 19
1068 2534 1249 2573 Lacerarat]
1273 2535 1465 2573 Propterea
1483 2532 1571 2572 quod
1596 2533 1663 2565 Po-

204 2581 297 2613 bant.
959 2586 1151 2626 lypliemum
1166 2583 1270 2613 lilium
1287 2586 1534 2613 occaecaverat.

249 2635 287 2662 15
315 2630 414 2670 Talis]
437 2631 523 2663 Qum
547 2631 631 2664 facit
648 2638 743 2665 utne
759 2633 904 2665 amicum
1001 2636 1042 2664 20
1079 2632 1265 2672 Leucothee]
1308 2631 1468 2671 Nympha
1493 2631 1604 2675 maris,
1628 2632 1662 2667 in

205 2681 342 2724 quidem
360 2685 393 2712 te
409 2681 488 2712 mihi
505 2691 578 2712 esse
595 2683 677 2713 velis
694 2683 849 2724 intelligi.
960 2693 1059 2726 quam
1074 2688 1204 2719 mutata
1220 2683 1282 2716 Ino
1298 2681 1419 2714 Cadmi
1434 2680 1513 2716 filia.

250 2734 289 2765 10
314 2730 486 2772 Invidiosa]
514 2730 653 2774 Omnes,
668 2733 742 2766 scil.
758 2733 835 2766 odio
851 2734 907 2765 ha-
