<?xml version="1.0" encoding="UTF-8"?>
<!DOCTYPE html PUBLIC "-//W3C//DTD XHTML 1.0 Transitional//EN"
    "http://www.w3.org/TR/xhtml1/DTD/xhtml1-transitional.dtd">
<html xmlns="http://www.w3.org/1999/xhtml" xml:lang="en" lang="en">
 <head>
  <title>
</title>
<meta http-equiv="Content-Type" content="text/html;charset=utf-8" />
  <meta name='ocr-system' content='tesseract 3.04.00' />
  <meta name='ocr-capabilities' content='ocr_page ocr_carea ocr_par ocr_line ocrx_word'/>
</head>
<body>
  <div class='ocr_page' id='page_1' title='image "./operaomniaexedit05oviduoft/operaomniaexedit05oviduoft_0273.png"; bbox 0 0 1877 3193; ppageno 0'>
   <div class='ocr_carea' id='block_1_1' title="bbox 611 149 1609 193">
    <p class='ocr_par' dir='ltr' id='par_1_1' title="bbox 611 149 1609 193">
     <span class='ocr_line' id='line_1_1' title="bbox 611 149 1609 193; baseline 0.006 -6"><span class='ocrx_word' id='word_1_1' title='bbox 611 159 853 190; x_wconf 71' lang='lat' dir='ltr'>TRIS&#39;HUM</span> <span class='ocrx_word' id='word_1_2' title='bbox 888 159 983 190; x_wconf 70' lang='lat' dir='ltr'><strong>mis.</strong></span> <span class='ocrx_word' id='word_1_3' title='bbox 1018 160 1060 189; x_wconf 86' lang='grc' dir='ltr'><strong>ν.</strong></span> <span class='ocrx_word' id='word_1_4' title='bbox 1093 149 1163 190; x_wconf 77' lang='grc'><strong>11.</strong></span> <span class='ocrx_word' id='word_1_5' title='bbox 1496 152 1609 193; x_wconf 71' lang='lat'>2477</span> 
     </span>
    </p>
   </div>
   <div class='ocr_carea' id='block_1_2' title="bbox 158 250 1612 505">
    <p class='ocr_par' dir='ltr' id='par_1_2' title="bbox 158 250 1612 505">
     <span class='ocr_line' id='line_1_2' title="bbox 158 250 1381 307; baseline -0.001 -13"><span class='ocrx_word' id='word_1_6' title='bbox 158 250 357 307; x_wconf 81' lang='lat' dir='ltr'><strong>Utraque</strong></span> <span class='ocrx_word' id='word_1_7' title='bbox 377 264 513 306; x_wconf 83' lang='lat' dir='ltr'><strong>poena</strong></span> <span class='ocrx_word' id='word_1_8' title='bbox 533 252 678 305; x_wconf 85' lang='lat' dir='ltr'><strong>gravis</strong></span> <span class='ocrx_word' id='word_1_9' title='bbox 695 266 704 293; x_wconf 91' lang='lat'>:</span> <span class='ocrx_word' id='word_1_10' title='bbox 734 254 870 294; x_wconf 86' lang='lat' dir='ltr'><strong>merui</strong></span> <span class='ocrx_word' id='word_1_11' title='bbox 898 258 1045 295; x_wconf 79' lang='lat' dir='ltr'><strong>tamen</strong></span> <span class='ocrx_word' id='word_1_12' title='bbox 1065 252 1187 294; x_wconf 85' lang='lat' dir='ltr'><strong>Urbe</strong></span> <span class='ocrx_word' id='word_1_13' title='bbox 1209 255 1381 305; x_wconf 82' lang='lat' dir='ltr'><strong>carere3</strong></span> 
     </span>
     <span class='ocr_line' id='line_1_3' title="bbox 215 318 1612 364; baseline 0.003 -4"><span class='ocrx_word' id='word_1_14' title='bbox 215 318 320 360; x_wconf 88' lang='lat' dir='ltr'><strong>Non</strong></span> <span class='ocrx_word' id='word_1_15' title='bbox 335 320 469 360; x_wconf 88' lang='lat' dir='ltr'><strong>merui</strong></span> <span class='ocrx_word' id='word_1_16' title='bbox 488 319 565 360; x_wconf 79' lang='lat' dir='ltr'><strong>tali</strong></span> <span class='ocrx_word' id='word_1_17' title='bbox 584 318 764 359; x_wconf 82' lang='lat' dir='ltr'><strong>forsitan</strong></span> <span class='ocrx_word' id='word_1_18' title='bbox 783 333 881 360; x_wconf 87' lang='lat' dir='ltr'><strong>esse</strong></span> <span class='ocrx_word' id='word_1_19' title='bbox 902 321 1019 361; x_wconf 85' lang='lat' dir='ltr'><strong>loco.</strong></span> <span class='ocrx_word' id='word_1_20' title='bbox 1555 323 1612 364; x_wconf 83' lang='lat'><strong>50</strong></span> 
     </span>
     <span class='ocr_line' id='line_1_4' title="bbox 160 384 1500 441; baseline 0.001 -14"><span class='ocrx_word' id='word_1_21' title='bbox 160 384 282 437; x_wconf 86' lang='lat' dir='ltr'><strong>Quid</strong></span> <span class='ocrx_word' id='word_1_22' title='bbox 301 387 461 440; x_wconf 89' lang='lat' dir='ltr'><strong>loquor</strong></span> <span class='ocrx_word' id='word_1_23' title='bbox 481 385 537 426; x_wconf 83' lang='lat' dir='ltr'><strong>ah</strong></span> <span class='ocrx_word' id='word_1_24' title='bbox 558 385 735 427; x_wconf 86' lang='lat' dir='ltr'><strong>demens</strong></span> <span class='ocrx_word' id='word_1_25' title='bbox 753 389 770 427; x_wconf 66' lang='lat' dir='ltr'><strong>‘i</strong></span> <span class='ocrx_word' id='word_1_26' title='bbox 802 389 946 440; x_wconf 84' lang='lat' dir='ltr'>ipsam</span> <span class='ocrx_word' id='word_1_27' title='bbox 968 399 1140 440; x_wconf 88' lang='lat' dir='ltr'><strong>quoque</strong></span> <span class='ocrx_word' id='word_1_28' title='bbox 1159 386 1342 441; x_wconf 84' lang='lat' dir='ltr'><strong>perdere</strong></span> <span class='ocrx_word' id='word_1_29' title='bbox 1361 386 1500 428; x_wconf 85' lang='lat' dir='ltr'><strong>vitam</strong></span> 
     </span>
     <span class='ocr_line' id='line_1_5' title="bbox 216 452 1124 505; baseline 0 -11"><span class='ocrx_word' id='word_1_30' title='bbox 216 453 407 495; x_wconf 86' lang='lat' dir='ltr'><strong>Caesaris</strong></span> <span class='ocrx_word' id='word_1_31' title='bbox 428 452 596 494; x_wconf 82' lang='lat' dir='ltr'><strong>offenso</strong></span> <span class='ocrx_word' id='word_1_32' title='bbox 615 455 790 494; x_wconf 88' lang='lat' dir='ltr'><strong>numine</strong></span> <span class='ocrx_word' id='word_1_33' title='bbox 814 454 970 505; x_wconf 85' lang='lat' dir='ltr'><strong>dignus</strong></span> <span class='ocrx_word' id='word_1_34' title='bbox 993 466 1124 495; x_wconf 82' lang='lat' dir='ltr'><strong>eram.</strong></span> 
     </span>
    </p>
   </div>
   <div class='ocr_carea' id='block_1_3' title="bbox 149 576 1614 694">
    <p class='ocr_par' dir='ltr' id='par_1_3' title="bbox 149 576 1614 694">
     <span class='ocr_line' id='line_1_6' title="bbox 158 576 1614 617; baseline 0.001 -8"><span class='ocrx_word' id='word_1_35' title='bbox 158 583 242 609; x_wconf 81' lang='lat' dir='ltr'><strong>terra</strong></span> <span class='ocrx_word' id='word_1_36' title='bbox 268 576 424 617; x_wconf 77' lang='lat' dir='ltr'><strong>Scythica,</strong></span> <span class='ocrx_word' id='word_1_37' title='bbox 449 579 612 616; x_wconf 80' lang='lat' dir='ltr'><strong>utrumque</strong></span> <span class='ocrx_word' id='word_1_38' title='bbox 635 576 817 616; x_wconf 79' lang='lat' dir='ltr'><strong>supplicium</strong></span> <span class='ocrx_word' id='word_1_39' title='bbox 843 579 888 607; x_wconf 79' lang='lat' dir='ltr'><strong>est</strong></span> <span class='ocrx_word' id='word_1_40' title='bbox 912 577 1033 608; x_wconf 84' lang='lat' dir='ltr'><strong>durum.</strong></span> <span class='ocrx_word' id='word_1_41' title='bbox 1077 576 1207 616; x_wconf 79' lang='lat' dir='ltr'><em>Dignus</em></span> <span class='ocrx_word' id='word_1_42' title='bbox 1229 579 1332 608; x_wconf 79' lang='lat' dir='ltr'><strong>tamen</strong></span> <span class='ocrx_word' id='word_1_43' title='bbox 1359 578 1442 609; x_wconf 85' lang='lat' dir='ltr'><strong>Urbe</strong></span> <span class='ocrx_word' id='word_1_44' title='bbox 1464 580 1614 617; x_wconf 81' lang='lat' dir='ltr'><strong>exulare;</strong></span> 
     </span>
     <span class='ocr_line' id='line_1_7' title="bbox 149 619 1613 660; baseline 0.001 -9"><span class='ocrx_word' id='word_1_45' title='bbox 149 620 236 658; x_wconf 81' lang='lat' dir='ltr'><strong>forte</strong></span> <span class='ocrx_word' id='word_1_46' title='bbox 250 630 308 650; x_wconf 82' lang='lat' dir='ltr'><strong>non</strong></span> <span class='ocrx_word' id='word_1_47' title='bbox 321 629 388 650; x_wconf 84' lang='lat' dir='ltr'><strong>sum</strong></span> <span class='ocrx_word' id='word_1_48' title='bbox 401 619 515 657; x_wconf 83' lang='lat' dir='ltr'><strong>dignus</strong></span> <span class='ocrx_word' id='word_1_49' title='bbox 532 628 596 649; x_wconf 81' lang='lat' dir='ltr'><em>esse</em></span> <span class='ocrx_word' id='word_1_50' title='bbox 610 619 643 649; x_wconf 84' lang='lat' dir='ltr'><strong>in</strong></span> <span class='ocrx_word' id='word_1_51' title='bbox 658 619 805 657; x_wconf 80' lang='lat' dir='ltr'><strong>ejusmodi</strong></span> <span class='ocrx_word' id='word_1_52' title='bbox 820 619 894 650; x_wconf 83' lang='lat' dir='ltr'><strong>loco.</strong></span> <span class='ocrx_word' id='word_1_53' title='bbox 941 620 1026 655; x_wconf 75' lang='lat' dir='ltr'><strong>Quid</strong></span> <span class='ocrx_word' id='word_1_54' title='bbox 1047 619 1108 660; x_wconf 79' lang='lat' dir='ltr'><strong>aio,</strong></span> <span class='ocrx_word' id='word_1_55' title='bbox 1130 619 1169 650; x_wconf 83' lang='lat' dir='ltr'><strong>ah</strong></span> <span class='ocrx_word' id='word_1_56' title='bbox 1193 619 1343 653; x_wconf 80' lang='lat' dir='ltr'><strong>insanus?</strong></span> <span class='ocrx_word' id='word_1_57' title='bbox 1388 622 1495 652; x_wconf 81' lang='lat' dir='ltr'><strong>Merui</strong></span> <span class='ocrx_word' id='word_1_58' title='bbox 1517 623 1613 654; x_wconf 77' lang='lat' dir='ltr'><strong>etiam</strong></span> 
     </span>
     <span class='ocr_line' id='line_1_8' title="bbox 158 661 798 694; baseline -0.002 0"><span class='ocrx_word' id='word_1_59' title='bbox 158 664 300 694; x_wconf 79' lang='lat' dir='ltr'><strong>amittere</strong></span> <span class='ocrx_word' id='word_1_60' title='bbox 314 662 410 693; x_wconf 78' lang='lat' dir='ltr'><strong>vitam</strong></span> <span class='ocrx_word' id='word_1_61' title='bbox 425 661 548 692; x_wconf 80' lang='lat' dir='ltr'><strong>numine</strong></span> <span class='ocrx_word' id='word_1_62' title='bbox 566 662 701 692; x_wconf 81' lang='lat' dir='ltr'><strong>Caesarz&#39;s</strong></span> <span class='ocrx_word' id='word_1_63' title='bbox 716 663 798 694; x_wconf 80' lang='lat' dir='ltr'><strong>laeso.</strong></span> 
     </span>
    </p>
   </div>
   <div class='ocr_carea' id='block_1_4' title="bbox 764 746 999 758">
    <p class='ocr_par' dir='ltr' id='par_1_4' title="bbox 764 746 999 758">
     <span class='ocr_line' id='line_1_9' title="bbox 764 746 999 758; baseline -0.004 0"><span class='ocrx_word' id='word_1_64' title='bbox 764 746 999 758; x_wconf 55' lang='lat' dir='ltr'><strong>eeeeeeeeeeee</strong></span> 
     </span>
    </p>
   </div>
   <div class='ocr_carea' id='block_1_5' title="bbox 154 798 1615 970">
    <p class='ocr_par' dir='ltr' id='par_1_5' title="bbox 154 798 1615 970">
     <span class='ocr_line' id='line_1_10' title="bbox 154 798 1615 846; baseline 0.003 -14"><span class='ocrx_word' id='word_1_65' title='bbox 154 801 225 842; x_wconf 87' lang='lat' dir='ltr'><strong>(vel</strong></span> <span class='ocrx_word' id='word_1_66' title='bbox 242 798 413 841; x_wconf 79' lang='lat' dir='ltr'><strong><em>Scythicis)</em></strong></span> <span class='ocrx_word' id='word_1_67' title='bbox 426 800 547 842; x_wconf 81' lang='lat' dir='ltr'><strong>finibus</strong></span> <span class='ocrx_word' id='word_1_68' title='bbox 573 800 670 831; x_wconf 87' lang='lat' dir='ltr'><strong>Leid.</strong></span> <span class='ocrx_word' id='word_1_69' title='bbox 692 799 795 839; x_wconf 85' lang='lat' dir='ltr'><strong>forte,</strong></span> <span class='ocrx_word' id='word_1_70' title='bbox 821 811 913 839; x_wconf 80' lang='lat' dir='ltr'><strong>cogor</strong></span> <span class='ocrx_word' id='word_1_71' title='bbox 938 804 966 832; x_wconf 79' lang='lat' dir='ltr'><strong>et</strong></span> <span class='ocrx_word' id='word_1_72' title='bbox 993 801 1027 831; x_wconf 83' lang='lat' dir='ltr'><strong>in</strong></span> <span class='ocrx_word' id='word_1_73' title='bbox 1053 800 1208 841; x_wconf 81' lang='lat' dir='ltr'><strong><em>Scythicis</em></strong></span> <span class='ocrx_word' id='word_1_74' title='bbox 1228 801 1370 843; x_wconf 78' lang='lat' dir='ltr'><strong>partibus</strong></span> <span class='ocrx_word' id='word_1_75' title='bbox 1392 801 1463 845; x_wconf 89' lang='lat' dir='ltr'><strong>(vel</strong></span> <span class='ocrx_word' id='word_1_76' title='bbox 1476 803 1615 846; x_wconf 80' lang='lat' dir='ltr'><strong>finibus)</strong></span> 
     </span>
     <span class='ocr_line' id='line_1_11' title="bbox 156 842 1122 885; baseline -0.001 -10"><span class='ocrx_word' id='word_1_77' title='bbox 156 853 229 885; x_wconf 78' lang='lat' dir='ltr'><strong>esse,</strong></span> <span class='ocrx_word' id='word_1_78' title='bbox 250 853 368 884; x_wconf 79' lang='lat' dir='ltr'><strong>queror.</strong></span> <span class='ocrx_word' id='word_1_79' title='bbox 389 844 592 874; x_wconf 86' lang='lat' dir='ltr'><strong>Burm.-51</strong></span> <span class='ocrx_word' id='word_1_80' title='bbox 617 842 693 874; x_wconf 89' lang='lat' dir='ltr'><strong>Duo</strong></span> <span class='ocrx_word' id='word_1_81' title='bbox 710 844 827 884; x_wconf 82' lang='lat' dir='ltr'><strong>scripti</strong></span> <span class='ocrx_word' id='word_1_82' title='bbox 846 844 930 879; x_wconf 77' lang='lat' dir='ltr'><strong>Quid</strong></span> <span class='ocrx_word' id='word_1_83' title='bbox 947 853 1057 884; x_wconf 81' lang='lat' dir='ltr'><strong>queror</strong></span> <span class='ocrx_word' id='word_1_84' title='bbox 1071 844 1122 874; x_wconf 83' lang='lat' dir='ltr'><strong>ah.</strong></span> 
     </span>
     <span class='ocr_line' id='line_1_12' title="bbox 813 939 952 970; baseline -0.007 0"><span class='ocrx_word' id='word_1_85' title='bbox 813 939 952 970; x_wconf 80' lang='lat' dir='ltr'><strong>NOTAE</strong></span> 
     </span>
    </p>
   </div>
   <div class='ocr_carea' id='block_1_6' title="bbox 155 1014 1613 1206">
    <p class='ocr_par' dir='ltr' id='par_1_6' title="bbox 155 1014 1613 1206">
     <span class='ocr_line' id='line_1_13' title="bbox 199 1014 1612 1056; baseline 0 -10"><span class='ocrx_word' id='word_1_86' title='bbox 199 1017 241 1046; x_wconf 85' lang='grc'><strong>49</strong></span> <span class='ocrx_word' id='word_1_87' title='bbox 268 1014 422 1055; x_wconf 76' lang='lat' dir='ltr'><strong>Utraque]</strong></span> <span class='ocrx_word' id='word_1_88' title='bbox 455 1014 534 1045; x_wconf 90' lang='lat' dir='ltr'><strong>Non</strong></span> <span class='ocrx_word' id='word_1_89' title='bbox 560 1014 626 1045; x_wconf 83' lang='lat' dir='ltr'><strong>illae</strong></span> <span class='ocrx_word' id='word_1_90' title='bbox 651 1024 734 1056; x_wconf 90' lang='lat' dir='ltr'><strong>quas</strong></span> <span class='ocrx_word' id='word_1_91' title='bbox 761 1024 858 1055; x_wconf 86' lang='lat' dir='ltr'><strong>supe·</strong></span> <span class='ocrx_word' id='word_1_92' title='bbox 956 1018 996 1045; x_wconf 90' lang='grc'><strong>50</strong></span> <span class='ocrx_word' id='word_1_93' title='bbox 1021 1015 1182 1055; x_wconf 80' lang='lat' dir='ltr'><strong>Forsitan]</strong></span> <span class='ocrx_word' id='word_1_94' title='bbox 1215 1014 1302 1046; x_wconf 83' lang='lat' dir='ltr'><strong>Haec</strong></span> <span class='ocrx_word' id='word_1_95' title='bbox 1324 1024 1389 1046; x_wconf 84' lang='lat' dir='ltr'><strong>vox</strong></span> <span class='ocrx_word' id='word_1_96' title='bbox 1415 1014 1545 1055; x_wconf 84' lang='lat' dir='ltr'><strong>addita,</strong></span> <span class='ocrx_word' id='word_1_97' title='bbox 1569 1025 1612 1046; x_wconf 81' lang='lat' dir='ltr'><strong>ne</strong></span> 
     </span>
     <span class='ocr_line' id='line_1_14' title="bbox 157 1064 1613 1106; baseline 0.001 -11"><span class='ocrx_word' id='word_1_98' title='bbox 157 1064 225 1095; x_wconf 89' lang='lat' dir='ltr'><strong>rius</strong></span> <span class='ocrx_word' id='word_1_99' title='bbox 263 1064 421 1095; x_wconf 88' lang='lat' dir='ltr'>obtrudit</span> <span class='ocrx_word' id='word_1_100' title='bbox 460 1064 648 1102; x_wconf 84' lang='lat' dir='ltr'><strong>disticl10u3</strong></span> <span class='ocrx_word' id='word_1_101' title='bbox 685 1065 742 1095; x_wconf 87' lang='lat' dir='ltr'><strong>sed</strong></span> <span class='ocrx_word' id='word_1_102' title='bbox 781 1066 859 1106; x_wconf 86' lang='lat' dir='ltr'><strong>quia</strong></span> <span class='ocrx_word' id='word_1_103' title='bbox 913 1065 1095 1105; x_wconf 60' lang='lat' dir='ltr'><strong>Caesarem,</strong></span> <span class='ocrx_word' id='word_1_104' title='bbox 1123 1065 1278 1095; x_wconf 82' lang='lat' dir='ltr'><strong>absolute</strong></span> <span class='ocrx_word' id='word_1_105' title='bbox 1307 1065 1491 1105; x_wconf 76' lang='lat' dir='ltr'><strong>loquendo,</strong></span> <span class='ocrx_word' id='word_1_106' title='bbox 1520 1065 1613 1096; x_wconf 88' lang='lat' dir='ltr'>Naso</span> 
     </span>
     <span class='ocr_line' id='line_1_15' title="bbox 155 1113 1569 1157; baseline 0.001 -12"><span class='ocrx_word' id='word_1_107' title='bbox 155 1124 253 1154; x_wconf 75' lang='lat' dir='ltr'><em>grave</em></span> <span class='ocrx_word' id='word_1_108' title='bbox 277 1115 362 1145; x_wconf 80' lang='lat' dir='ltr'><strong>sidus</strong></span> <span class='ocrx_word' id='word_1_109' title='bbox 384 1119 486 1154; x_wconf 86' lang='lat' dir='ltr'><strong>atque</strong></span> <span class='ocrx_word' id='word_1_110' title='bbox 510 1116 602 1153; x_wconf 75' lang='lat' dir='ltr'><strong>langa</strong></span> <span class='ocrx_word' id='word_1_111' title='bbox 617 1114 703 1146; x_wconf 78' lang='lat' dir='ltr'><strong>vita.-</strong></span> <span class='ocrx_word' id='word_1_112' title='bbox 728 1125 770 1146; x_wconf 84' lang='lat' dir='ltr'><strong>ex</strong></span> <span class='ocrx_word' id='word_1_113' title='bbox 788 1115 860 1157; x_wconf 89' lang='lat' dir='ltr'><strong>qui-</strong></span> <span class='ocrx_word' id='word_1_114' title='bbox 912 1115 1069 1155; x_wconf 82' lang='lat' dir='ltr'><strong>laederet,</strong></span> <span class='ocrx_word' id='word_1_115' title='bbox 1088 1119 1146 1146; x_wconf 89' lang='lat' dir='ltr'><strong>aut</strong></span> <span class='ocrx_word' id='word_1_116' title='bbox 1162 1113 1339 1154; x_wconf 86' lang='lat' dir='ltr'><strong>injustitiae</strong></span> <span class='ocrx_word' id='word_1_117' title='bbox 1356 1119 1569 1154; x_wconf 79' lang='lat' dir='ltr'><strong>coargueret.</strong></span> 
     </span>
     <span class='ocr_line' id='line_1_16' title="bbox 159 1164 772 1206; baseline 0.002 -10"><span class='ocrx_word' id='word_1_118' title='bbox 159 1165 220 1197; x_wconf 85' lang='lat' dir='ltr'><strong>bus</strong></span> <span class='ocrx_word' id='word_1_119' title='bbox 241 1164 372 1196; x_wconf 86' lang='lat' dir='ltr'><strong>duobus</strong></span> <span class='ocrx_word' id='word_1_120' title='bbox 386 1164 553 1196; x_wconf 86' lang='lat' dir='ltr'><strong>Lachesin</strong></span> <span class='ocrx_word' id='word_1_121' title='bbox 570 1165 772 1206; x_wconf 83' lang='lat' dir='ltr'><strong>increpavit.</strong></span> 
     </span>
    </p>
   </div>
   <div class='ocr_carea' id='block_1_7' title="bbox 643 1561 1122 1610">
    <p class='ocr_par' dir='ltr' id='par_1_7' title="bbox 643 1561 1122 1610">
     <span class='ocr_line' id='line_1_17' title="bbox 643 1561 1122 1610; baseline -0.004 0"><span class='ocrx_word' id='word_1_122' title='bbox 643 1561 962 1610; x_wconf 90' lang='lat' dir='ltr'><strong>ELEGIA</strong></span> <span class='ocrx_word' id='word_1_123' title='bbox 1018 1561 1122 1609; x_wconf 87' lang='lat' dir='ltr'><strong>XI.</strong></span> 
     </span>
    </p>
   </div>
   <div class='ocr_carea' id='block_1_8' title="bbox 705 1713 1062 1746">
    <p class='ocr_par' dir='ltr' id='par_1_8' title="bbox 705 1713 1062 1746">
     <span class='ocr_line' id='line_1_18' title="bbox 705 1713 1062 1746; baseline 0.003 -1"><span class='ocrx_word' id='word_1_124' title='bbox 705 1713 1062 1746; x_wconf 82' lang='lat' dir='ltr'><strong>ARGUMENTUM.</strong></span> 
     </span>
    </p>
   </div>
   <div class='ocr_carea' id='block_1_9' title="bbox 158 1819 1612 1965">
    <p class='ocr_par' dir='ltr' id='par_1_9' title="bbox 158 1819 1612 1965">
     <span class='ocr_line' id='line_1_19' title="bbox 158 1819 1612 1861; baseline -0.001 -8"><span class='ocrx_word' id='word_1_125' title='bbox 158 1822 282 1853; x_wconf 64' lang='lat' dir='ltr'><strong>Domrr</strong></span> <span class='ocrx_word' id='word_1_126' title='bbox 296 1819 405 1853; x_wconf 81' lang='lat' dir='ltr'><strong>Po&#39;e&#39;ta</strong></span> <span class='ocrx_word' id='word_1_127' title='bbox 420 1829 558 1851; x_wconf 85' lang='lat' dir='ltr'><strong>uxorem</strong></span> <span class='ocrx_word' id='word_1_128' title='bbox 575 1819 616 1850; x_wconf 89' lang='lat' dir='ltr'><strong>ab</strong></span> <span class='ocrx_word' id='word_1_129' title='bbox 633 1819 903 1861; x_wconf 84' lang='lat' dir='ltr'><strong>inimicojurgiis</strong></span> <span class='ocrx_word' id='word_1_130' title='bbox 918 1821 1125 1860; x_wconf 81' lang='lat' dir='ltr'><strong>lacessitam,</strong></span> <span class='ocrx_word' id='word_1_131' title='bbox 1144 1820 1321 1861; x_wconf 79' lang='lat' dir='ltr'><strong>exulisque</strong></span> <span class='ocrx_word' id='word_1_132' title='bbox 1335 1829 1474 1852; x_wconf 82' lang='lat' dir='ltr'><strong>uxorem</strong></span> <span class='ocrx_word' id='word_1_133' title='bbox 1498 1821 1612 1861; x_wconf 85' lang='lat' dir='ltr'><strong>appel-</strong></span> 
     </span>
     <span class='ocr_line' id='line_1_20' title="bbox 199 1872 1612 1914; baseline -0.001 -9"><span class='ocrx_word' id='word_1_134' title='bbox 199 1875 314 1905; x_wconf 87' lang='lat' dir='ltr'><strong>latam.</strong></span> <span class='ocrx_word' id='word_1_135' title='bbox 359 1874 508 1913; x_wconf 82' lang='lat' dir='ltr'><strong>Eamque</strong></span> <span class='ocrx_word' id='word_1_136' title='bbox 531 1872 686 1903; x_wconf 81' lang='lat' dir='ltr'><strong>hortatur</strong></span> <span class='ocrx_word' id='word_1_137' title='bbox 711 1877 747 1903; x_wconf 91' lang='lat' dir='ltr'><strong>ut</strong></span> <span class='ocrx_word' id='word_1_138' title='bbox 764 1873 878 1903; x_wconf 86' lang='lat' dir='ltr'><strong>omnia</strong></span> <span class='ocrx_word' id='word_1_139' title='bbox 899 1873 1072 1912; x_wconf 87' lang='lat' dir='ltr'><strong>patiatur;</strong></span> <span class='ocrx_word' id='word_1_140' title='bbox 1095 1873 1373 1914; x_wconf 84' lang='lat' dir='ltr'><strong>quandoquidem</strong></span> <span class='ocrx_word' id='word_1_141' title='bbox 1389 1873 1558 1914; x_wconf 78' lang='lat' dir='ltr'><strong>Augustus</strong></span> <span class='ocrx_word' id='word_1_142' title='bbox 1576 1883 1612 1904; x_wconf 87' lang='lat' dir='ltr'><strong>se</strong></span> 
     </span>
     <span class='ocr_line' id='line_1_21' title="bbox 198 1925 935 1965; baseline -0.004 -6"><span class='ocrx_word' id='word_1_143' title='bbox 198 1937 265 1959; x_wconf 87' lang='lat' dir='ltr'><strong>non</strong></span> <span class='ocrx_word' id='word_1_144' title='bbox 282 1926 428 1964; x_wconf 76' lang='lat' dir='ltr'><strong>exulem,</strong></span> <span class='ocrx_word' id='word_1_145' title='bbox 446 1925 505 1956; x_wconf 83' lang='lat' dir='ltr'><strong>sed</strong></span> <span class='ocrx_word' id='word_1_146' title='bbox 523 1925 724 1965; x_wconf 79' lang='lat' dir='ltr'><strong>relegatum,</strong></span> <span class='ocrx_word' id='word_1_147' title='bbox 736 1926 935 1956; x_wconf 86' lang='lat' dir='ltr'><strong>nominavit.</strong></span> 
     </span>
    </p>
   </div>
   <div class='ocr_carea' id='block_1_10' title="bbox 157 2036 1327 2308">
    <p class='ocr_par' dir='ltr' id='par_1_10' title="bbox 160 2036 1227 2174">
     <span class='ocr_line' id='line_1_22' title="bbox 160 2036 1227 2107; baseline -0.001 -12"><span class='ocrx_word' id='word_1_148' title='bbox 160 2036 323 2096; x_wconf 77' lang='lat' dir='ltr'><strong>QUOD</strong></span> <span class='ocrx_word' id='word_1_149' title='bbox 345 2060 385 2095; x_wconf 76' lang='lat' dir='ltr'><strong>te</strong></span> <span class='ocrx_word' id='word_1_150' title='bbox 406 2055 553 2095; x_wconf 83' lang='lat' dir='ltr'><strong>nescio</strong></span> <span class='ocrx_word' id='word_1_151' title='bbox 570 2055 667 2107; x_wconf 84' lang='lat' dir='ltr'><strong>quis</strong></span> <span class='ocrx_word' id='word_1_152' title='bbox 690 2067 766 2107; x_wconf 83' lang='lat' dir='ltr'><strong>per</strong></span> <span class='ocrx_word' id='word_1_153' title='bbox 781 2053 930 2107; x_wconf 79' lang='lat' dir='ltr'><strong>jurgia</strong></span> <span class='ocrx_word' id='word_1_154' title='bbox 951 2052 1111 2094; x_wconf 78' lang='lat' dir='ltr'><strong>dixerit</strong></span> <span class='ocrx_word' id='word_1_155' title='bbox 1130 2066 1227 2094; x_wconf 82' lang='lat' dir='ltr'><strong>csse</strong></span> 
     </span>
     <span class='ocr_line' id='line_1_23' title="bbox 214 2121 1113 2174; baseline 0 -13"><span class='ocrx_word' id='word_1_156' title='bbox 214 2121 373 2162; x_wconf 82' lang='lat' dir='ltr'><strong>Exulis</strong></span> <span class='ocrx_word' id='word_1_157' title='bbox 396 2135 592 2170; x_wconf 82' lang='lat' dir='ltr'><strong>uxorem,</strong></span> <span class='ocrx_word' id='word_1_158' title='bbox 613 2122 738 2162; x_wconf 79' lang='lat' dir='ltr'><strong>litera</strong></span> <span class='ocrx_word' id='word_1_159' title='bbox 759 2127 914 2174; x_wconf 78' lang='lat' dir='ltr'><strong>questa</strong></span> <span class='ocrx_word' id='word_1_160' title='bbox 936 2124 1011 2161; x_wconf 80' lang='lat' dir='ltr'><strong>tua</strong></span> <span class='ocrx_word' id='word_1_161' title='bbox 1031 2123 1113 2161; x_wconf 86' lang='lat' dir='ltr'><strong>est.</strong></span> 
     </span>
    </p>

    <p class='ocr_par' dir='ltr' id='par_1_11' title="bbox 157 2186 1327 2308">
     <span class='ocr_line' id='line_1_24' title="bbox 157 2186 1327 2240; baseline -0.002 -12"><span class='ocrx_word' id='word_1_162' title='bbox 157 2187 333 2229; x_wconf 88' lang='lat' dir='ltr'><strong>Indolui</strong></span> <span class='ocrx_word' id='word_1_163' title='bbox 351 2203 361 2239; x_wconf 91' lang='grc'><strong>;</strong></span> <span class='ocrx_word' id='word_1_164' title='bbox 394 2202 478 2228; x_wconf 90' lang='lat' dir='ltr'><strong>non</strong></span> <span class='ocrx_word' id='word_1_165' title='bbox 497 2193 582 2228; x_wconf 85' lang='lat' dir='ltr'><strong>tam</strong></span> <span class='ocrx_word' id='word_1_166' title='bbox 605 2201 702 2227; x_wconf 82' lang='lat' dir='ltr'><strong>mea</strong></span> <span class='ocrx_word' id='word_1_167' title='bbox 723 2187 841 2240; x_wconf 87' lang='lat' dir='ltr'><strong>quod</strong></span> <span class='ocrx_word' id='word_1_168' title='bbox 863 2188 1034 2227; x_wconf 81' lang='lat' dir='ltr'><strong>fortuna</strong></span> <span class='ocrx_word' id='word_1_169' title='bbox 1054 2187 1166 2227; x_wconf 83' lang='lat' dir='ltr'><strong>male</strong></span> <span class='ocrx_word' id='word_1_170' title='bbox 1188 2186 1327 2236; x_wconf 84' lang='lat' dir='ltr'><strong>audit,</strong></span> 
     </span>
     <span class='ocr_line' id='line_1_25' title="bbox 211 2252 1120 2308; baseline 0 -14"><span class='ocrx_word' id='word_1_171' title='bbox 211 2252 302 2304; x_wconf 84' lang='lat' dir='ltr'><strong>Qui</strong></span> <span class='ocrx_word' id='word_1_172' title='bbox 316 2255 409 2308; x_wconf 82' lang='lat' dir='ltr'><strong>jam</strong></span> <span class='ocrx_word' id='word_1_173' title='bbox 432 2254 641 2294; x_wconf 80' lang='lat' dir='ltr'><strong>consuevi</strong></span> <span class='ocrx_word' id='word_1_174' title='bbox 661 2254 826 2294; x_wconf 85' lang='lat' dir='ltr'><strong>fortiter</strong></span> <span class='ocrx_word' id='word_1_175' title='bbox 846 2266 944 2293; x_wconf 86' lang='lat' dir='ltr'><strong>esse</strong></span> <span class='ocrx_word' id='word_1_176' title='bbox 962 2254 1120 2295; x_wconf 85' lang='lat' dir='ltr'><strong>miser:</strong></span> 
     </span>
    </p>
   </div>
   <div class='ocr_carea' id='block_1_11' title="bbox 157 2377 1614 2462">
    <p class='ocr_par' dir='ltr' id='par_1_12' title="bbox 157 2377 1614 2462">
     <span class='ocr_line' id='line_1_26' title="bbox 200 2377 1614 2419; baseline 0.001 -11"><span class='ocrx_word' id='word_1_177' title='bbox 200 2378 339 2417; x_wconf 79' lang='lat' dir='ltr'><strong>Epistola</strong></span> <span class='ocrx_word' id='word_1_178' title='bbox 355 2382 408 2408; x_wconf 81' lang='lat' dir='ltr'><strong>tua</strong></span> <span class='ocrx_word' id='word_1_179' title='bbox 423 2382 528 2418; x_wconf 80' lang='lat' dir='ltr'><strong>questa</strong></span> <span class='ocrx_word' id='word_1_180' title='bbox 543 2382 601 2416; x_wconf 81' lang='lat' dir='ltr'><strong>cst,</strong></span> <span class='ocrx_word' id='word_1_181' title='bbox 626 2381 703 2419; x_wconf 78' lang='lat' dir='ltr'><strong>quod</strong></span> <span class='ocrx_word' id='word_1_182' title='bbox 718 2380 819 2411; x_wconf 76' lang='lat' dir='ltr'><strong>nescio</strong></span> <span class='ocrx_word' id='word_1_183' title='bbox 835 2380 903 2419; x_wconf 80' lang='lat' dir='ltr'><strong>quis</strong></span> <span class='ocrx_word' id='word_1_184' title='bbox 926 2380 1045 2410; x_wconf 79' lang='lat' dir='ltr'><strong>dixerit</strong></span> <span class='ocrx_word' id='word_1_185' title='bbox 1060 2380 1142 2409; x_wconf 75' lang='lat' dir='ltr'><strong>inter</strong></span> <span class='ocrx_word' id='word_1_186' title='bbox 1163 2379 1252 2410; x_wconf 70' lang='lat' dir='ltr'><strong>rixas</strong></span> <span class='ocrx_word' id='word_1_187' title='bbox 1267 2381 1297 2409; x_wconf 84' lang='lat' dir='ltr'><strong>te</strong></span> <span class='ocrx_word' id='word_1_188' title='bbox 1312 2388 1376 2409; x_wconf 77' lang='lat' dir='ltr'><strong>esse</strong></span> <span class='ocrx_word' id='word_1_189' title='bbox 1388 2377 1546 2418; x_wconf 76' lang='lat' dir='ltr'><strong>conjugem</strong></span> <span class='ocrx_word' id='word_1_190' title='bbox 1561 2388 1614 2409; x_wconf 80' lang='lat' dir='ltr'><strong>ex-</strong></span> 
     </span>
     <span class='ocr_line' id='line_1_27' title="bbox 157 2419 1612 2462; baseline 0 -12"><span class='ocrx_word' id='word_1_191' title='bbox 157 2419 225 2450; x_wconf 72' lang='lat' dir='ltr'><strong>ulis.</strong></span> <span class='ocrx_word' id='word_1_192' title='bbox 269 2421 434 2451; x_wconf 79' lang='lat' dir='ltr'><strong>Molestum</strong></span> <span class='ocrx_word' id='word_1_193' title='bbox 453 2421 521 2458; x_wconf 81' lang='lat' dir='ltr'><strong>suit</strong></span> <span class='ocrx_word' id='word_1_194' title='bbox 534 2431 545 2458; x_wconf 88' lang='lat'><em>;</em></span> <span class='ocrx_word' id='word_1_195' title='bbox 568 2431 627 2452; x_wconf 80' lang='lat' dir='ltr'><strong>non</strong></span> <span class='ocrx_word' id='word_1_196' title='bbox 650 2425 714 2452; x_wconf 83' lang='lat' dir='ltr'><strong>tam</strong></span> <span class='ocrx_word' id='word_1_197' title='bbox 729 2424 807 2462; x_wconf 76' lang='lat' dir='ltr'><strong>quod</strong></span> <span class='ocrx_word' id='word_1_198' title='bbox 832 2433 898 2453; x_wconf 88' lang='lat' dir='ltr'><strong>sors</strong></span> <span class='ocrx_word' id='word_1_199' title='bbox 914 2432 981 2453; x_wconf 81' lang='lat' dir='ltr'><strong>mea</strong></span> <span class='ocrx_word' id='word_1_200' title='bbox 1005 2423 1082 2453; x_wconf 77' lang='lat' dir='ltr'><strong>male</strong></span> <span class='ocrx_word' id='word_1_201' title='bbox 1103 2422 1208 2459; x_wconf 71' lang='lat' dir='ltr'><strong>audit,</strong></span> <span class='ocrx_word' id='word_1_202' title='bbox 1235 2422 1287 2462; x_wconf 82' lang='lat' dir='ltr'><strong>qui</strong></span> <span class='ocrx_word' id='word_1_203' title='bbox 1301 2421 1372 2458; x_wconf 82' lang='lat' dir='ltr'><strong>jam</strong></span> <span class='ocrx_word' id='word_1_204' title='bbox 1394 2420 1534 2451; x_wconf 77' lang='lat' dir='ltr'><strong>consuevi</strong></span> <span class='ocrx_word' id='word_1_205' title='bbox 1549 2429 1612 2450; x_wconf 74' lang='lat' dir='ltr'><strong>esse</strong></span> 
     </span>
    </p>
   </div>
   <div class='ocr_carea' id='block_1_12' title="bbox 814 2528 952 2559">
    <p class='ocr_par' dir='ltr' id='par_1_13' title="bbox 814 2528 952 2559">
     <span class='ocr_line' id='line_1_28' title="bbox 814 2528 952 2559; baseline -0.007 0"><span class='ocrx_word' id='word_1_206' title='bbox 814 2528 952 2559; x_wconf 82' lang='lat' dir='ltr'>NOTAE</span> 
     </span>
    </p>
   </div>
   <div class='ocr_carea' id='block_1_13' title="bbox 160 2594 1611 2738">
    <p class='ocr_par' dir='ltr' id='par_1_14' title="bbox 160 2594 1611 2738">
     <span class='ocr_line' id='line_1_29' title="bbox 205 2594 1611 2638; baseline 0.003 -13"><span class='ocrx_word' id='word_1_207' title='bbox 205 2597 221 2625; x_wconf 94' lang='lat'>1</span> <span class='ocrx_word' id='word_1_208' title='bbox 249 2594 359 2625; x_wconf 80' lang='lat' dir='ltr'><strong><em>Nesczo</em></strong></span> <span class='ocrx_word' id='word_1_209' title='bbox 372 2598 453 2636; x_wconf 78' lang='lat' dir='ltr'><strong>quis]</strong></span> <span class='ocrx_word' id='word_1_210' title='bbox 476 2599 614 2630; x_wconf 79' lang='lat' dir='ltr'><strong>Scilicet</strong></span> <span class='ocrx_word' id='word_1_211' title='bbox 641 2600 733 2630; x_wconf 79' lang='lat' dir='ltr'><strong>illum</strong></span> <span class='ocrx_word' id='word_1_212' title='bbox 760 2604 795 2631; x_wconf 78' lang='lat' dir='ltr'><strong>ct</strong></span> <span class='ocrx_word' id='word_1_213' title='bbox 811 2600 859 2630; x_wconf 84' lang='lat' dir='ltr'><strong>in.</strong></span> <span class='ocrx_word' id='word_1_214' title='bbox 911 2604 996 2637; x_wconf 78' lang='lat' dir='ltr'><strong>tum,</strong></span> <span class='ocrx_word' id='word_1_215' title='bbox 1014 2603 1048 2629; x_wconf 88' lang='lat' dir='ltr'><strong>ct</strong></span> <span class='ocrx_word' id='word_1_216' title='bbox 1066 2597 1143 2638; x_wconf 82' lang='lat' dir='ltr'><strong>quia</strong></span> <span class='ocrx_word' id='word_1_217' title='bbox 1165 2607 1230 2627; x_wconf 86' lang='lat' dir='ltr'><strong>non</strong></span> <span class='ocrx_word' id='word_1_218' title='bbox 1258 2597 1401 2627; x_wconf 77' lang='lat' dir='ltr'><strong>dcci-ant</strong></span> <span class='ocrx_word' id='word_1_219' title='bbox 1417 2596 1490 2627; x_wconf 80' lang='lat' dir='ltr'><strong>aliae</strong></span> <span class='ocrx_word' id='word_1_220' title='bbox 1508 2596 1611 2629; x_wconf 78' lang='lat' dir='ltr'><strong>ratio·</strong></span> 
     </span>
     <span class='ocr_line' id='line_1_30' title="bbox 160 2644 1552 2690; baseline 0.002 -15"><span class='ocrx_word' id='word_1_221' title='bbox 160 2644 337 2676; x_wconf 85' lang='lat' dir='ltr'><strong>dicaverat</strong></span> <span class='ocrx_word' id='word_1_222' title='bbox 353 2645 491 2676; x_wconf 79' lang='lat' dir='ltr'><strong>Nasonis</strong></span> <span class='ocrx_word' id='word_1_223' title='bbox 510 2649 645 2687; x_wconf 81' lang='lat' dir='ltr'><strong>conjux,</strong></span> <span class='ocrx_word' id='word_1_224' title='bbox 660 2655 695 2681; x_wconf 86' lang='lat' dir='ltr'><strong>et</strong></span> <span class='ocrx_word' id='word_1_225' title='bbox 711 2650 783 2690; x_wconf 86' lang='lat' dir='ltr'><strong>ipse</strong></span> <span class='ocrx_word' id='word_1_226' title='bbox 799 2660 857 2681; x_wconf 91' lang='lat' dir='ltr'><strong>no·</strong></span> <span class='ocrx_word' id='word_1_227' title='bbox 910 2659 982 2688; x_wconf 84' lang='lat' dir='ltr'><strong>nes,</strong></span> <span class='ocrx_word' id='word_1_228' title='bbox 995 2647 1165 2678; x_wconf 83' lang='lat' dir='ltr'><strong>nominare</strong></span> <span class='ocrx_word' id='word_1_229' title='bbox 1181 2656 1257 2677; x_wconf 84' lang='lat' dir='ltr'><strong>eum</strong></span> <span class='ocrx_word' id='word_1_230' title='bbox 1272 2645 1474 2686; x_wconf 83' lang='lat' dir='ltr'><strong>dedignatus</strong></span> <span class='ocrx_word' id='word_1_231' title='bbox 1491 2650 1552 2678; x_wconf 86' lang='lat' dir='ltr'><strong>est.</strong></span> 
     </span>
     <span class='ocr_line' id='line_1_31' title="bbox 160 2696 857 2738; baseline 0.009 -13"><span class='ocrx_word' id='word_1_232' title='bbox 160 2697 274 2726; x_wconf 86' lang='lat' dir='ltr'><strong>verat:</strong></span> <span class='ocrx_word' id='word_1_233' title='bbox 293 2703 409 2725; x_wconf 84' lang='lat' dir='ltr'><strong>verum</strong></span> <span class='ocrx_word' id='word_1_234' title='bbox 424 2699 462 2726; x_wconf 86' lang='lat' dir='ltr'><strong>ut</strong></span> <span class='ocrx_word' id='word_1_235' title='bbox 476 2696 619 2728; x_wconf 79' lang='lat' dir='ltr'><strong>solemus</strong></span> <span class='ocrx_word' id='word_1_236' title='bbox 636 2707 697 2738; x_wconf 82' lang='lat' dir='ltr'><strong>per</strong></span> <span class='ocrx_word' id='word_1_237' title='bbox 709 2703 857 2731; x_wconf 76' lang='lat' dir='ltr'><strong>contenu-</strong></span> 
     </span>
    </p>
   </div>
  </div>
 </body>
</html>
