1877 3193
642 198 884 230 TRls'rltJM
920 199 1017 229 ΜΒ.
1051 198 1095 229 v.
1128 187 1172 229 4.
1515 187 1631 228 2449

179 298 277 339 Nec
298 297 390 338 sore
408 297 667 349 perpetuam
687 297 836 347 sperat
856 294 940 334 sibi
960 293 1146 334 numinis
1164 293 1288 342 iram,

235 364 448 405 Conscius
467 364 512 402 in
532 362 666 414 culpa
686 374 769 402 non
790 363 933 402 scelus
954 374 1054 402 esse
1074 374 1168 402 sua.

176 432 308 486 Saepe
324 431 462 480 refert,
483 431 539 471 sit
559 435 724 482 quanta
748 429 835 469 Dei
857 429 1111 469 clementia:
1143 427 1271 480 cujus

237 500 295 540 Se
314 510 488 552 quoque
507 498 549 538 in
569 497 782 549 exemplis
804 507 1086 536 annumerare
1106 495 1233 534 solet.

179 566 298 608 Nam
321 565 441 619 quod
462 577 570 617 opes
591 567 738 604 teneat
758 563 938 616 patrias,
961 562 1080 615 quod
1100 560 1276 601 nomina
1294 560 1404 602 civis
1421 572 1433 611 3

238 634 439 686 Denique
458 632 578 685 quod
601 631 735 681 vivat,
754 643 916 670 munus
938 630 1097 670 habere
1120 628 1219 669 Dei.

179 701 243 742 Te
265 705 421 750 tamen,
444 713 485 749 o,
508 700 546 740 si
565 699 670 753 quid
692 698 837 740 credis
854 699 959 739 mihi
980 697 1135 746 carior,
1156 696 1245 745 ille,

237 767 467 817 Omnibus,
491 768 534 807 in
554 770 649 807 toto
670 769 850 820 pectore
870 778 1042 817 semper
1062 765 1208 804 habet.

177 834 326 888 Teque
349 834 666 883 Menoetiaden,
687 838 730 873 te
748 833 824 885 qui
842 831 1072 872 comitavit
1095 829 1293 879 Oresten,

232 900 297 941 Te
317 904 448 941 vocat
470 900 671 952 AEgiden,
695 899 1017 953 Euryalumque
1038 910 1178 937 suum.

178 968 275 1010 Nec
295 969 479 1022 patriam
498 968 639 1019 magis
660 967 730 1007 ille
752 979 876 1007 suam
896 965 1130 1014 desiderat,
1154 967 1198 1004 et
1217 976 1315 1017 quae

235 1035 434 1076 Plurima
455 1048 552 1075 cum
574 1035 718 1088 patria
738 1034 866 1074 sentit
886 1033 1043 1073 abesse
1063 1043 1140 1071 sua
1158 1043 1168 1081 3

180 1101 325 1152 Quam
345 1102 511 1151 vultus,
533 1102 775 1154 oculosque
798 1105 914 1149 tuos,
937 1113 962 1140 o
981 1098 1151 1139 dulcior
1171 1097 1247 1136 illo

240 1168 386 1217 Melle,
410 1169 530 1221 quod
550 1169 595 1208 in
616 1169 726 1208 ceris
748 1166 899 1206 Attica
919 1165 1044 1217 ponit
1064 1163 1186 1215 apis!

181 1234 313 1288 Saepe
333 1235 464 1274 etiam
484 1247 673 1274 moerens
696 1238 874 1285 tempus
895 1230 1186 1270 reminiscitur
1206 1226 1327 1276 illud,

236 1300 368 1350 Quod
389 1314 474 1340 non
500 1302 766 1352 praeventum
787 1300 923 1338 morte
945 1296 1082 1336 fuisse
1103 1294 1230 1335 dolet.

1578 491 1633 532 20

1578 1159 1635 1200 30

177 1417 276 1458 efferi.
322 1417 428 1458 Neque
439 1419 531 1457 putat
548 1417 627 1447 iram
653 1416 714 1448 Dei
722 1415 866 1454 futuram
882 1415 941 1446 sibi
958 1418 1118 1454 (eternam,
1131 1423 1198 1445 cum
1223 1412 1301 1443 sciat
1319 1411 1483 1452 flagitium
1499 1411 1600 1443 abesse
1616 1422 1636 1442 a

176 1470 228 1491 suo
243 1469 355 1491 errore.
402 1460 589 1499 Frequenter
605 1463 763 1499 memorat,
778 1463 893 1499 quanta
909 1459 952 1490 sit
969 1457 1030 1488 Dei
1046 1456 1209 1487 clementia
1222 1466 1233 1491 ,·
1257 1457 1291 1486 in
1306 1456 1390 1494 cujus
1405 1455 1551 1496 exemplis
1566 1464 1636 1485 con-

176 1503 275 1534 suevit
289 1513 320 1534 se
342 1503 435 1533 etiam
455 1511 621 1533 recensere.
667 1503 808 1541 Namque
834 1502 918 1532 dicit
945 1511 975 1530 se
990 1499 1128 1529 obtinere
1153 1500 1230 1529 dono
1245 1498 1322 1537 ejus,
1336 1499 1415 1537 quod
1430 1497 1539 1528 habeat
1557 1497 1637 1527 divi-

177 1545 239 1576 tias
252 1548 408 1585 paternas,
422 1546 499 1584 quod
514 1544 635 1574 uomina
650 1544 738 1582 civis,
755 1543 880 1582 denique
896 1545 975 1582 quod
991 1542 1057 1571 cita
1068 1541 1210 1577 fruatur.
1255 1540 1315 1570 Ille
1329 1544 1444 1578 tamen,
1458 1539 1484 1568 sz'
1500 1539 1635 1578 aliquam

179 1588 254 1618 mihi
260 1587 359 1628 fidem
374 1587 476 1623 habes,
495 1597 510 1615 o
527 1587 635 1616 dilecte
648 1595 714 1624 proe
729 1585 877 1623 omnibus,
893 1585 981 1614 habet
1006 1587 1036 1613 te
1051 1592 1170 1620 semper
1187 1583 1218 1612 in
1239 1585 1302 1611 toto
1319 1582 1417 1611 corde.
1467 1581 1566 1621 Teque
1581 1591 1635 1620 ap-

176 1631 272 1669 pellat
288 1630 509 1665 Menoetiaden,
527 1632 556 1658 te
573 1629 627 1667 qui
640 1627 803 1657 comitatus
817 1630 861 1657 est
880 1628 1024 1663 Oresten,
1039 1628 1068 1655 te
1082 1626 1229 1663 AEgiden,
1243 1628 1333 1663 atque
1348 1623 1522 1664 Euryalum
1537 1633 1635 1654 suum.

188 1673 294 1711 Neque
309 1672 360 1701 ille
374 1673 441 1710 plus
456 1673 542 1710 optat
562 1670 697 1709 patrium
713 1679 812 1707 suam,
826 1673 855 1699 et
871 1679 939 1709 quoe
956 1668 1051 1698 multa
1066 1668 1159 1698 sentit
1171 1668 1277 1706 procul
1292 1676 1354 1697 esse
1369 1676 1436 1696 cum
1450 1666 1555 1705 patria
1570 1676 1638 1704 sua,

180 1723 268 1753 quum
285 1713 402 1750 faciem
424 1715 516 1752 atque
541 1713 639 1742 oculos
666 1716 745 1750 tuos,
761 1723 777 1741 o
793 1712 918 1742 suavior
945 1712 997 1741 illo
1023 1711 1122 1748 melle,
1150 1710 1228 1749 quod
1253 1709 1320 1748 apis
1335 1709 1444 1739 Attica
1469 1708 1585 1747 digerit
1601 1708 1634 1738 in

181 1754 281 1786 ceris!
330 1755 445 1785 Crebro
461 1756 554 1785 ctiam
571 1755 656 1795 flens
671 1755 798 1785 revolvit
816 1754 891 1784 illud
907 1757 1038 1794 tempus,
1054 1754 1134 1792 quod
1149 1753 1231 1783 dolet
1248 1762 1307 1782 non
1321 1750 1423 1788 fuisse
1446 1753 1637 1791 praerentum

796 1832 1028 1844 eaeeeeeeaeeaet‘·

185 1890 249 1913 vu.
271 1884 323 1912 35.
364 1882 466 1912 Causa
491 1882 643 1921 querenda
666 1882 794 1912 Strozz.
818 1882 1016 1912 Burm.—l9
1040 1881 1079 1911 P.
1107 1880 1197 1920 Soepe
1220 1890 1247 1910 r.
1269 1889 1337 1919 quoe
1366 1882 1456 1909 tanta
1482 1879 1524 1909 D.
1548 1879 1635 1908 clem.

184 1924 277 1955 Leid.
301 1924 390 1963 Saepe
414 1934 442 1954 r.
464 1934 564 1954 secum
588 1924 630 1954 sit
654 1928 768 1963 quanta
790 1925 875 1954 clem.
901 1929 936 1953 et
960 1923 1043 1953 Lov.
1068 1923 1110 1953 D.
1124 1923 1300 1962 patientia:
1335 1921 1480 1958 cml—20
1505 1920 1637 1951 Arund.

182 1977 396 1997 connumerare
410 1967 547 1997 soh—21
576 1967 736 1996 Nonnulli
754 1967 924 2002 meliores,
952 1970 1039 1995 teste
1067 1965 1186 1995 Heius.
1200 1965 1274 1993 Jam
1292 1972 1352 2002 pro
1371 1963 1548 1993 Nam—23
1576 1963 1637 1992 Ca-

184 2010 248 2039 rior
265 2009 382 2040 Heius.
399 2008 493 2039 dedit
508 2019 550 2039 ex
566 2009 760 2039 melioribus
778 2018 839 2048 pro
868 2008 952 2046 vulg.
977 2007 1088 2037 carius.
1113 2007 1153 2036 R.
1182 2008 1282 2036 carius
1307 2005 1381 2040 iuo;
1404 2004 1499 2034 Leid.
1525 2004 1584 2034 Be.
1601 2008 1637 2034 et

184 2051 277 2082 Serv.
302 2052 374 2087 illi;
408 2051 473 2081 duo
498 2052 647 2081 illm—25
676 2051 843 2081 Comitavit
873 2059 914 2080 ex
943 2049 1077 2088 Fragm.
1105 2049 1146 2079 V.
1169 2048 1259 2087 vulg.
1275 2047 1464 2082 comitatus;
1487 2046 1638 2076 nonnulli

186 2093 286 2124 etiam
309 2093 568 2124 comitatum-28
592 2094 656 2125 Sua
685 2094 804 2126 Heius.
833 2091 964 2132 recepit
994 2101 1036 2122 ex
1065 2096 1150 2122 vett.
1175 2100 1235 2131 pro
1260 2090 1351 2130 vulg.
1375 2089 1533 2120 sibi.—32
1556 2089 1638 2119 Lov.

840 2176 984 2209 NOTAE

229 2242 267 2270 17
293 2240 453 2279 Numinis]
478 2239 636 2280 Augusti.

225 2292 265 2321 25
316 2290 538 2330 Menoetiaden]
610 2290 857 2322 Amicissimum
874 2301 881 2321 :

186 2340 317 2380 qualem
335 2339 510 2371 Patroclus
533 2340 689 2371 Menoetii
706 2339 791 2371 filius
808 2350 883 2371 sese

186 2389 344 2420 adversus
363 2389 526 2421 Achillem
544 2390 701 2430 praebuit.

230 2439 293 2474 Qui
307 2440 480 2481 comitavit]
510 2440 660 2480 Pylades
679 2444 742 2479 est,
759 2440 801 2472 de
817 2451 882 2482 quo

187 2497 305 2528 supra;
329 2490 384 2531 qui
401 2491 562 2522 Orestem
579 2501 686 2528 suum,
700 2496 883 2533 utcumque

188 2537 366 2578 furentem,
382 2549 550 2582 nunquam
566 2541 733 2572 destituit.

234 2589 277 2617 26
300 2589 449 2629 AEgiden]
464 2591 641 2630 Theseum,
657 2591 752 2631 AEgei
767 2590 884 2629 filium,

190 2637 245 2678 qui
288 2636 474 2668 Pirithoum
512 2640 554 2669 ad
602 2640 734 2672 Inferos
778 2650 884 2682 usque

191 2690 372 2718 comitatus
385 2690 449 2716 est.

232 2734 418 2774 Euryalum]
434 2733 508 2764 Nisi
522 2738 624 2775 atque
640 2738 777 2780 Euryali
790 2749 884 2780 egre-

275 2787 393 2828 Delph.
407 2789 436 2818 et
456 2786 531 2820 Vur.
545 2788 628 2821 Clas.

880 2790 976 2823 Ouid.

939 2239 1030 2279 glum
1071 2248 1231 2278 amorem,
1268 2238 1454 2278 virgiliano
1491 2236 1638 2267 carmine

938 2289 1208 2327 celeberrimum,
1218 2288 1361 2319 vidimus
1377 2288 1479 2319 etiam
1491 2287 1525 2318 in
1538 2296 1637 2328 supe-

939 2339 1099 2371 rioribus.

980 2392 1021 2420 27
1047 2390 1114 2420 Nec
1142 2388 1293 2429 patriam]
1333 2388 1527 2418 Amicorum
1556 2396 1636 2416 vero

939 2446 1039 2482 atque
1053 2440 1316 2481 propinquorum
1330 2448 1429 2469 causa
1443 2437 1553 2477 patria
1568 2435 1637 2466 cui-

939 2500 1002 2531 que
1018 2489 1205 2520 carissima.

980 2542 1020 2569 30
1038 2539 1161 2579 Attica]
1178 2541 1262 2570 Quae
1279 2539 1310 2568 iu
1330 2537 1494 2577 Hymetto
1509 2534 1636 2565 Auicae

938 2589 1084 2628 regionis
1101 2592 1213 2617 monte
1231 2586 1415 2616 mellificat.
1465 2585 1636 2615 Laudatis-

938 2639 1055 2668 simum
1072 2642 1182 2667 auteur
1200 2635 1263 2666 fuit
1280 2637 1344 2665 mel
1360 2635 1453 2666 illud.

981 2691 1019 2718 31
1048 2687 1146 2726 Illud]
1173 2689 1248 2718 Quo
1264 2687 1389 2717 amicus
1408 2686 1523 2717 {¹061ae
1540 2686 1636 2717 clade

938 2747 1003 2768 non
1020 2737 1204 2769 exterritus
1222 2745 1332 2778 neque
1359 2737 1406 2767 illi
1431 2737 1557 2767 veritus
1583 2741 1637 2767 est

1473 2789 1549 2821 ''IQ
