1877 3193
549 182 700 214 npts'r.
734 181 801 211 nx
836 181 994 212 PONTO
1028 182 1123 212 me.
1156 181 1208 213 11.
1238 172 1279 212 2.
1522 173 1635 215 2567

185 276 278 327 Nil,
299 277 386 318 nisi
404 290 488 319 non
509 278 684 331 sapiens
704 291 886 332 possum
907 277 1169 333 timidusque
1187 277 1337 320 vocari
1354 290 1364 318 z

242 344 357 387 Haec
376 345 462 386 duo
483 350 586 386 sunt
606 346 737 386 animi
758 346 935 386 nomina
955 358 1058 386 vera
1077 346 1177 387 mei.

180 410 289 452 Esse
308 413 480 465 quidem
499 412 652 463 fateor,
674 413 870 454 meritam
888 415 987 465 post
1008 411 1201 453 Caesaris
1223 412 1347 461 iram,

240 478 472 518 Difficilem
494 480 698 531 precibus
718 483 758 518 te
779 491 956 531 quoque
974 477 1072 530 jure
1092 479 1218 518 meis.
1579 478 1634 518 20

185 542 385 598 Quaeque
408 549 484 585 tua
504 550 571 586 est
589 546 730 597 pietas
751 545 796 584 in
816 547 959 584 totum
979 556 1134 584 nomen
1155 543 1259 595 Iuli,

238 611 302 651 Te
321 611 440 661 laedi,
464 625 560 652 cum
582 611 682 665 quis
702 610 875 652 laeditur
894 610 1014 661 inde,
1036 616 1186 665 putas.

183 678 268 718 Sed
288 679 392 719 licet
412 692 532 719 arma
552 679 684 728 feras,
704 682 748 719 et
768 678 947 721 vulnera
966 691 1088 720 saeva
1107 678 1282 721 mineris
1301 693 1312 731 ;

241 745 345 786 Non
366 751 508 786 tamen
530 746 710 795 efficies,
732 751 783 786 ut
802 745 983 786 timeare
1002 745 1124 786 mihi.

182 812 357 867 Puppis
380 814 719 856 Achaemeniden
744 814 925 855 Graium
945 813 1141 869 Trojana
1157 814 1322 869 recepit
1339 828 1348 855 ε
1579 816 1606 857 2

243 881 411 922 Profuit
433 887 477 922 et
498 883 629 936 Myso
651 882 798 922 Pelias
819 881 949 923 hasta
969 882 1088 923 duci.

181 947 391 1001 Confugit
412 950 621 991 interdum
641 949 792 1003 templi
813 948 1003 990 violator
1022 949 1080 989 ad
1101 961 1236 1000 aram,

240 1016 337 1056 Nec
359 1021 505 1070 petere
527 1017 681 1057 offensi
704 1016 893 1057 numinis
913 1016 1054 1057 horret
1073 1029 1219 1070 opem.

183 1083 354 1125 Dixerit
375 1085 457 1126 hoc
480 1086 636 1138 aliquis
657 1088 794 1125 tutum
813 1097 903 1125 11011
923 1098 1019 1125 esse
1036 1098 1047 1136 3
1079 1085 1263 1126 fatemur
1281 1098 1290 1125 :

239 1150 328 1191 §ed
349 1165 434 1192 non
453 1166 529 1206 per
549 1152 752 1205 placidas
773 1152 808 1193 it
831 1165 929 1192 mea
948 1153 1117 1206 puppis
1136 1164 1290 1205 aquas.

1608 819 1636 857 0¹

1578 1151 1635 1192 30

181 1244 240 1274 nisi
256 1255 315 1276 non
334 1249 450 1283 cautus,
467 1251 495 1276 et
509 1246 660 1285 pavidus:
684 1246 749 1276 haec
764 1247 822 1277 duo
836 1249 908 1276 sunt
923 1255 995 1276 vera
1009 1245 1132 1276 nomina
1145 1245 1204 1275 mei
1216 1244 1346 1283 ingenii.
1391 1243 1532 1282 Agnosco
1549 1245 1638 1284 equi-

179 1288 246 1316 dem
262 1290 291 1317 te
306 1297 367 1317 esse
380 1289 490 1318 merito
505 1290 616 1318 durum
629 1288 770 1326 precibus
784 1289 869 1326 merle,
883 1292 951 1327 post
966 1289 1046 1318 iram
1059 1288 1203 1318 meritam
1221 1286 1366 1317 Caesaris.
1391 1286 1437 1316 Et
1450 1290 1484 1317 ut
1499 1296 1531 1317 se
1545 1286 1637 1317 habet

179 1333 232 1358 tna
245 1329 347 1367 pietas
362 1330 393 1359 in
411 1333 506 1359 totam
521 1333 648 1368 gentem
669 1331 744 1369 Iuli,
768 1331 867 1360 credis
882 1334 912 1361 te
933 1329 1062 1370 offendi,
1089 1339 1157 1360 cum
1181 1329 1294 1369 aliquis
1319 1339 1359 1359 ex
1383 1328 1439 1359 illa
1455 1328 1636 1369 offenditur.

184 1370 296 1400 Verum
310 1372 434 1402 tametsi
448 1382 541 1410 geras
555 1382 653 1411 arma,
666 1377 696 1403 et
711 1373 845 1403 intentes
863 1372 953 1409 feras
974 1373 1094 1412 plagas,
1109 1382 1168 1402 non
1186 1375 1289 1402 tamen
1304 1372 1506 1411 consequaris,
1519 1375 1553 1402 ut
1572 1381 1635 1402 me-

177 1414 276 1443 tuaris
291 1423 310 1443 a
326 1423 384 1444 me.
432 1415 531 1445 Navis
550 1416 684 1454 Trojana
698 1415 814 1455 recepit
836 1415 1073 1446 Aclzoemeniden
1092 1415 1256 1444 Graecum:
1281 1417 1310 1444 et
1325 1415 1414 1444 hasta
1430 1414 1536 1445 Pelias
1550 1424 1636 1454 opem

175 1456 251 1486 tulit
264 1455 335 1486 duci
352 1457 454 1497 llffyso.
502 1457 729 1498 Nonnunquam
743 1457 874 1488 violator
888 1457 994 1496 templi
1018 1456 1159 1494 confugit
1174 1457 1214 1486 ad
1223 1458 1321 1486 altare
1333 1467 1344 1492 ;
1365 1466 1461 1496 neque
1476 1460 1636 1487 aversatur

174 1507 296 1537 poscere
310 1499 462 1540 auritium
478 1500 545 1530 Dei
569 1501 646 1530 loesz‘.
690 1500 815 1539 Aliquis
829 1499 947 1529 dixerit
965 1498 1020 1528 hoc
1034 1508 1095 1528 non
1117 1508 1180 1528 esse
1201 1501 1325 1534 tutum‚·
1347 1499 1563 1537 agnoscimu35
1586 1509 1634 1531 ve-

788 1570 825 1580 Ν
829 1569 1023 1581 eeeeeeeeee

177 1622 288 1659 artem,
304 1621 455 1651 Innocuos
468 1619 555 1650 nobis
570 1629 629 1650 non
643 1618 719 1649 sinit
741 1628 804 1649 esse
819 1617 947 1648 manus!
973 1617 1232 1650 Bersman.—·l7
1256 1619 1419 1659 Excerpt.
1434 1619 1532 1650 Voss.
1549 1619 1633 1650 timi-

177 1662 478 1702 d11sq.not‹1ri.—-18
502 1662 572 1693 Pro
598 1662 722 1692 uomina
743 1661 879 1702 quidam
905 1661 1012 1692 Codd.
1029 1672 1172 1692 munera:
1197 1662 1314 1692 Burm.
1331 1662 1420 1701 conj.
1444 1662 1633 1693 crimina.—

178 1708 219 1735 19
243 1705 322 1736 Pat.
347 1708 416 1744 post
430 1704 550 1743 judicis
574 1705 701 1735 itu—20
737 1705 900 1743 Excerpt.
932 1704 1030 1735 Voss.
1054 1714 1140 1744 posse
1166 1714 1228 1745 pro
1246 1704 1419 1742 jura-23
1453 1704 1522 1735 Pro
1541 1703 1633 1742 feras

178 1747 298 1778 Heins.
313 1747 430 1778 mallet
444 1747 551 1787 ferox,
568 1752 604 1778 ut
616 1747 657 1777 ad
684 1748 693 1764 ‘
710 1747 848 1777 mineris
859 1746 867 1760 '
894 1745 1072 1778 referatur.
1098 1748 1263 1788 Excerpt.
1280 1749 1377 1778 Voss.
1393 1746 1544 1785 etfunera
1558 1757 1631 1778 soev.

178 1792 262 1821 —24
285 1789 365 1821 Jun.
382 1791 427 1820 Et
442 1793 543 1821 tamen
558 1791 690 1831 efficias:
715 1789 848 1820 Arund.
874 1789 979 1820 etiam
1003 1794 1038 1821 et
1060 1790 1135 1821 Pol.
1153 1790 1277 1821 habent
1293 1791 1503 1831 efficias-36
1526 1790 1632 1820 Multi

177 1832 297 1874 scripti
316 1833 447 1873 Telepho
464 1842 525 1873 pro
542 1834 731 1873 λώβα-27
756 1831 958 1863 Feschianus
974 1833 1076 1873 templ.
1102 1836 1266 1863 temerator
1281 1835 1414 1863 aen—31
1440 1832 1481 1862 In
1497 1832 1632 1873 quibus-

835 1907 975 1938 NOTAE

222 1973 261 2002 18
281 1970 376 2011 Vera]
393 1971 443 2003 Ut
459 1970 604 2012 graviori
621 1974 704 2001 nota
719 1979 785 2001 non
801 1978 876 2010 pos-

179 2021 223 2051 sit
240 2022 346 2061 argui.

221 2074 260 2102 21
288 2070 421 2110 Nomen]
454 2071 601 2103 Gentem
628 2070 774 2108 Julia1n3
801 2079 877 2111 quae

176 2121 220 2152 ab
233 2121 307 2152 Iulo
320 2122 433 2153 AEneae
447 2122 516 2153 filio
527 2122 694 2154 inJulium
708 2122 879 2153 Caesarem

176 2171 343 2211 derivata,
369 2178 438 2203 tum
464 2173 628 2213 temporis
650 2173 683 2202 111
714 2171 878 2211 Augusto,

175 2222 259 2254 Julii
270 2221 339 2253 filio
357 2232 418 2262 per
436 2222 665 2262 adoptionem,
680 2220 834 2253 florebat.

218 2274 261 2303 22
283 2271 376 2311 Inde]
403 2273 453 2303 Ex
471 2272 569 2303 domo
585 2272 690 2304 Julia.

218 2325 259 2354 23
284 2323 396 2363 Feras]
419 2324 496 2354 Stes
514 2333 531 2353 a
548 2324 700 2363 pambus
714 2322 874 2354 Caesaris:

175 2382 319 2414 namque
350 2374 448 2403 arinis
477 2373 559 2403 nihil
592 2383 676 2413 opus
707 2373 761 2403 hic
799 2372 876 2404 fuit.

175 2423 326 2463 Tropice
340 2425 475 2454 locutus
491 2428 553 2454 est.

220 2475 260 2503 25
285 2474 537 2513 Achoemeniden]
562 2474 663 2504 Hunc
682 2474 812 2514 Ulyssis
828 2474 875 2504 in-

176 2520 309 2552 felicem
326 2525 484 2554 comitem
502 2525 623 2555 AEneas
639 2525 670 2554 111
689 2533 805 2556 navem
825 2534 876 2554 re-

177 2573 283 2613 cepit,
301 2575 394 2613 cujus
419 2575 591 2606 admonitu
617 2576 804 2616 Cyclopum
829 2574 876 2606 ef-

176 2622 266 2662 fugit
282 2623 460 2661 saevitiam,
476 2628 514 2653 ut
536 2625 786 2664 elegantissime
802 2634 875 2656 nal·-

179 2677 233 2703 rat
248 2671 419 2711 Virgilius.

223 2725 266 2754 ²0
290 2721 398 2763 Myso]
427 2720 593 2762 Telepho,
612 2720 770 2754 Herculis
793 2722 876 2764 filio,

932 1970 1004 2010 regi
1023 1969 1145 2010 Mysiae
1169 1970 1202 2000 in
1227 1969 1396 2010 Phrygia3
1422 1968 1632 2010 quiquidem

931 2020 973 2051 ab
991 2020 1122 2051 Achille
1146 2021 1355 2057 vulneratus,
1383 2029 1448 2060 quo
1475 2024 1631 2060 tempore

931 2070 985 2101 hie
1002 2070 1035 2100 in
1051 2070 1189 2111 Trojam
1213 2070 1400 2110 navigaret,
1420 2070 1557 2100 oraculo
1574 2069 1632 2101 ad-

932 2121 1078 2151 monitus
1095 2119 1161 2150 fuit
1185 2125 1222 2151 ut
1249 2130 1290 2151 ex
1314 2119 1434 2150 eadem
1457 2119 1552 2150 hasta
1566 2119 1631 2150 sibi

932 2171 1116 2202 remedium
1135 2175 1270 2211 peteret
1285 2179 1349 2210 qua
1365 2168 1478 2200 fuerat
1495 2178 1631 2209 percus-

931 2231 997 2252 sus.
1030 2222 1144 2253 Quare
1159 2220 1301 2251 Herculi
1319 2219 1574 2259 reconciliatus,
1589 2228 1631 2250 ex

928 2271 1016 2301 illins
1027 2271 1131 2302 hastae
1142 2271 1294 2310 rubigine
1309 2270 1472 2309 malagma
1484 2269 1631 2309 paravit,

930 2331 996 2362 quo
1010 2320 1147 2351 sanitati
1161 2320 1312 2360 pristinae
1330 2320 1508 2350 restitutus
1522 2319 1597 2349 fuit.

974 2370 1094 2410 Pelias]
1123 2371 1172 2401 Eo
1189 2370 1323 2400 nomine
1340 2369 1513 2409 appellata
1533 2368 1630 2398 hasta

929 2421 1074 2452 Achillis
1087 2431 1186 2462 quam
1200 2426 1327 2461 praeter
1340 2421 1449 2459 ipsum
1464 2418 1572 2449 nullus
1585 2417 1628 2449 ob

930 2472 1195 2511 magnitudinem
1214 2471 1344 2500 vibrare
1362 2471 1507 2507 poterat.

973 2524 1014 2551 29
1044 2521 1129 2560 Hoc]
1160 2520 1213 2550 Ad
1242 2518 1357 2549 violati
1383 2516 1526 2547 numinis
1553 2525 1628 2549 aras

930 2570 1125 2610 confugere.

974 2624 1014 2650 30
1032 2621 1104 2650 Non
1120 2619 1160 2659 it]
1178 2618 1301 2651 Omnia
1316 2616 1481 2657 adeoque,
1493 2616 1520 2647 si
1536 2615 1626 2648 forte

931 2669 1073 2710 prosint,
1087 2669 1137 2701 uti
1151 2669 1186 2700 ln
1207 2667 1353 2700 maximo
1372 2666 1538 2709 periculo,
1553 2670 1625 2699 ten-

929 2721 1046 2754 tanda.
