<?xml version="1.0" encoding="UTF-8"?>
<!DOCTYPE html PUBLIC "-//W3C//DTD XHTML 1.0 Transitional//EN"
    "http://www.w3.org/TR/xhtml1/DTD/xhtml1-transitional.dtd">
<html xmlns="http://www.w3.org/1999/xhtml" xml:lang="en" lang="en">
 <head>
  <title>
</title>
<meta http-equiv="Content-Type" content="text/html;charset=utf-8" />
  <meta name='ocr-system' content='tesseract 3.04.00' />
  <meta name='ocr-capabilities' content='ocr_page ocr_carea ocr_par ocr_line ocrx_word'/>
</head>
<body>
  <div class='ocr_page' id='page_1' title='image "./operaomniaexedit05oviduoft/operaomniaexedit05oviduoft_0378.png"; bbox 0 0 1877 3193; ppageno 0'>
   <div class='ocr_carea' id='block_1_1' title="bbox 227 165 1189 209">
    <p class='ocr_par' dir='ltr' id='par_1_1' title="bbox 227 165 1189 209">
     <span class='ocr_line' id='line_1_1' title="bbox 227 165 1189 209; baseline -0.001 -1"><span class='ocrx_word' id='word_1_1' title='bbox 227 165 343 209; x_wconf 80' lang='lat'>2580</span> <span class='ocrx_word' id='word_1_2' title='bbox 715 179 754 208; x_wconf 84' lang='lat' dir='ltr'>P.</span> <span class='ocrx_word' id='word_1_3' title='bbox 785 178 944 209; x_wconf 78' lang='lat' dir='ltr'>ovum</span> <span class='ocrx_word' id='word_1_4' title='bbox 976 176 1189 208; x_wconf 73' lang='lat' dir='ltr'>NAsoms</span> 
     </span>
    </p>
   </div>
   <div class='ocr_carea' id='block_1_2' title="bbox 228 269 1675 1197">
    <p class='ocr_par' dir='ltr' id='par_1_2' title="bbox 229 269 1675 381">
     <span class='ocr_line' id='line_1_2' title="bbox 229 269 1675 326; baseline -0.001 -12"><span class='ocrx_word' id='word_1_5' title='bbox 229 269 388 314; x_wconf 82' lang='lat' dir='ltr'>Judice</span> <span class='ocrx_word' id='word_1_6' title='bbox 408 275 448 313; x_wconf 83' lang='lat' dir='ltr'>te</span> <span class='ocrx_word' id='word_1_7' title='bbox 467 273 659 314; x_wconf 82' lang='lat' dir='ltr'><strong>mercede</strong></span> <span class='ocrx_word' id='word_1_8' title='bbox 680 277 813 322; x_wconf 86' lang='lat' dir='ltr'>caret,</span> <span class='ocrx_word' id='word_1_9' title='bbox 839 285 918 325; x_wconf 86' lang='lat' dir='ltr'>per</span> <span class='ocrx_word' id='word_1_10' title='bbox 938 285 1073 326; x_wconf 83' lang='lat' dir='ltr'>seque</span> <span class='ocrx_word' id='word_1_11' title='bbox 1092 272 1279 326; x_wconf 80' lang='lat' dir='ltr'>petenda</span> <span class='ocrx_word' id='word_1_12' title='bbox 1297 275 1364 313; x_wconf 85' lang='lat' dir='ltr'>est</span> <span class='ocrx_word' id='word_1_13' title='bbox 1620 272 1675 313; x_wconf 81' lang='lat'>35</span> 
     </span>
     <span class='ocr_line' id='line_1_3' title="bbox 287 339 1098 381; baseline 0.001 -1"><span class='ocrx_word' id='word_1_14' title='bbox 287 339 500 380; x_wconf 85' lang='lat' dir='ltr'>Externis</span> <span class='ocrx_word' id='word_1_15' title='bbox 522 340 661 381; x_wconf 88' lang='lat' dir='ltr'>virtus</span> <span class='ocrx_word' id='word_1_16' title='bbox 680 339 934 380; x_wconf 75' lang='lat' dir='ltr'>incomitata</span> <span class='ocrx_word' id='word_1_17' title='bbox 955 340 1098 381; x_wconf 85' lang='lat' dir='ltr'>bonis.</span> 
     </span>
    </p>

    <p class='ocr_par' dir='ltr' id='par_1_3' title="bbox 228 406 1429 527">
     <span class='ocr_line' id='line_1_4' title="bbox 228 406 1429 460; baseline -0.002 -12"><span class='ocrx_word' id='word_1_18' title='bbox 228 406 378 460; x_wconf 84' lang='lat' dir='ltr'>Turpe</span> <span class='ocrx_word' id='word_1_19' title='bbox 398 411 529 460; x_wconf 81' lang='lat' dir='ltr'>putas</span> <span class='ocrx_word' id='word_1_20' title='bbox 551 406 685 460; x_wconf 82' lang='lat' dir='ltr'>abigi,</span> <span class='ocrx_word' id='word_1_21' title='bbox 706 406 810 460; x_wconf 86' lang='lat' dir='ltr'>quia</span> <span class='ocrx_word' id='word_1_22' title='bbox 830 407 886 446; x_wconf 83' lang='lat' dir='ltr'>sit</span> <span class='ocrx_word' id='word_1_23' title='bbox 906 407 1188 455; x_wconf 81' lang='lat' dir='ltr'>miserandus,</span> <span class='ocrx_word' id='word_1_24' title='bbox 1210 406 1400 447; x_wconf 82' lang='lat' dir='ltr'>amicum</span> <span class='ocrx_word' id='word_1_25' title='bbox 1418 418 1429 458; x_wconf 92' lang='lat'>;</span> 
     </span>
     <span class='ocr_line' id='line_1_5' title="bbox 289 472 1264 527; baseline -0.001 -13"><span class='ocrx_word' id='word_1_26' title='bbox 289 472 510 527; x_wconf 80' lang='lat' dir='ltr'>Quodque</span> <span class='ocrx_word' id='word_1_27' title='bbox 533 474 589 514; x_wconf 84' lang='lat' dir='ltr'>sit</span> <span class='ocrx_word' id='word_1_28' title='bbox 606 473 772 523; x_wconf 75' lang='lat' dir='ltr'>infelix,</span> <span class='ocrx_word' id='word_1_29' title='bbox 794 473 991 513; x_wconf 57' lang='lat' dir='ltr'>desinere</span> <span class='ocrx_word' id='word_1_30' title='bbox 1011 486 1108 513; x_wconf 81' lang='lat' dir='ltr'>esse</span> <span class='ocrx_word' id='word_1_31' title='bbox 1128 478 1264 513; x_wconf 82' lang='lat' dir='ltr'>tuum.</span> 
     </span>
    </p>

    <p class='ocr_par' dir='ltr' id='par_1_4' title="bbox 232 541 1303 661">
     <span class='ocr_line' id='line_1_6' title="bbox 232 541 1258 593; baseline -0.002 -11"><span class='ocrx_word' id='word_1_32' title='bbox 232 541 387 582; x_wconf 84' lang='lat' dir='ltr'>Mitius</span> <span class='ocrx_word' id='word_1_33' title='bbox 408 547 476 581; x_wconf 77' lang='lat' dir='ltr'>est</span> <span class='ocrx_word' id='word_1_34' title='bbox 494 541 615 581; x_wconf 75' lang='lat' dir='ltr'>lasso</span> <span class='ocrx_word' id='word_1_35' title='bbox 632 541 814 592; x_wconf 80' lang='lat' dir='ltr'>digitum</span> <span class='ocrx_word' id='word_1_36' title='bbox 834 553 1078 593; x_wconf 84' lang='lat' dir='ltr'><strong>supponere</strong></span> <span class='ocrx_word' id='word_1_37' title='bbox 1097 545 1258 589; x_wconf 72' lang='lat' dir='ltr'>meum,</span> 
     </span>
     <span class='ocr_line' id='line_1_7' title="bbox 288 608 1303 661; baseline -0.001 -13"><span class='ocrx_word' id='word_1_38' title='bbox 288 608 484 660; x_wconf 85' lang='lat' dir='ltr'>Mergere</span> <span class='ocrx_word' id='word_1_39' title='bbox 505 620 635 660; x_wconf 78' lang='lat' dir='ltr'>quam</span> <span class='ocrx_word' id='word_1_40' title='bbox 655 608 833 660; x_wconf 83' lang='lat' dir='ltr'>liquidis</span> <span class='ocrx_word' id='word_1_41' title='bbox 854 620 933 647; x_wconf 80' lang='lat' dir='ltr'>ora</span> <span class='ocrx_word' id='word_1_42' title='bbox 950 608 1137 648; x_wconf 80' lang='lat' dir='ltr'>natantis</span> <span class='ocrx_word' id='word_1_43' title='bbox 1159 608 1303 661; x_wconf 84' lang='lat' dir='ltr'>aquis.</span> 
     </span>
    </p>

    <p class='ocr_par' dir='ltr' id='par_1_5' title="bbox 231 673 1454 792">
     <span class='ocr_line' id='line_1_8' title="bbox 231 673 1454 727; baseline 0 -12"><span class='ocrx_word' id='word_1_44' title='bbox 231 673 381 724; x_wconf 84' lang='lat' dir='ltr'>Cerne,</span> <span class='ocrx_word' id='word_1_45' title='bbox 404 674 509 727; x_wconf 83' lang='lat' dir='ltr'>quid</span> <span class='ocrx_word' id='word_1_46' title='bbox 530 673 743 713; x_wconf 76' lang='lat' dir='ltr'>AEacides</span> <span class='ocrx_word' id='word_1_47' title='bbox 763 679 866 726; x_wconf 83' lang='lat' dir='ltr'>post</span> <span class='ocrx_word' id='word_1_48' title='bbox 885 679 1067 714; x_wconf 86' lang='lat' dir='ltr'>mortem</span> <span class='ocrx_word' id='word_1_49' title='bbox 1087 678 1264 727; x_wconf 83' lang='lat' dir='ltr'>praestet</span> <span class='ocrx_word' id='word_1_50' title='bbox 1284 673 1426 715; x_wconf 82' lang='lat' dir='ltr'>amico</span> <span class='ocrx_word' id='word_1_51' title='bbox 1445 687 1454 715; x_wconf 73' lang='lat' dir='ltr'><strong><em>z</em></strong></span> 
     </span>
     <span class='ocr_line' id='line_1_9' title="bbox 288 739 1267 792; baseline -0.002 -10"><span class='ocrx_word' id='word_1_52' title='bbox 288 740 430 782; x_wconf 80' lang='lat' dir='ltr'>Instar</span> <span class='ocrx_word' id='word_1_53' title='bbox 450 743 491 779; x_wconf 86' lang='lat' dir='ltr'>ot</span> <span class='ocrx_word' id='word_1_54' title='bbox 509 740 623 779; x_wconf 82' lang='lat' dir='ltr'>hanc</span> <span class='ocrx_word' id='word_1_55' title='bbox 642 739 777 779; x_wconf 83' lang='lat' dir='ltr'>vitam</span> <span class='ocrx_word' id='word_1_56' title='bbox 796 739 950 778; x_wconf 86' lang='lat' dir='ltr'>mortis</span> <span class='ocrx_word' id='word_1_57' title='bbox 967 739 1126 779; x_wconf 80' lang='lat' dir='ltr'>habere</span> <span class='ocrx_word' id='word_1_58' title='bbox 1145 744 1267 792; x_wconf 85' lang='lat' dir='ltr'>puta.</span> 
     </span>
    </p>

    <p class='ocr_par' dir='ltr' id='par_1_6' title="bbox 231 804 1397 928">
     <span class='ocr_line' id='line_1_10' title="bbox 231 804 1397 859; baseline 0 -10"><span class='ocrx_word' id='word_1_59' title='bbox 231 808 480 849; x_wconf 81' lang='lat' dir='ltr'>Pirithoum</span> <span class='ocrx_word' id='word_1_60' title='bbox 498 806 699 847; x_wconf 82' lang='lat' dir='ltr'>Theseus</span> <span class='ocrx_word' id='word_1_61' title='bbox 720 805 897 859; x_wconf 82' lang='lat' dir='ltr'>Stygias</span> <span class='ocrx_word' id='word_1_62' title='bbox 917 804 1140 845; x_wconf 81' lang='lat' dir='ltr'>comitavit</span> <span class='ocrx_word' id='word_1_63' title='bbox 1158 806 1214 845; x_wconf 86' lang='lat' dir='ltr'>ad</span> <span class='ocrx_word' id='word_1_64' title='bbox 1233 807 1397 849; x_wconf 81' lang='lat' dir='ltr'>undas:</span> 
     </span>
     <span class='ocr_line' id='line_1_11' title="bbox 287 871 1308 928; baseline -0.002 -13"><span class='ocrx_word' id='word_1_65' title='bbox 287 875 331 915; x_wconf 88' lang='lat' dir='ltr'>A</span> <span class='ocrx_word' id='word_1_66' title='bbox 351 874 513 928; x_wconf 82' lang='lat' dir='ltr'>Stygiis</span> <span class='ocrx_word' id='word_1_67' title='bbox 534 876 744 926; x_wconf 82' lang='lat' dir='ltr'>quantum</span> <span class='ocrx_word' id='word_1_68' title='bbox 766 884 860 912; x_wconf 83' lang='lat' dir='ltr'>sors</span> <span class='ocrx_word' id='word_1_69' title='bbox 877 883 974 911; x_wconf 80' lang='lat' dir='ltr'>mea</span> <span class='ocrx_word' id='word_1_70' title='bbox 994 871 1131 912; x_wconf 80' lang='lat' dir='ltr'>distat</span> <span class='ocrx_word' id='word_1_71' title='bbox 1151 872 1280 925; x_wconf 84' lang='lat' dir='ltr'>aquis</span> <span class='ocrx_word' id='word_1_72' title='bbox 1298 873 1308 913; x_wconf 69' lang='grc' dir='ltr'>Ξ</span> 
     </span>
    </p>

    <p class='ocr_par' dir='ltr' id='par_1_7' title="bbox 231 938 1294 1059">
     <span class='ocr_line' id='line_1_12' title="bbox 231 938 1176 993; baseline -0.002 -11"><span class='ocrx_word' id='word_1_73' title='bbox 231 940 373 982; x_wconf 83' lang='lat' dir='ltr'>Affuit</span> <span class='ocrx_word' id='word_1_74' title='bbox 390 942 543 981; x_wconf 84' lang='lat' dir='ltr'>insano</span> <span class='ocrx_word' id='word_1_75' title='bbox 558 940 734 993; x_wconf 81' lang='lat' dir='ltr'>juvenis</span> <span class='ocrx_word' id='word_1_76' title='bbox 754 939 959 979; x_wconf 83' lang='lat' dir='ltr'><strong>Phoceus</strong></span> <span class='ocrx_word' id='word_1_77' title='bbox 980 938 1147 979; x_wconf 83' lang='lat' dir='ltr'>Orestae</span> <span class='ocrx_word' id='word_1_78' title='bbox 1167 952 1176 980; x_wconf 87' lang='lat'>:</span> 
     </span>
     <span class='ocr_line' id='line_1_13' title="bbox 290 1006 1294 1059; baseline -0.004 -10"><span class='ocrx_word' id='word_1_79' title='bbox 290 1006 346 1048; x_wconf 89' lang='lat' dir='ltr'>Et</span> <span class='ocrx_word' id='word_1_80' title='bbox 361 1021 458 1049; x_wconf 82' lang='lat' dir='ltr'>mea</span> <span class='ocrx_word' id='word_1_81' title='bbox 478 1021 567 1048; x_wconf 90' lang='lat' dir='ltr'>non</span> <span class='ocrx_word' id='word_1_82' title='bbox 586 1007 813 1047; x_wconf 89' lang='lat' dir='ltr'>minimum</span> <span class='ocrx_word' id='word_1_83' title='bbox 831 1006 961 1059; x_wconf 84' lang='lat' dir='ltr'>culpa</span> <span class='ocrx_word' id='word_1_84' title='bbox 979 1006 1134 1047; x_wconf 89' lang='lat' dir='ltr'>furoris</span> <span class='ocrx_word' id='word_1_85' title='bbox 1151 1006 1294 1046; x_wconf 86' lang='lat' dir='ltr'>habet.</span> 
     </span>
    </p>

    <p class='ocr_par' dir='ltr' id='par_1_8' title="bbox 230 1073 1379 1197">
     <span class='ocr_line' id='line_1_14' title="bbox 230 1073 1379 1128; baseline -0.002 -12"><span class='ocrx_word' id='word_1_86' title='bbox 230 1076 299 1116; x_wconf 87' lang='lat' dir='ltr'>Tu</span> <span class='ocrx_word' id='word_1_87' title='bbox 318 1087 496 1128; x_wconf 84' lang='lat' dir='ltr'>quoque</span> <span class='ocrx_word' id='word_1_88' title='bbox 515 1087 769 1126; x_wconf 83' lang='lat' dir='ltr'>magnorum</span> <span class='ocrx_word' id='word_1_89' title='bbox 787 1073 944 1114; x_wconf 81' lang='lat' dir='ltr'>laudes</span> <span class='ocrx_word' id='word_1_90' title='bbox 964 1074 1140 1114; x_wconf 79' lang='lat' dir='ltr'>admitte</span> <span class='ocrx_word' id='word_1_91' title='bbox 1160 1074 1349 1114; x_wconf 88' lang='lat' dir='ltr'>virorum</span> <span class='ocrx_word' id='word_1_92' title='bbox 1365 1086 1379 1125; x_wconf 76' lang='lat'>3</span> 
     </span>
     <span class='ocr_line' id='line_1_15' title="bbox 290 1140 1341 1197; baseline -0.005 -14"><span class='ocrx_word' id='word_1_93' title='bbox 290 1141 436 1197; x_wconf 86' lang='lat' dir='ltr'>thue</span> <span class='ocrx_word' id='word_1_94' title='bbox 449 1141 576 1191; x_wconf 82' lang='lat' dir='ltr'>facis,</span> <span class='ocrx_word' id='word_1_95' title='bbox 595 1142 739 1194; x_wconf 85' lang='lat' dir='ltr'>lapso,</span> <span class='ocrx_word' id='word_1_96' title='bbox 762 1152 892 1194; x_wconf 81' lang='lat' dir='ltr'><strong>quam</strong></span> <span class='ocrx_word' id='word_1_97' title='bbox 911 1145 1056 1194; x_wconf 82' lang='lat' dir='ltr'>potes,</span> <span class='ocrx_word' id='word_1_98' title='bbox 1077 1140 1182 1182; x_wconf 81' lang='lat' dir='ltr'>affer</span> <span class='ocrx_word' id='word_1_99' title='bbox 1200 1152 1341 1194; x_wconf 85' lang='lat' dir='ltr'>opem.</span> 
     </span>
    </p>
   </div>
   <div class='ocr_carea' id='block_1_3' title="bbox 1619 606 1676 646">
    <p class='ocr_par' dir='ltr' id='par_1_9' title="bbox 1619 606 1676 646">
     <span class='ocr_line' id='line_1_16' title="bbox 1619 606 1676 646; baseline 0 0"><span class='ocrx_word' id='word_1_100' title='bbox 1619 606 1676 646; x_wconf 70' lang='lat'>40</span> 
     </span>
    </p>
   </div>
   <div class='ocr_carea' id='block_1_4' title="bbox 1623 938 1680 979">
    <p class='ocr_par' dir='ltr' id='par_1_10' title="bbox 1623 938 1680 979">
     <span class='ocr_line' id='line_1_17' title="bbox 1623 938 1680 979; baseline 0.018 -1"><span class='ocrx_word' id='word_1_101' title='bbox 1623 938 1680 979; x_wconf 78' lang='lat'>45</span> 
     </span>
    </p>
   </div>
   <div class='ocr_carea' id='block_1_5' title="bbox 231 1269 1686 1560">
    <p class='ocr_par' dir='ltr' id='par_1_11' title="bbox 231 1269 1686 1560">
     <span class='ocr_line' id='line_1_18' title="bbox 231 1269 1685 1312; baseline -0.001 -10"><span class='ocrx_word' id='word_1_102' title='bbox 231 1271 372 1312; x_wconf 65' lang='lat' dir='ltr'>praemio,</span> <span class='ocrx_word' id='word_1_103' title='bbox 389 1273 418 1301; x_wconf 76' lang='lat' dir='ltr'>et</span> <span class='ocrx_word' id='word_1_104' title='bbox 445 1270 609 1311; x_wconf 80' lang='lat' dir='ltr'>quoerenda</span> <span class='ocrx_word' id='word_1_105' title='bbox 623 1273 669 1300; x_wconf 85' lang='lat' dir='ltr'>est</span> <span class='ocrx_word' id='word_1_106' title='bbox 692 1280 747 1310; x_wconf 82' lang='lat' dir='ltr'>per</span> <span class='ocrx_word' id='word_1_107' title='bbox 765 1279 798 1300; x_wconf 76' lang='lat' dir='ltr'>se</span> <span class='ocrx_word' id='word_1_108' title='bbox 822 1271 973 1302; x_wconf 77' lang='lat' dir='ltr'>destituta</span> <span class='ocrx_word' id='word_1_109' title='bbox 998 1272 1081 1302; x_wconf 78' lang='lat' dir='ltr'>bonis</span> <span class='ocrx_word' id='word_1_110' title='bbox 1102 1271 1251 1302; x_wconf 79' lang='lat' dir='ltr'>externis.</span> <span class='ocrx_word' id='word_1_111' title='bbox 1297 1270 1409 1301; x_wconf 77' lang='lat' dir='ltr'>Credis</span> <span class='ocrx_word' id='word_1_112' title='bbox 1428 1269 1607 1309; x_wconf 76' lang='lat' dir='ltr'>probrosum</span> <span class='ocrx_word' id='word_1_113' title='bbox 1620 1277 1685 1300; x_wconf 74' lang='lat' dir='ltr'>esso</span> 
     </span>
     <span class='ocr_line' id='line_1_19' title="bbox 235 1310 1685 1353; baseline -0.001 -10"><span class='ocrx_word' id='word_1_114' title='bbox 235 1313 367 1345; x_wconf 66' lang='lat' dir='ltr'>«inicum</span> <span class='ocrx_word' id='word_1_115' title='bbox 380 1313 504 1353; x_wconf 73' lang='lat' dir='ltr'>expelli,</span> <span class='ocrx_word' id='word_1_116' title='bbox 519 1313 597 1353; x_wconf 83' lang='lat' dir='ltr'>quod</span> <span class='ocrx_word' id='word_1_117' title='bbox 610 1313 651 1343; x_wconf 74' lang='lat' dir='ltr'>sit</span> <span class='ocrx_word' id='word_1_118' title='bbox 667 1311 821 1352; x_wconf 55' lang='lat' dir='ltr'>deflendus</span> <span class='ocrx_word' id='word_1_119' title='bbox 830 1322 841 1348; x_wconf 90' lang='lat'><em>;</em></span> <span class='ocrx_word' id='word_1_120' title='bbox 864 1316 893 1342; x_wconf 84' lang='lat' dir='ltr'>et</span> <span class='ocrx_word' id='word_1_121' title='bbox 909 1322 1025 1343; x_wconf 73' lang='lat' dir='ltr'>cessare</span> <span class='ocrx_word' id='word_1_122' title='bbox 1040 1323 1103 1344; x_wconf 79' lang='lat' dir='ltr'>esse</span> <span class='ocrx_word' id='word_1_123' title='bbox 1117 1317 1205 1343; x_wconf 80' lang='lat' dir='ltr'>tuum</span> <span class='ocrx_word' id='word_1_124' title='bbox 1219 1313 1297 1351; x_wconf 82' lang='lat' dir='ltr'>quod</span> <span class='ocrx_word' id='word_1_125' title='bbox 1311 1313 1354 1342; x_wconf 82' lang='lat' dir='ltr'>sit</span> <span class='ocrx_word' id='word_1_126' title='bbox 1365 1312 1469 1342; x_wconf 83' lang='lat' dir='ltr'>miser.</span> <span class='ocrx_word' id='word_1_127' title='bbox 1513 1310 1627 1341; x_wconf 78' lang='lat' dir='ltr'>Lenius</span> <span class='ocrx_word' id='word_1_128' title='bbox 1640 1314 1685 1341; x_wconf 80' lang='lat' dir='ltr'>est</span> 
     </span>
     <span class='ocr_line' id='line_1_20' title="bbox 234 1352 1686 1395; baseline -0.003 -8"><span class='ocrx_word' id='word_1_129' title='bbox 234 1356 415 1387; x_wconf 74' lang='lat' dir='ltr'>submittere</span> <span class='ocrx_word' id='word_1_130' title='bbox 432 1365 553 1386; x_wconf 79' lang='lat' dir='ltr'><strong><em>mmmm</em></strong></span> <span class='ocrx_word' id='word_1_131' title='bbox 566 1358 667 1385; x_wconf 76' lang='lat' dir='ltr'>mento</span> <span class='ocrx_word' id='word_1_132' title='bbox 680 1354 805 1392; x_wconf 65' lang='lat' dir='ltr'>defesso,</span> <span class='ocrx_word' id='word_1_133' title='bbox 819 1364 910 1394; x_wconf 82' lang='lat' dir='ltr'><em>quam</em></span> <span class='ocrx_word' id='word_1_134' title='bbox 925 1355 1094 1395; x_wconf 75' lang='lat' dir='ltr'>deprimere</span> <span class='ocrx_word' id='word_1_135' title='bbox 1108 1365 1141 1385; x_wconf 86' lang='lat' dir='ltr'>os</span> <span class='ocrx_word' id='word_1_136' title='bbox 1152 1354 1288 1385; x_wconf 80' lang='lat' dir='ltr'>natantis</span> <span class='ocrx_word' id='word_1_137' title='bbox 1298 1354 1328 1383; x_wconf 81' lang='grc' dir='ltr'>ιἰι</span> <span class='ocrx_word' id='word_1_138' title='bbox 1342 1353 1428 1391; x_wconf 81' lang='lat' dir='ltr'>aquis</span> <span class='ocrx_word' id='word_1_139' title='bbox 1433 1352 1558 1392; x_wconf 81' lang='lat' dir='ltr'>fluidis.</span> <span class='ocrx_word' id='word_1_140' title='bbox 1607 1352 1686 1383; x_wconf 72' lang='lat' dir='ltr'>Vide</span> 
     </span>
     <span class='ocr_line' id='line_1_21' title="bbox 235 1394 1682 1437; baseline -0.002 -8"><span class='ocrx_word' id='word_1_141' title='bbox 235 1399 309 1437; x_wconf 75' lang='lat' dir='ltr'>quid</span> <span class='ocrx_word' id='word_1_142' title='bbox 323 1396 579 1435; x_wconf 81' lang='lat' dir='ltr'>AEacidesfaciat</span> <span class='ocrx_word' id='word_1_143' title='bbox 594 1397 690 1427; x_wconf 81' lang='lat' dir='ltr'>amico</span> <span class='ocrx_word' id='word_1_144' title='bbox 703 1399 771 1436; x_wconf 73' lang='lat' dir='ltr'>post</span> <span class='ocrx_word' id='word_1_145' title='bbox 780 1396 872 1434; x_wconf 78' lang='lat' dir='ltr'>sata:</span> <span class='ocrx_word' id='word_1_146' title='bbox 893 1401 984 1437; x_wconf 79' lang='lat' dir='ltr'>atque</span> <span class='ocrx_word' id='word_1_147' title='bbox 997 1399 1086 1428; x_wconf 77' lang='lat' dir='ltr'>crede</span> <span class='ocrx_word' id='word_1_148' title='bbox 1100 1398 1178 1428; x_wconf 81' lang='lat' dir='ltr'><em>hanc</em></span> <span class='ocrx_word' id='word_1_149' title='bbox 1191 1396 1287 1427; x_wconf 77' lang='lat' dir='ltr'>vitam</span> <span class='ocrx_word' id='word_1_150' title='bbox 1302 1395 1412 1425; x_wconf 79' lang='lat' dir='ltr'>habere</span> <span class='ocrx_word' id='word_1_151' title='bbox 1433 1395 1550 1433; x_wconf 77' lang='lat' dir='ltr'>pondus</span> <span class='ocrx_word' id='word_1_152' title='bbox 1565 1394 1682 1426; x_wconf 73' lang='lat' dir='ltr'>mortis·</span> 
     </span>
     <span class='ocr_line' id='line_1_22' title="bbox 238 1435 1685 1478; baseline -0.002 -8"><span class='ocrx_word' id='word_1_153' title='bbox 238 1440 371 1470; x_wconf 76' lang='lat' dir='ltr'>Theseus</span> <span class='ocrx_word' id='word_1_154' title='bbox 394 1442 515 1469; x_wconf 79' lang='lat' dir='ltr'>secutus</span> <span class='ocrx_word' id='word_1_155' title='bbox 537 1442 583 1469; x_wconf 81' lang='lat' dir='ltr'>est</span> <span class='ocrx_word' id='word_1_156' title='bbox 609 1439 786 1469; x_wconf 77' lang='lat' dir='ltr'>Pirithoum</span> <span class='ocrx_word' id='word_1_157' title='bbox 806 1440 847 1468; x_wconf 72' lang='lat' dir='ltr'>acl</span> <span class='ocrx_word' id='word_1_158' title='bbox 873 1448 967 1478; x_wconf 79' lang='lat' dir='ltr'>aquas</span> <span class='ocrx_word' id='word_1_159' title='bbox 986 1439 1122 1476; x_wconf 81' lang='lat' dir='ltr'>inferas.-</span> <span class='ocrx_word' id='word_1_160' title='bbox 1146 1441 1293 1478; x_wconf 78' lang='lat' dir='ltr'>quantum</span> <span class='ocrx_word' id='word_1_161' title='bbox 1309 1436 1383 1474; x_wconf 79' lang='lat' dir='ltr'>fata</span> <span class='ocrx_word' id='word_1_162' title='bbox 1401 1446 1469 1466; x_wconf 81' lang='lat' dir='ltr'>mea</span> <span class='ocrx_word' id='word_1_163' title='bbox 1484 1436 1630 1475; x_wconf 68' lang='lat' dir='ltr'>differ-uni</span> <span class='ocrx_word' id='word_1_164' title='bbox 1646 1435 1685 1467; x_wconf 78' lang='lat' dir='ltr'>ab</span> 
     </span>
     <span class='ocr_line' id='line_1_23' title="bbox 235 1478 1685 1521; baseline -0.003 -10"><span class='ocrx_word' id='word_1_165' title='bbox 235 1483 323 1521; x_wconf 73' lang='lat' dir='ltr'>aquis</span> <span class='ocrx_word' id='word_1_166' title='bbox 337 1479 473 1518; x_wconf 83' lang='lat' dir='ltr'>inferis!</span> <span class='ocrx_word' id='word_1_167' title='bbox 515 1480 697 1510; x_wconf 77' lang='lat' dir='ltr'>Adolescens</span> <span class='ocrx_word' id='word_1_168' title='bbox 726 1480 878 1511; x_wconf 77' lang='lat' dir='ltr'>lecoeus</span> <span class='ocrx_word' id='word_1_169' title='bbox 903 1490 988 1519; x_wconf 86' lang='lat' dir='ltr'>opem</span> <span class='ocrx_word' id='word_1_170' title='bbox 1008 1481 1081 1510; x_wconf 77' lang='lat' dir='ltr'>tulit</span> <span class='ocrx_word' id='word_1_171' title='bbox 1104 1481 1224 1510; x_wconf 75' lang='lat' dir='ltr'>Oresta:</span> <span class='ocrx_word' id='word_1_172' title='bbox 1249 1489 1374 1509; x_wconf 75' lang='lat' dir='ltr'>vesano:</span> <span class='ocrx_word' id='word_1_173' title='bbox 1397 1488 1479 1508; x_wconf 80' lang='lat' dir='ltr'>meus</span> <span class='ocrx_word' id='word_1_174' title='bbox 1493 1487 1579 1508; x_wconf 84' lang='lat' dir='ltr'>error</span> <span class='ocrx_word' id='word_1_175' title='bbox 1591 1478 1685 1508; x_wconf 77' lang='lat' dir='ltr'>etiam</span> 
     </span>
     <span class='ocr_line' id='line_1_24' title="bbox 236 1520 1685 1560; baseline -0.003 -6"><span class='ocrx_word' id='word_1_176' title='bbox 236 1534 295 1554; x_wconf 79' lang='lat' dir='ltr'>non</span> <span class='ocrx_word' id='word_1_177' title='bbox 310 1525 393 1554; x_wconf 79' lang='lat' dir='ltr'>caret</span> <span class='ocrx_word' id='word_1_178' title='bbox 409 1522 508 1553; x_wconf 84' lang='lat' dir='ltr'>multa</span> <span class='ocrx_word' id='word_1_179' title='bbox 523 1521 655 1552; x_wconf 74' lang='lat' dir='ltr'>insania.</span> <span class='ocrx_word' id='word_1_180' title='bbox 703 1521 751 1552; x_wconf 83' lang='lat' dir='ltr'>Tu</span> <span class='ocrx_word' id='word_1_181' title='bbox 774 1521 868 1551; x_wconf 82' lang='lat' dir='ltr'>etiam</span> <span class='ocrx_word' id='word_1_182' title='bbox 897 1522 1026 1553; x_wconf 70' lang='lat' dir='ltr'>admitte</span> <span class='ocrx_word' id='word_1_183' title='bbox 1046 1522 1178 1560; x_wconf 79' lang='lat' dir='ltr'>gloriam</span> <span class='ocrx_word' id='word_1_184' title='bbox 1199 1521 1333 1551; x_wconf 84' lang='lat' dir='ltr'>virorum</span> <span class='ocrx_word' id='word_1_185' title='bbox 1347 1520 1535 1556; x_wconf 75' lang='lat' dir='ltr'>illustrium,-</span> <span class='ocrx_word' id='word_1_186' title='bbox 1550 1523 1580 1551; x_wconf 69' lang='grc' dir='ltr'>ει</span> <span class='ocrx_word' id='word_1_187' title='bbox 1594 1520 1685 1553; x_wconf 62' lang='lat' dir='ltr'>simili</span> 
     </span>
    </p>
   </div>
   <div class='ocr_carea' id='block_1_6' title="bbox 841 1603 1074 1615">
    <p class='ocr_par' dir='ltr' id='par_1_12' title="bbox 841 1603 1074 1615">
     <span class='ocr_line' id='line_1_25' title="bbox 841 1603 1074 1615; baseline 0 -1"><span class='ocrx_word' id='word_1_188' title='bbox 841 1603 1074 1615; x_wconf 60' lang='lat' dir='ltr'>eeeeeeeeeeee</span> 
     </span>
    </p>
   </div>
   <div class='ocr_carea' id='block_1_7' title="bbox 238 1654 1690 1997">
    <p class='ocr_par' dir='ltr' id='par_1_13' title="bbox 238 1654 1690 1997">
     <span class='ocr_line' id='line_1_26' title="bbox 241 1654 1688 1699; baseline -0.002 -8"><span class='ocrx_word' id='word_1_189' title='bbox 241 1659 481 1691; x_wconf 74' lang='lat' dir='ltr'>substituisse:</span> <span class='ocrx_word' id='word_1_190' title='bbox 505 1658 548 1689; x_wconf 84' lang='lat' dir='ltr'>de</span> <span class='ocrx_word' id='word_1_191' title='bbox 571 1658 667 1699; x_wconf 83' lang='lat' dir='ltr'>cujus</span> <span class='ocrx_word' id='word_1_192' title='bbox 693 1667 859 1689; x_wconf 85' lang='lat' dir='ltr'>consensu</span> <span class='ocrx_word' id='word_1_193' title='bbox 882 1657 963 1688; x_wconf 84' lang='lat' dir='ltr'>mihi</span> <span class='ocrx_word' id='word_1_194' title='bbox 989 1658 1150 1698; x_wconf 79' lang='lat' dir='ltr'>gratulor.</span> <span class='ocrx_word' id='word_1_195' title='bbox 1173 1657 1372 1688; x_wconf 71' lang='lat' dir='ltr'><strong><em>Burm.-—35</em></strong></span> <span class='ocrx_word' id='word_1_196' title='bbox 1396 1654 1449 1687; x_wconf 87' lang='lat' dir='ltr'>Sa.</span> <span class='ocrx_word' id='word_1_197' title='bbox 1481 1655 1522 1686; x_wconf 86' lang='lat' dir='ltr'>Te</span> <span class='ocrx_word' id='word_1_198' title='bbox 1547 1655 1622 1686; x_wconf 81' lang='lat' dir='ltr'>(luce</span> <span class='ocrx_word' id='word_1_199' title='bbox 1647 1657 1688 1688; x_wconf 76' lang='lat' dir='ltr'>te.</span> 
     </span>
     <span class='ocr_line' id='line_1_27' title="bbox 240 1697 1688 1741; baseline -0.002 -8"><span class='ocrx_word' id='word_1_200' title='bbox 240 1705 324 1733; x_wconf 80' lang='lat'>-37</span> <span class='ocrx_word' id='word_1_201' title='bbox 348 1702 445 1741; x_wconf 74' lang='lat' dir='ltr'>Abigi</span> <span class='ocrx_word' id='word_1_202' title='bbox 460 1701 675 1732; x_wconf 82' lang='lat' dir='ltr'>scribendum</span> <span class='ocrx_word' id='word_1_203' title='bbox 699 1704 813 1730; x_wconf 86' lang='lat' dir='ltr'>monet</span> <span class='ocrx_word' id='word_1_204' title='bbox 840 1699 958 1731; x_wconf 81' lang='lat' dir='ltr'>Heius.</span> <span class='ocrx_word' id='word_1_205' title='bbox 974 1710 1036 1741; x_wconf 85' lang='lat' dir='ltr'>pro</span> <span class='ocrx_word' id='word_1_206' title='bbox 1067 1701 1156 1741; x_wconf 82' lang='lat' dir='ltr'><strong>vulg.</strong></span> <span class='ocrx_word' id='word_1_207' title='bbox 1178 1700 1269 1731; x_wconf 79' lang='lat' dir='ltr'>abici.</span> <span class='ocrx_word' id='word_1_208' title='bbox 1292 1697 1428 1730; x_wconf 86' lang='lat' dir='ltr'>Deinde</span> <span class='ocrx_word' id='word_1_209' title='bbox 1457 1697 1500 1729; x_wconf 89' lang='lat' dir='ltr'>R.</span> <span class='ocrx_word' id='word_1_210' title='bbox 1521 1697 1688 1730; x_wconf 70' lang='lat' dir='ltr'>miseram.</span> 
     </span>
     <span class='ocr_line' id='line_1_28' title="bbox 241 1739 1690 1784; baseline -0.004 -9"><span class='ocrx_word' id='word_1_211' title='bbox 241 1746 454 1776; x_wconf 78' lang='lat' dir='ltr'>amicus.—39</span> <span class='ocrx_word' id='word_1_212' title='bbox 476 1743 605 1784; x_wconf 82' lang='lat' dir='ltr'>Scripti</span> <span class='ocrx_word' id='word_1_213' title='bbox 629 1747 664 1773; x_wconf 83' lang='lat' dir='ltr'>et</span> <span class='ocrx_word' id='word_1_214' title='bbox 680 1742 764 1773; x_wconf 84' lang='lat' dir='ltr'>editi</span> <span class='ocrx_word' id='word_1_215' title='bbox 787 1742 937 1772; x_wconf 82' lang='lat' dir='ltr'>nonnulli</span> <span class='ocrx_word' id='word_1_216' title='bbox 962 1746 1008 1773; x_wconf 80' lang='lat' dir='ltr'>est</span> <span class='ocrx_word' id='word_1_217' title='bbox 1031 1744 1113 1783; x_wconf 81' lang='lat' dir='ltr'>lapso</span> <span class='ocrx_word' id='word_1_218' title='bbox 1136 1743 1202 1782; x_wconf 81' lang='lat' dir='ltr'>dig.</span> <span class='ocrx_word' id='word_1_219' title='bbox 1239 1742 1336 1773; x_wconf 87' lang='lat' dir='ltr'>Serv.</span> <span class='ocrx_word' id='word_1_220' title='bbox 1363 1742 1465 1772; x_wconf 86' lang='lat' dir='ltr'>etiam</span> <span class='ocrx_word' id='word_1_221' title='bbox 1477 1739 1592 1779; x_wconf 82' lang='lat' dir='ltr'>digitos</span> <span class='ocrx_word' id='word_1_222' title='bbox 1619 1749 1690 1780; x_wconf 75' lang='lat' dir='ltr'>sup-</span> 
     </span>
     <span class='ocr_line' id='line_1_29' title="bbox 238 1782 1688 1827; baseline -0.003 -12"><span class='ocrx_word' id='word_1_223' title='bbox 238 1789 399 1827; x_wconf 55' lang='lat' dir='ltr'>pone—43</span> <span class='ocrx_word' id='word_1_224' title='bbox 424 1786 464 1816; x_wconf 89' lang='lat' dir='ltr'>V.</span> <span class='ocrx_word' id='word_1_225' title='bbox 480 1787 515 1817; x_wconf 82' lang='lat' dir='ltr'>S.</span> <span class='ocrx_word' id='word_1_226' title='bbox 530 1785 695 1816; x_wconf 65' lang='lat' dir='ltr'>concitarat</span> <span class='ocrx_word' id='word_1_227' title='bbox 717 1786 777 1819; x_wconf 82' lang='lat' dir='ltr'><strong><em>ad‚·</em></strong></span> <span class='ocrx_word' id='word_1_228' title='bbox 798 1789 831 1815; x_wconf 87' lang='lat' dir='ltr'>et</span> <span class='ocrx_word' id='word_1_229' title='bbox 846 1785 940 1816; x_wconf 82' lang='lat' dir='ltr'>Serv.</span> <span class='ocrx_word' id='word_1_230' title='bbox 955 1794 1031 1816; x_wconf 87' lang='lat' dir='ltr'>cum</span> <span class='ocrx_word' id='word_1_231' title='bbox 1047 1785 1178 1816; x_wconf 85' lang='lat' dir='ltr'>duobus</span> <span class='ocrx_word' id='word_1_232' title='bbox 1201 1785 1273 1815; x_wconf 84' lang='lat' dir='ltr'>aliis</span> <span class='ocrx_word' id='word_1_233' title='bbox 1284 1788 1320 1814; x_wconf 88' lang='lat' dir='ltr'>et</span> <span class='ocrx_word' id='word_1_234' title='bbox 1342 1784 1505 1822; x_wconf 81' lang='lat' dir='ltr'>Excerpt.</span> <span class='ocrx_word' id='word_1_235' title='bbox 1527 1782 1625 1813; x_wconf 87' lang='lat' dir='ltr'>Voss.</span> <span class='ocrx_word' id='word_1_236' title='bbox 1641 1791 1688 1812; x_wconf 84' lang='lat' dir='ltr'>co-</span> 
     </span>
     <span class='ocr_line' id='line_1_30' title="bbox 241 1824 1689 1868; baseline -0.004 -8"><span class='ocrx_word' id='word_1_237' title='bbox 241 1830 381 1860; x_wconf 78' lang='lat' dir='ltr'>mitatur.</span> <span class='ocrx_word' id='word_1_238' title='bbox 431 1829 604 1868; x_wconf 79' lang='lat' dir='ltr'>Excerpta</span> <span class='ocrx_word' id='word_1_239' title='bbox 626 1827 725 1858; x_wconf 84' lang='lat' dir='ltr'>Voss.</span> <span class='ocrx_word' id='word_1_240' title='bbox 750 1827 851 1857; x_wconf 82' lang='lat' dir='ltr'>etiam</span> <span class='ocrx_word' id='word_1_241' title='bbox 880 1831 914 1857; x_wconf 82' lang='lat' dir='ltr'>et</span> <span class='ocrx_word' id='word_1_242' title='bbox 938 1827 1003 1858; x_wconf 85' lang='lat' dir='ltr'>duo</span> <span class='ocrx_word' id='word_1_243' title='bbox 1031 1828 1108 1858; x_wconf 80' lang='lat' dir='ltr'>libri</span> <span class='ocrx_word' id='word_1_244' title='bbox 1135 1829 1175 1858; x_wconf 80' lang='lat' dir='ltr'>ad</span> <span class='ocrx_word' id='word_1_245' title='bbox 1203 1827 1422 1858; x_wconf 59' lang='lat' dir='ltr'><strong><em>umbras—44</em></strong></span> <span class='ocrx_word' id='word_1_246' title='bbox 1445 1824 1689 1864; x_wconf 67' lang='lat' dir='ltr'>Stygiis...aquis</span> 
     </span>
     <span class='ocr_line' id='line_1_31' title="bbox 242 1866 1688 1911; baseline -0.004 -9"><span class='ocrx_word' id='word_1_247' title='bbox 242 1881 284 1903; x_wconf 81' lang='lat' dir='ltr'>ex</span> <span class='ocrx_word' id='word_1_248' title='bbox 302 1872 473 1911; x_wconf 82' lang='lat' dir='ltr'>plerisque</span> <span class='ocrx_word' id='word_1_249' title='bbox 495 1875 580 1901; x_wconf 88' lang='lat' dir='ltr'>vett.</span> <span class='ocrx_word' id='word_1_250' title='bbox 598 1879 658 1910; x_wconf 80' lang='lat' dir='ltr'>pro</span> <span class='ocrx_word' id='word_1_251' title='bbox 675 1870 766 1909; x_wconf 79' lang='lat' dir='ltr'>vulg.</span> <span class='ocrx_word' id='word_1_252' title='bbox 795 1869 1037 1910; x_wconf 71' lang='lat' dir='ltr'>Stygia...aqua.</span> <span class='ocrx_word' id='word_1_253' title='bbox 1061 1871 1151 1901; x_wconf 83' lang='lat' dir='ltr'>Mors</span> <span class='ocrx_word' id='word_1_254' title='bbox 1165 1875 1218 1901; x_wconf 85' lang='lat' dir='ltr'>est</span> <span class='ocrx_word' id='word_1_255' title='bbox 1233 1879 1274 1901; x_wconf 86' lang='lat' dir='ltr'>ex</span> <span class='ocrx_word' id='word_1_256' title='bbox 1297 1868 1387 1909; x_wconf 86' lang='lat' dir='ltr'>conj.</span> <span class='ocrx_word' id='word_1_257' title='bbox 1404 1866 1521 1899; x_wconf 82' lang='lat' dir='ltr'>Heius.</span> <span class='ocrx_word' id='word_1_258' title='bbox 1538 1875 1600 1906; x_wconf 87' lang='lat' dir='ltr'>pro</span> <span class='ocrx_word' id='word_1_259' title='bbox 1609 1875 1688 1897; x_wconf 82' lang='lat' dir='ltr'>sors.</span> 
     </span>
     <span class='ocr_line' id='line_1_32' title="bbox 240 1907 1688 1952; baseline -0.004 -8"><span class='ocrx_word' id='word_1_260' title='bbox 240 1916 324 1944; x_wconf 82' lang='grc'>-45</span> <span class='ocrx_word' id='word_1_261' title='bbox 343 1913 411 1944; x_wconf 87' lang='lat' dir='ltr'>Alii</span> <span class='ocrx_word' id='word_1_262' title='bbox 425 1913 484 1943; x_wconf 79' lang='lat' dir='ltr'>Ph.</span> <span class='ocrx_word' id='word_1_263' title='bbox 502 1913 706 1944; x_wconf 41' lang='lat' dir='ltr'>Oresten-*46</span> <span class='ocrx_word' id='word_1_264' title='bbox 733 1912 864 1952; x_wconf 87' lang='lat' dir='ltr'><strong>Gryph.</strong></span> <span class='ocrx_word' id='word_1_265' title='bbox 881 1916 916 1943; x_wconf 88' lang='lat' dir='ltr'>et</span> <span class='ocrx_word' id='word_1_266' title='bbox 931 1913 988 1942; x_wconf 88' lang='lat' dir='ltr'>alii</span> <span class='ocrx_word' id='word_1_267' title='bbox 1010 1923 1068 1944; x_wconf 84' lang='lat' dir='ltr'>non</span> <span class='ocrx_word' id='word_1_268' title='bbox 1084 1912 1210 1943; x_wconf 83' lang='lat' dir='ltr'>nimium</span> <span class='ocrx_word' id='word_1_269' title='bbox 1231 1913 1398 1951; x_wconf 79' lang='lat' dir='ltr'>culp.—47</span> <span class='ocrx_word' id='word_1_270' title='bbox 1420 1907 1688 1943; x_wconf 78' lang='lat' dir='ltr'>Quatnordecim</span> 
     </span>
     <span class='ocr_line' id='line_1_33' title="bbox 240 1950 1688 1997; baseline -0.004 -10"><span class='ocrx_word' id='word_1_271' title='bbox 240 1956 361 1997; x_wconf 77' lang='lat' dir='ltr'>scripti</span> <span class='ocrx_word' id='word_1_272' title='bbox 388 1956 761 1988; x_wconf 76' lang='lat' dir='ltr'>admitt.Deormn.—48</span> <span class='ocrx_word' id='word_1_273' title='bbox 791 1954 845 1986; x_wconf 85' lang='lat' dir='ltr'>Sa.</span> <span class='ocrx_word' id='word_1_274' title='bbox 861 1959 897 1986; x_wconf 90' lang='lat' dir='ltr'>et</span> <span class='ocrx_word' id='word_1_275' title='bbox 909 1953 994 1996; x_wconf 85' lang='lat' dir='ltr'><strong>Arg.</strong></span> <span class='ocrx_word' id='word_1_276' title='bbox 1023 1956 1066 1987; x_wconf 78' lang='lat' dir='ltr'>Ut</span> <span class='ocrx_word' id='word_1_277' title='bbox 1081 1955 1187 1994; x_wconf 77' lang='lat' dir='ltr'>facias</span> <span class='ocrx_word' id='word_1_278' title='bbox 1208 1955 1302 1996; x_wconf 77' lang='lat' dir='ltr'>lapso,</span> <span class='ocrx_word' id='word_1_279' title='bbox 1315 1957 1350 1985; x_wconf 86' lang='lat' dir='ltr'>et</span> <span class='ocrx_word' id='word_1_280' title='bbox 1373 1956 1452 1985; x_wconf 87' lang='lat' dir='ltr'>octo</span> <span class='ocrx_word' id='word_1_281' title='bbox 1475 1953 1562 1983; x_wconf 77' lang='lat' dir='ltr'>lasso.</span> <span class='ocrx_word' id='word_1_282' title='bbox 1584 1950 1688 1983; x_wconf 76' lang='lat' dir='ltr'>Mum</span> 
     </span>
    </p>
   </div>
   <div class='ocr_carea' id='block_1_8' title="bbox 900 2049 1041 2082">
    <p class='ocr_par' dir='ltr' id='par_1_14' title="bbox 900 2049 1041 2082">
     <span class='ocr_line' id='line_1_34' title="bbox 900 2049 1041 2082; baseline -0.014 0"><span class='ocrx_word' id='word_1_283' title='bbox 900 2049 1041 2082; x_wconf 83' lang='lat' dir='ltr'><strong>NOTAE</strong></span> 
     </span>
    </p>
   </div>
   <div class='ocr_carea' id='block_1_9' title="bbox 243 2123 945 2763">
    <p class='ocr_par' dir='ltr' id='par_1_15' title="bbox 243 2123 938 2208">
     <span class='ocr_line' id='line_1_35' title="bbox 243 2123 938 2165; baseline 0 -10"><span class='ocrx_word' id='word_1_284' title='bbox 243 2126 325 2156; x_wconf 76' lang='lat' dir='ltr'>tutis</span> <span class='ocrx_word' id='word_1_285' title='bbox 342 2124 531 2156; x_wconf 82' lang='lat' dir='ltr'>mercedem</span> <span class='ocrx_word' id='word_1_286' title='bbox 546 2124 690 2165; x_wconf 86' lang='lat' dir='ltr'>probum</span> <span class='ocrx_word' id='word_1_287' title='bbox 703 2128 738 2155; x_wconf 85' lang='lat' dir='ltr'>et</span> <span class='ocrx_word' id='word_1_288' title='bbox 752 2123 938 2156; x_wconf 87' lang='lat' dir='ltr'>officiosum</span> 
     </span>
     <span class='ocr_line' id='line_1_36' title="bbox 244 2175 359 2208; baseline 0.026 -3"><span class='ocrx_word' id='word_1_289' title='bbox 244 2175 359 2208; x_wconf 79' lang='lat' dir='ltr'>fuisse.</span> 
     </span>
    </p>

    <p class='ocr_par' dir='ltr' id='par_1_16' title="bbox 246 2223 944 2655">
     <span class='ocr_line' id='line_1_37' title="bbox 286 2223 939 2263; baseline -0.005 -8"><span class='ocrx_word' id='word_1_290' title='bbox 286 2229 325 2255; x_wconf 81' lang='lat'>35</span> <span class='ocrx_word' id='word_1_291' title='bbox 354 2224 464 2263; x_wconf 80' lang='lat' dir='ltr'>Curet]</span> <span class='ocrx_word' id='word_1_292' title='bbox 487 2223 669 2254; x_wconf 81' lang='lat' dir='ltr'>Verissime</span> <span class='ocrx_word' id='word_1_293' title='bbox 683 2232 785 2253; x_wconf 87' lang='lat' dir='ltr'>sane:</span> <span class='ocrx_word' id='word_1_294' title='bbox 811 2227 939 2253; x_wconf 87' lang='lat' dir='ltr'>utcum-</span> 
     </span>
     <span class='ocr_line' id='line_1_38' title="bbox 246 2274 940 2317; baseline -0.004 -11"><span class='ocrx_word' id='word_1_295' title='bbox 246 2286 311 2317; x_wconf 83' lang='lat' dir='ltr'>que</span> <span class='ocrx_word' id='word_1_296' title='bbox 328 2275 416 2307; x_wconf 86' lang='lat' dir='ltr'>enim</span> <span class='ocrx_word' id='word_1_297' title='bbox 434 2274 574 2306; x_wconf 81' lang='lat' dir='ltr'>cordato</span> <span class='ocrx_word' id='word_1_298' title='bbox 589 2274 661 2304; x_wconf 83' lang='lat' dir='ltr'>viro</span> <span class='ocrx_word' id='word_1_299' title='bbox 688 2274 787 2304; x_wconf 80' lang='lat' dir='ltr'>etiam</span> <span class='ocrx_word' id='word_1_300' title='bbox 813 2283 940 2304; x_wconf 80' lang='lat' dir='ltr'>merca-</span> 
     </span>
     <span class='ocr_line' id='line_1_39' title="bbox 246 2323 940 2364; baseline -0.009 -7"><span class='ocrx_word' id='word_1_301' title='bbox 246 2333 359 2358; x_wconf 75' lang='lat' dir='ltr'>tui-ani</span> <span class='ocrx_word' id='word_1_302' title='bbox 376 2325 488 2356; x_wconf 78' lang='lat' dir='ltr'>facero</span> <span class='ocrx_word' id='word_1_303' title='bbox 505 2329 540 2356; x_wconf 90' lang='lat' dir='ltr'>et</span> <span class='ocrx_word' id='word_1_304' title='bbox 557 2323 706 2364; x_wconf 81' lang='lat' dir='ltr'>profiteri</span> <span class='ocrx_word' id='word_1_305' title='bbox 723 2323 773 2354; x_wconf 84' lang='lat' dir='ltr'>sui</span> <span class='ocrx_word' id='word_1_306' title='bbox 788 2332 887 2353; x_wconf 77' lang='lat' dir='ltr'>causa</span> <span class='ocrx_word' id='word_1_307' title='bbox 903 2323 940 2352; x_wconf 90' lang='lat' dir='ltr'>li-</span> 
     </span>
     <span class='ocr_line' id='line_1_40' title="bbox 246 2374 941 2415; baseline -0.007 -8"><span class='ocrx_word' id='word_1_308' title='bbox 246 2380 337 2415; x_wconf 73' lang='lat' dir='ltr'>cent,</span> <span class='ocrx_word' id='word_1_309' title='bbox 352 2385 425 2415; x_wconf 79' lang='lat' dir='ltr'>quae</span> <span class='ocrx_word' id='word_1_310' title='bbox 442 2379 495 2405; x_wconf 81' lang='lat' dir='ltr'>est.</span> <span class='ocrx_word' id='word_1_311' title='bbox 518 2379 633 2405; x_wconf 85' lang='lat' dir='ltr'>nostra</span> <span class='ocrx_word' id='word_1_312' title='bbox 649 2374 774 2413; x_wconf 84' lang='lat' dir='ltr'>inopia,</span> <span class='ocrx_word' id='word_1_313' title='bbox 801 2382 864 2403; x_wconf 86' lang='lat' dir='ltr'>non</span> <span class='ocrx_word' id='word_1_314' title='bbox 894 2376 941 2402; x_wconf 75' lang='lat' dir='ltr'>ta-</span> 
     </span>
     <span class='ocr_line' id='line_1_41' title="bbox 246 2422 941 2465; baseline -0.006 -9"><span class='ocrx_word' id='word_1_315' title='bbox 246 2435 323 2456; x_wconf 83' lang='lat' dir='ltr'>men</span> <span class='ocrx_word' id='word_1_316' title='bbox 348 2425 431 2456; x_wconf 84' lang='lat' dir='ltr'>illud</span> <span class='ocrx_word' id='word_1_317' title='bbox 458 2425 568 2465; x_wconf 80' lang='lat' dir='ltr'>ipsum</span> <span class='ocrx_word' id='word_1_318' title='bbox 595 2423 685 2455; x_wconf 88' lang='lat' dir='ltr'>laudi</span> <span class='ocrx_word' id='word_1_319' title='bbox 711 2422 859 2458; x_wconf 77' lang='lat' dir='ltr'>duxerit,</span> <span class='ocrx_word' id='word_1_320' title='bbox 884 2426 941 2452; x_wconf 80' lang='lat' dir='ltr'>aut</span> 
     </span>
     <span class='ocr_line' id='line_1_42' title="bbox 248 2472 941 2514; baseline -0.006 -8"><span class='ocrx_word' id='word_1_321' title='bbox 248 2475 310 2506; x_wconf 82' lang='lat' dir='ltr'>sibi</span> <span class='ocrx_word' id='word_1_322' title='bbox 344 2474 480 2505; x_wconf 80' lang='lat' dir='ltr'>virtutis</span> <span class='ocrx_word' id='word_1_323' title='bbox 508 2475 581 2504; x_wconf 80' lang='lat' dir='ltr'>loco</span> <span class='ocrx_word' id='word_1_324' title='bbox 614 2473 823 2514; x_wconf 80' lang='lat' dir='ltr'>apposuerit,</span> <span class='ocrx_word' id='word_1_325' title='bbox 852 2472 941 2513; x_wconf 83' lang='lat' dir='ltr'>quod</span> 
     </span>
     <span class='ocr_line' id='line_1_43' title="bbox 246 2521 943 2560; baseline -0.006 -5"><span class='ocrx_word' id='word_1_326' title='bbox 246 2534 313 2555; x_wconf 84' lang='lat' dir='ltr'>non</span> <span class='ocrx_word' id='word_1_327' title='bbox 350 2524 586 2555; x_wconf 66' lang='lat' dir='ltr'>scelestissima</span> <span class='ocrx_word' id='word_1_328' title='bbox 625 2522 724 2553; x_wconf 85' lang='lat' dir='ltr'>modo</span> <span class='ocrx_word' id='word_1_329' title='bbox 762 2521 943 2560; x_wconf 82' lang='lat' dir='ltr'>hominum,</span> 
     </span>
     <span class='ocr_line' id='line_1_44' title="bbox 249 2572 944 2612; baseline -0.004 -7"><span class='ocrx_word' id='word_1_330' title='bbox 249 2576 309 2605; x_wconf 76' lang='lat' dir='ltr'>sed</span> <span class='ocrx_word' id='word_1_331' title='bbox 339 2575 517 2605; x_wconf 77' lang='lat' dir='ltr'>brutorum</span> <span class='ocrx_word' id='word_1_332' title='bbox 556 2573 763 2604; x_wconf 80' lang='lat' dir='ltr'>ferocissima</span> <span class='ocrx_word' id='word_1_333' title='bbox 800 2572 944 2612; x_wconf 76' lang='lat' dir='ltr'>ingenia,</span> 
     </span>
     <span class='ocr_line' id='line_1_45' title="bbox 248 2622 723 2655; baseline 0 -2"><span class='ocrx_word' id='word_1_334' title='bbox 248 2624 357 2655; x_wconf 85' lang='lat' dir='ltr'>minus</span> <span class='ocrx_word' id='word_1_335' title='bbox 373 2624 524 2655; x_wconf 82' lang='lat' dir='ltr'>minusve</span> <span class='ocrx_word' id='word_1_336' title='bbox 540 2622 723 2654; x_wconf 79' lang='lat' dir='ltr'>omiserint.</span> 
     </span>
    </p>

    <p class='ocr_par' dir='ltr' id='par_1_17' title="bbox 254 2670 945 2763">
     <span class='ocr_line' id='line_1_46' title="bbox 294 2670 945 2711; baseline -0.005 -8"><span class='ocrx_word' id='word_1_337' title='bbox 294 2675 333 2702; x_wconf 74' lang='lat'>41</span> <span class='ocrx_word' id='word_1_338' title='bbox 359 2672 517 2711; x_wconf 76' lang='lat' dir='ltr'>AEacidcs]</span> <span class='ocrx_word' id='word_1_339' title='bbox 544 2672 689 2703; x_wconf 82' lang='lat' dir='ltr'>Achilles</span> <span class='ocrx_word' id='word_1_340' title='bbox 709 2670 805 2702; x_wconf 83' lang='lat' dir='ltr'>AEaci</span> <span class='ocrx_word' id='word_1_341' title='bbox 829 2679 945 2710; x_wconf 80' lang='lat' dir='ltr'>nepos,</span> 
     </span>
     <span class='ocr_line' id='line_1_47' title="bbox 254 2718 945 2763; baseline -0.001 -11"><span class='ocrx_word' id='word_1_342' title='bbox 254 2721 310 2763; x_wconf 87' lang='lat' dir='ltr'>qul</span> <span class='ocrx_word' id='word_1_343' title='bbox 326 2722 478 2753; x_wconf 75' lang='lat' dir='ltr'>Patrocli</span> <span class='ocrx_word' id='word_1_344' title='bbox 493 2720 591 2753; x_wconf 81' lang='lat' dir='ltr'>amici</span> <span class='ocrx_word' id='word_1_345' title='bbox 607 2730 706 2752; x_wconf 77' lang='lat' dir='ltr'>causa</span> <span class='ocrx_word' id='word_1_346' title='bbox 719 2729 811 2752; x_wconf 78' lang='lat' dir='ltr'>arma</span> <span class='ocrx_word' id='word_1_347' title='bbox 825 2718 945 2751; x_wconf 85' lang='lat' dir='ltr'>induit.</span> 
     </span>
    </p>
   </div>
   <div class='ocr_carea' id='block_1_10' title="bbox 992 2119 1690 2762">
    <p class='ocr_par' dir='ltr' id='par_1_18' title="bbox 992 2119 1689 2205">
     <span class='ocr_line' id='line_1_48' title="bbox 1033 2119 1689 2165; baseline -0.011 -9"><span class='ocrx_word' id='word_1_348' title='bbox 1033 2128 1075 2155; x_wconf 83' lang='grc'>42</span> <span class='ocrx_word' id='word_1_349' title='bbox 1099 2124 1206 2165; x_wconf 79' lang='lat' dir='ltr'><em>Hunc]</em></span> <span class='ocrx_word' id='word_1_350' title='bbox 1228 2123 1458 2156; x_wconf 81' lang='lat' dir='ltr'>AErumuosam</span> <span class='ocrx_word' id='word_1_351' title='bbox 1472 2129 1571 2162; x_wconf 87' lang='lat' dir='ltr'>quam</span> <span class='ocrx_word' id='word_1_352' title='bbox 1584 2119 1637 2151; x_wconf 91' lang='lat' dir='ltr'>hic</span> <span class='ocrx_word' id='word_1_353' title='bbox 1654 2119 1689 2150; x_wconf 87' lang='lat' dir='ltr'>in</span> 
     </span>
     <span class='ocr_line' id='line_1_49' title="bbox 992 2174 1221 2205; baseline -0.004 0"><span class='ocrx_word' id='word_1_354' title='bbox 992 2174 1092 2205; x_wconf 82' lang='lat' dir='ltr'>Getis</span> <span class='ocrx_word' id='word_1_355' title='bbox 1112 2175 1221 2205; x_wconf 83' lang='lat' dir='ltr'>traho.</span> 
     </span>
    </p>

    <p class='ocr_par' dir='ltr' id='par_1_19' title="bbox 992 2217 1688 2361">
     <span class='ocr_line' id='line_1_50' title="bbox 1035 2217 1688 2261; baseline -0.009 -8"><span class='ocrx_word' id='word_1_356' title='bbox 1035 2223 1178 2261; x_wconf 77' lang='lat' dir='ltr'>Habere]</span> <span class='ocrx_word' id='word_1_357' title='bbox 1201 2223 1250 2253; x_wconf 89' lang='lat' dir='ltr'>Ut</span> <span class='ocrx_word' id='word_1_358' title='bbox 1277 2232 1352 2253; x_wconf 87' lang='lat' dir='ltr'>cum</span> <span class='ocrx_word' id='word_1_359' title='bbox 1379 2222 1453 2252; x_wconf 84' lang='lat' dir='ltr'>haec</span> <span class='ocrx_word' id='word_1_360' title='bbox 1477 2219 1549 2250; x_wconf 85' lang='lat' dir='ltr'>vita</span> <span class='ocrx_word' id='word_1_361' title='bbox 1569 2217 1688 2248; x_wconf 77' lang='lat' dir='ltr'>mortis</span> 
     </span>
     <span class='ocr_line' id='line_1_51' title="bbox 992 2270 1687 2310; baseline -0.006 -8"><span class='ocrx_word' id='word_1_362' title='bbox 992 2272 1065 2303; x_wconf 85' lang='lat' dir='ltr'>loeo</span> <span class='ocrx_word' id='word_1_363' title='bbox 1082 2273 1258 2310; x_wconf 81' lang='lat' dir='ltr'>habeatur,</span> <span class='ocrx_word' id='word_1_364' title='bbox 1274 2272 1339 2302; x_wconf 88' lang='lat' dir='ltr'>mei</span> <span class='ocrx_word' id='word_1_365' title='bbox 1363 2280 1429 2300; x_wconf 88' lang='lat' dir='ltr'>nou</span> <span class='ocrx_word' id='word_1_366' title='bbox 1456 2270 1556 2299; x_wconf 83' lang='lat' dir='ltr'>aliter</span> <span class='ocrx_word' id='word_1_367' title='bbox 1572 2277 1687 2298; x_wconf 76' lang='lat' dir='ltr'>curam</span> 
     </span>
     <span class='ocr_line' id='line_1_52' title="bbox 995 2317 1688 2361; baseline -0.003 -10"><span class='ocrx_word' id='word_1_368' title='bbox 995 2331 1104 2360; x_wconf 69' lang='lat' dir='ltr'>geras,</span> <span class='ocrx_word' id='word_1_369' title='bbox 1116 2331 1214 2361; x_wconf 78' lang='lat' dir='ltr'>quani</span> <span class='ocrx_word' id='word_1_370' title='bbox 1231 2320 1382 2351; x_wconf 80' lang='lat' dir='ltr'>Patrocli</span> <span class='ocrx_word' id='word_1_371' title='bbox 1396 2319 1519 2350; x_wconf 84' lang='lat' dir='ltr'>mortui</span> <span class='ocrx_word' id='word_1_372' title='bbox 1530 2317 1688 2349; x_wconf 84' lang='lat' dir='ltr'>Achilles.</span> 
     </span>
    </p>

    <p class='ocr_par' dir='ltr' id='par_1_20' title="bbox 994 2366 1690 2560">
     <span class='ocr_line' id='line_1_53' title="bbox 1037 2366 1690 2410; baseline -0.002 -10"><span class='ocrx_word' id='word_1_373' title='bbox 1037 2373 1076 2401; x_wconf 71' lang='lat'>43</span> <span class='ocrx_word' id='word_1_374' title='bbox 1094 2370 1238 2410; x_wconf 76' lang='lat' dir='ltr'>Stygius]</span> <span class='ocrx_word' id='word_1_375' title='bbox 1260 2370 1371 2408; x_wconf 81' lang='lat' dir='ltr'>Stygis</span> <span class='ocrx_word' id='word_1_376' title='bbox 1383 2368 1572 2399; x_wconf 82' lang='lat' dir='ltr'>Inferorum</span> <span class='ocrx_word' id='word_1_377' title='bbox 1585 2366 1690 2399; x_wconf 78' lang='lat' dir='ltr'>fluvii.</span> 
     </span>
     <span class='ocr_line' id='line_1_54' title="bbox 994 2418 1689 2460; baseline -0.004 -11"><span class='ocrx_word' id='word_1_378' title='bbox 994 2419 1029 2449; x_wconf 87' lang='lat' dir='ltr'>Si</span> <span class='ocrx_word' id='word_1_379' title='bbox 1045 2419 1117 2460; x_wconf 85' lang='lat' dir='ltr'>quis</span> <span class='ocrx_word' id='word_1_380' title='bbox 1145 2424 1256 2450; x_wconf 81' lang='lat' dir='ltr'>autem</span> <span class='ocrx_word' id='word_1_381' title='bbox 1286 2419 1473 2449; x_wconf 81' lang='lat' dir='ltr'>tritissimas</span> <span class='ocrx_word' id='word_1_382' title='bbox 1497 2418 1598 2448; x_wconf 82' lang='lat' dir='ltr'>hasce</span> <span class='ocrx_word' id='word_1_383' title='bbox 1620 2426 1689 2447; x_wconf 83' lang='lat' dir='ltr'>non</span> 
     </span>
     <span class='ocr_line' id='line_1_55' title="bbox 994 2467 1690 2509; baseline -0.001 -10"><span class='ocrx_word' id='word_1_384' title='bbox 994 2469 1153 2509; x_wconf 78' lang='lat' dir='ltr'>intelligis</span> <span class='ocrx_word' id='word_1_385' title='bbox 1183 2469 1326 2507; x_wconf 83' lang='lat' dir='ltr'>fabulas,</span> <span class='ocrx_word' id='word_1_386' title='bbox 1363 2468 1490 2499; x_wconf 89' lang='lat' dir='ltr'>Iudicis</span> <span class='ocrx_word' id='word_1_387' title='bbox 1525 2467 1690 2499; x_wconf 81' lang='lat' dir='ltr'>beneficio</span> 
     </span>
     <span class='ocr_line' id='line_1_56' title="bbox 995 2518 1413 2560; baseline 0 -12"><span class='ocrx_word' id='word_1_388' title='bbox 995 2528 1108 2560; x_wconf 67' lang='lat' dir='ltr'>quaere</span> <span class='ocrx_word' id='word_1_389' title='bbox 1125 2519 1157 2549; x_wconf 85' lang='lat' dir='ltr'>in</span> <span class='ocrx_word' id='word_1_390' title='bbox 1174 2518 1413 2559; x_wconf 72' lang='lat' dir='ltr'>superioribus.</span> 
     </span>
    </p>

    <p class='ocr_par' dir='ltr' id='par_1_21' title="bbox 997 2566 1689 2650">
     <span class='ocr_line' id='line_1_57' title="bbox 1038 2566 1689 2608; baseline -0.002 -10"><span class='ocrx_word' id='word_1_391' title='bbox 1038 2571 1079 2599; x_wconf 71' lang='grc'>4-1</span> <span class='ocrx_word' id='word_1_392' title='bbox 1115 2568 1285 2608; x_wconf 74' lang='lat' dir='ltr'>Quantum]</span> <span class='ocrx_word' id='word_1_393' title='bbox 1318 2568 1453 2608; x_wconf 79' lang='lat' dir='ltr'>Parum,</span> <span class='ocrx_word' id='word_1_394' title='bbox 1478 2566 1527 2597; x_wconf 84' lang='lat' dir='ltr'>uti</span> <span class='ocrx_word' id='word_1_395' title='bbox 1552 2566 1689 2608; x_wconf 86' lang='lat' dir='ltr'>quidem</span> 
     </span>
     <span class='ocr_line' id='line_1_58' title="bbox 997 2618 1203 2650; baseline -0.005 0"><span class='ocrx_word' id='word_1_396' title='bbox 997 2620 1069 2650; x_wconf 86' lang='lat' dir='ltr'>vult</span> <span class='ocrx_word' id='word_1_397' title='bbox 1085 2618 1203 2650; x_wconf 80' lang='lat' dir='ltr'>videri.</span> 
     </span>
    </p>

    <p class='ocr_par' dir='ltr' id='par_1_22' title="bbox 998 2666 1689 2762">
     <span class='ocr_line' id='line_1_59' title="bbox 1039 2666 1689 2710; baseline -0.008 -10"><span class='ocrx_word' id='word_1_398' title='bbox 1039 2673 1080 2700; x_wconf 38' lang='lat'>*15</span> <span class='ocrx_word' id='word_1_399' title='bbox 1104 2670 1249 2709; x_wconf 74' lang='lat' dir='ltr'>Juvcnis]</span> <span class='ocrx_word' id='word_1_400' title='bbox 1273 2668 1420 2710; x_wconf 84' lang='lat' dir='ltr'>Pylades</span> <span class='ocrx_word' id='word_1_401' title='bbox 1436 2666 1587 2708; x_wconf 79' lang='lat' dir='ltr'>Strophii</span> <span class='ocrx_word' id='word_1_402' title='bbox 1602 2666 1689 2697; x_wconf 88' lang='lat' dir='ltr'>Pho-</span> 
     </span>
     <span class='ocr_line' id='line_1_60' title="bbox 998 2717 1688 2762; baseline -0.009 -10"><span class='ocrx_word' id='word_1_403' title='bbox 998 2719 1108 2752; x_wconf 77' lang='lat' dir='ltr'>censis</span> <span class='ocrx_word' id='word_1_404' title='bbox 1123 2719 1224 2761; x_wconf 77' lang='lat' dir='ltr'>filius,</span> <span class='ocrx_word' id='word_1_405' title='bbox 1243 2719 1299 2762; x_wconf 87' lang='lat' dir='ltr'>qui</span> <span class='ocrx_word' id='word_1_406' title='bbox 1314 2719 1474 2753; x_wconf 79' lang='lat' dir='ltr'>Orestem</span> <span class='ocrx_word' id='word_1_407' title='bbox 1489 2717 1531 2752; x_wconf 82' lang='lat' dir='ltr'>ob</span> <span class='ocrx_word' id='word_1_408' title='bbox 1545 2721 1688 2750; x_wconf 78' lang='lat' dir='ltr'>matrem</span> 
     </span>
    </p>
   </div>
  </div>
 </body>
</html>
