1877 3193
540 180 691 211 EPIST.
725 179 790 210 EX
827 181 985 211 PONTO
1020 179 1116 210 ms.
1146 180 1177 210 1.
1203 170 1245 210 5.
1505 171 1618 214 2531

166 277 423 330 Consequor
441 289 499 316 ex
518 276 606 316 illis
627 288 758 316 casus
780 276 947 317 oblivia
966 275 1116 316 nostri.
1565 278 1619 318 55

224 346 356 387 Hanc
377 345 486 386 satis
505 347 571 384 est
592 357 782 385 messem
804 345 841 384 si
862 357 960 385 mea
981 344 1120 384 reddit
1140 342 1311 384 humus.

167 413 323 455 Gloria
340 426 422 455 vos
444 416 598 453 acuat:
630 425 725 462 VOS,
746 417 793 453 ut
813 412 1000 451 recitata
1022 411 1254 463 probentur

223 480 443 529 Carmina,
466 479 624 519 Pieriis
646 478 872 529 invigilate
892 477 1050 516 choris.

167 547 299 598 Quod
320 547 437 589 venit
457 559 516 586 ex
536 545 674 594 facili,
696 544 803 584 satis
820 546 889 584 est
908 555 1169 596 componere
1191 544 1346 585 nobis:

224 616 281 657 Et
301 615 431 656 nimis
451 614 603 654 intenti
625 625 762 654 causa
781 611 947 652 laboris
972 611 1109 651 abest.
1569 615 1625 655 60

166 682 253 724 Cur
273 696 356 736 ego
378 681 558 722 solicita
578 681 744 734 poliam
764 692 860 721 mea
881 679 1072 720 carmina
1093 680 1230 719 cura‘!

223 750 295 791 An
316 762 481 799 verear,
503 762 558 789 ne
577 761 664 789 non
687 748 901 802 approbet
920 747 999 788 illa
1020 746 1158 789 Getes
1174 747 1193 786 'l

168 818 367 859 Forsitan
389 816 595 858 audacter
616 816 796 864 faciam,
819 814 897 855 sed
917 814 1091 868 glorior,
1114 814 1277 856 Istrum

222 884 405 938 Ingenio
426 884 593 924 nullum
612 882 757 935 majus
777 882 939 923 habere
957 895 1072 923 meo.

167 952 270 993 Hoc
291 951 387 1007 (ubi
407 949 665 1004 vivendum)
687 951 797 990 satis
815 954 882 991 est
902 950 940 991 si
960 963 1208 1005 consequor
1229 964 1349 1001 arv-0,
1570 954 1628 994 65

224 1020 345 1061 Inter
365 1019 625 1060 inhumanos
646 1031 741 1060 esse
762 1018 898 1071 poeta
918 1018 1069 1060 Getas.

169 1087 270 1138 Quo
288 1087 393 1128 mihi
412 1087 631 1127 diversum
652 1087 768 1127 fama
791 1086 1055 1128 contendere
1077 1085 1121 1126 in
1141 1087 1324 1126 orbem?

225 1154 372 1206 Quem
395 1153 588 1195 Fortuna
609 1153 743 1203 dedit,
766 1153 911 1195 Roma
932 1153 988 1193 sit
1004 1153 1075 1193 ille
1096 1152 1238 1193 locus.

166 1276 220 1306 hoc
235 1279 373 1306 nostram
398 1274 616 1313 calamitatem,
645 1273 757 1314 sufficit
772 1273 799 1303 si
824 1282 908 1303 meus
930 1281 1006 1311 ager
1029 1271 1147 1311 praebet
1172 1271 1249 1301 hanc
1264 1280 1401 1302 messem.
1452 1272 1563 1302 Gloria
1579 1281 1631 1302 vos

165 1319 316 1356 stimulet,
341 1317 472 1346 excolite
498 1319 592 1346 coetus
615 1316 790 1352 ΠΙιιεαι-ιιηι,
816 1320 850 1345 ut
874 1324 980 1345 versus
1003 1314 1130 1345 recitati
1157 1314 1336 1345 laudentur.
1381 1313 1468 1345 Satis
1483 1319 1527 1345 est
1543 1315 1632 1346 nohis

165 1360 292 1390 condere
307 1361 385 1399 quod
400 1359 481 1389 nullo
497 1359 599 1389 labore
615 1359 734 1394 datum
756 1361 785 1389 et
808 1359 889 1388 ratio
906 1357 1010 1387 nimioe
1025 1367 1125 1397 operae
1148 1357 1233 1387 nulla
1248 1360 1305 1388 est.
1353 1356 1558 1391 Quamobrem
1574 1368 1631 1396 ego

164 1402 285 1433 elimem
300 1411 380 1432 meos
395 1411 501 1432 tersus
515 1411 589 1431 cura
605 1400 728 1433 anxia?
772 1402 824 1432 An
847 1403 982 1432 metuam
1005 1410 1043 1431 ne
1069 1399 1165 1430 Getes
1187 1409 1248 1430 uon
1269 1399 1373 1430 laudet
1394 1398 1488 1432 illos?
1539 1401 1633 1432 Forte

164 1449 276 1476 temere
292 1445 404 1483 dicam,
432 1455 537 1475 verum
550 1444 670 1483 glorior
685 1444 868 1475 Danubium
890 1443 1006 1473 nullum
1027 1442 1138 1473 habere
1154 1442 1314 1479 ingenium
1328 1442 1530 1481 praestantius
1554 1453 1631 1474 meo·

165 1487 295 1519 Abunde
309 1491 355 1518 est
369 1487 397 1517 si
413 1487 534 1518 obtineo
550 1487 583 1517 in
608 1488 665 1517 hac
682 1490 781 1523 terra,
807 1486 841 1516 in
856 1496 915 1525 qua
929 1486 1114 1523 degendum,
1141 1493 1206 1514 esse
1221 1488 1307 1514 vates
1322 1485 1405 1514 inter
1423 1486 1523 1515 Getas
1530 1484 1630 1522 feros,

166 1530 319 1566 Quorsum
343 1530 421 1561 mihi
443 1529 520 1560 eniti
537 1528 629 1565 fama
654 1529 687 1558 in
712 1528 814 1559 orbem
838 1527 982 1557 dissitum
992 1526 1008 1558 ί)
1052 1527 1113 1557 Ille
1129 1526 1222 1565 locus,
1248 1536 1335 1566 quem
1359 1536 1425 1556 sors
1451 1526 1574 1568 obtulit,
1589 1527 1632 1558 sit

777 1608 1012 1620 ‘sest-ewen,

167 1660 245 1699 quod
261 1660 450 1697 agam—56
473 1656 575 1696 vulg.
592 1654 774 1696 legebatur
792 1655 864 1686 Hac
879 1664 1003 1686 messem
1026 1653 1104 1685 satis
1119 1657 1177 1693 est,
1193 1654 1221 1685 si
1237 1655 1323 1685 modo
1339 1656 1450 1686 reddat
1465 1664 1562 1694 ager:
1587 1664 1631 1686 ex

167 1702 245 1732 Bas.
262 1706 297 1731 et
312 1701 408 1731 Serv.
427 1699 545 1730 Heins.
563 1699 716 1737 reposuit
733 1698 825 1729 Hanc
841 1697 919 1728 satis
936 1701 979 1728 est
996 1707 1121 1728 messem
1132 1708 1142 1728 .·
1169 1702 1202 1728 et
1218 1697 1247 1728 si
1263 1707 1330 1728 mea
1345 1698 1449 1728 reddit
1464 1698 1574 1728 humus
1590 1707 1633 1728 ex

166 1743 303 1784 scriptis
320 1742 487 1783 plerisque
505 1746 540 1772 et
557 1741 674 1781 priscis
690 1741 776 1771 Edd.
805 1740 942 1781 quidam
968 1740 1073 1770 etiarn
1098 1741 1209 1770 reddat
1237 1744 1273 1770 et
1295 1741 1503 1772 redden—58
1527 1741 1569 1771 P.
1597 1745 1634 1772 et

167 1786 246 1819 Jnn.
273 1786 369 1816 modis
396 1794 456 1825 pro
482 1784 676 1815 choris.-60
703 1783 797 1815 Leid.
827 1784 868 1814 Et
895 1783 995 1813 minus
1020 1783 1078 1814 int.
1105 1793 1197 1813 causa
1222 1783 1282 1814 lah.
1310 1783 1417 1820 obest;
1441 1788 1511 1814 tres
1527 1783 1632 1814 etiam

166 1829 285 1864 minus;
309 1833 345 1859 et
366 1829 455 1858 Mor.
483 1837 558 1858 cum
585 1836 644 1857 sex
673 1826 746 1858 aliis
773 1825 867 1856 obest.
892 1826 934 1856 V.
959 1835 1111 1865 cumpro
1127 1835 1240 1856 causa:
1265 1826 1320 1856 Sa.
1337 1826 1441 1856 etiam
1465 1827 1550 1856 adest
1569 1836 1631 1865 pro

167 1871 347 1902 abesa—61
375 1871 470 1901 Unus
486 1871 584 1900 Voss.
601 1874 637 1900 et
657 1869 724 1900 Ha.
753 1879 848 1899 carm.
877 1868 1046 1898 lima—62
1071 1868 1215 1898 Plurimi
1241 1868 1294 1898 An
1313 1870 1515 1898 cemma—63
1540 1869 1631 1899 Mor.

168 1914 269 1945 dicam
296 1923 357 1954 pro
378 1913 509 1951 faciam.
543 1913 627 1942 Turn
644 1912 685 1943 P.
700 1912 728 1942 si
752 1912 833 1950 glor.
859 1915 895 1941 et
922 1910 1005 1940 alius
1031 1911 1125 1949 quin:
1148 1910 1270 1940 Heius.
1287 1910 1405 1940 suadet
1420 1910 1447 1939 si
1460 1910 1633 1948 glorier.—

167 1959 209 1987 64
234 1956 302 1987 Alii
331 1956 496 1995 Ingenium
522 1956 683 1985 nult-65
721 1954 762 1984 In
788 1953 861 1984 aliis
889 1953 1050 1983 vit-endum
1073 1957 1342 1991 est...consequar.·
1374 1952 1492 1983 Heius.
1519 1952 1633 1982 locum

169 1999 327 2029 emendat
341 2009 383 2029 ex
395 1998 532 2038 scriptis
551 1996 844 2028 1ne1i01·ib11s.—67
871 1995 938 2030 Qun
956 1994 1077 2025 Heius.
1098 1994 1194 2025 dedit
1210 2004 1253 2024 ex
1270 1995 1326 2025 Sa.
1342 1994 1506 2034 Scaligeri
1524 1994 1631 2034 libris,

169 2041 251 2082 Arg.
268 2046 304 2072 et
320 2045 467 2082 quatuor
484 2040 554 2071 aliis
572 2050 633 2081 pro
658 2040 747 2080 vulg.
774 2038 959 2074 Quat—08
984 2037 1194 2068 Membranae
1211 2037 1330 2068 Barth.
1357 2037 1416 2068 Cui
1441 2037 1479 2068 F.
1496 2040 1532 2068 et
1549 2046 1634 2068 [inus

829 2113 969 2146 NOTAE

169 2181 264 2213 uides
276 2179 384 2211 nullas
400 2180 471 2220 ipse
490 2179 627 2220 reliquit
644 2179 751 2219 opes)
929 2187 1005 2219 quac
1023 2177 1162 2208 Piorum
1184 2176 1368 2207 Thessaliae
1393 2179 1554 2215 montem,
1576 2174 1634 2206 ubi

212 2234 252 2262 55
289 2229 476 2270 Consequor]
512 2230 604 2260 Vera
630 2234 682 2259 est
710 2239 775 2259 uua
801 2229 872 2259 baec
930 2238 947 2258 a
970 2227 1169 2268 quibusdam
1187 2231 1277 2258 natae
1294 2226 1467 2266 dicuntur,
1487 2226 1635 2257 incolue-

170 2281 275 2319 ratio;
310 2279 474 2322 siquidem
506 2282 514 2296 ‘
534 2279 696 2310 Pluribus
723 2279 873 2309 intentus
928 2281 1028 2315 runt3
1052 2276 1177 2308 deinde
1201 2281 1237 2308 et
1262 2277 1418 2308 Pierides
1434 2286 1547 2308 secum
1564 2286 1635 2308 cer-

169 2332 278 2362 minor
292 2336 346 2362 est
371 2331 412 2361 ad
442 2330 573 2369 singula
590 2329 730 2361 sensus!
776 2330 874 2361 Cete·
928 2332 1003 2359 tare
1019 2337 1116 2358 ausas
1136 2327 1168 2357 in
1186 2327 1278 2367 picas
1297 2326 1583 2358 deformaverunt.

170 2391 243 2413 rum
259 2390 370 2422 neque
396 2380 591 2420 desperavit
614 2380 707 2411 Naso
724 2379 873 2411 reditum
971 2383 1013 2410 59
1037 2379 1091 2409 Ea:
1102 2377 1212 2418 facili]
1236 2379 1317 2409 Sine
1334 2379 1400 2408 ullo
1419 2377 1545 2407 labore.

173 2430 235 2462 sibi
250 2441 311 2471 per
327 2431 497 2471 ingenium
516 2439 649 2470 parare.
971 2432 1013 2460 60
1039 2428 1155 2467 Causa]
1180 2428 1270 2460 Quia
1295 2436 1404 2466 neque
1430 2425 1548 2465 gloria,
1575 2433 1632 2454 ne-

219 2480 331 2520 casus]
355 2481 467 2510 Exilii.
930 2490 995 2521 que
1022 2488 1082 2520 spe
1110 2479 1238 2509 reditus
1256 2477 1290 2507 in
1307 2476 1465 2515 patriani,
1481 2479 1539 2504 aut
1566 2473 1632 2504 alio

217 2531 258 2558 56
294 2529 433 2569 Hamus]
467 2529 622 2561 Studium
649 2530 731 2561 dicit
757 2529 874 2561 Potiti·
931 2531 1068 2571 praemio
1089 2528 1290 2559 ducebatur.

175 2587 263 2611 cum·
972 2584 1012 2611 63
1036 2577 1210 2616 Audacter]
1234 2575 1414 2615 Ingenium
1435 2583 1545 2605 meum
1561 2574 1632 2605 lau-

218 2631 258 2659 57
304 2626 379 2666 Vos]
416 2627 548 2668 Poetae,
577 2630 723 2671 scilicet,
753 2631 873 2672 quibus
929 2631 1051 2662 dando.

176 2683 255 2711 sunt
271 2687 324 2708 res
342 2676 514 2707 secundae.
970 2682 1011 2709 (57
1036 2677 1118 2717 Quo]
1142 2675 1204 2706 Cui
1221 2674 1320 2706 bono.

225 2731 265 2761 58
302 2725 436 2766 Pieriis]
472 2725 637 2767 Adeoque
675 2729 870 2770 Musarum;
971 2724 1154 2766 Diversum]
1178 2726 1294 2766 Longe
1308 2724 1384 2756 hinc
1401 2724 1557 2766 positum.
