1863 3193
637 179 876 211 Turs‘rmM
910 179 1006 209 [ΑΒ.
1038 179 1090 210 11.
1483 165 1597 209 2305

146 278 325 320 Scilicet
343 277 387 318 in
405 275 604 317 domibus
625 275 783 317 vestris
802 278 851 316 ut
868 274 1016 328 prisca
1034 273 1224 314 virorum

202 345 376 387 Artifici
394 343 557 395 fulgent
576 354 761 395 corpora
780 343 901 394 picta
921 353 1051 382 manu
1068 353 1079 391 3

147 411 239 463 Sic,
260 425 357 465 quae
379 409 636 451 concubitus
657 408 804 448 varios
822 407 1097 461 Venerisque
1119 406 1277 459 figuras

204 479 452 532 Exprimat,
474 479 540 517 est
559 476 706 529 aliquo
727 488 867 528 parva
887 475 1047 516 tabella
1067 475 1181 514 loco,

145 545 293 599 thue
315 545 432 587 sedet
451 544 571 585 vultu
590 543 737 583 fassus
758 542 1036 583 Telamonius
1056 541 1181 590 iram,

202 613 340 666 Inque
358 611 496 653 oculis
514 610 686 651 facinus
706 609 893 651 barbara
915 608 1059 649 Mater
1077 607 1213 648 habet
1230 621 1239 649 z

146 680 220 722 Sic
239 679 439 720 madidos
460 678 602 719 siccat
624 677 776 730 digitis
797 676 948 717 Venus
969 675 1056 716 uda
1075 675 1257 729 capillos
1275 687 1284 715 ε

197 747 256 789 Et
275 746 406 788 modo
426 746 630 787 maternis
650 748 766 786 tecta
786 744 950 786 videtur
970 743 1114 796 aquis.

1509 541 1594 583 525

140 876 221 908 soepe
235 866 330 898 etiam
345 870 465 897 morata
479 870 549 897 sunt
575 868 674 897 oculos
699 870 774 898 tuos.
820 866 992 903 Nimirum,
1018 864 1112 895 sicuti
1134 862 1261 903 antiqua
1285 871 1410 902 corpora
1434 862 1591 893 hominum

136 912 223 950 picta
237 919 327 940 manu
343 911 431 940 docta
444 910 602 948 splendent
614 909 647 939 in
661 910 771 939 vestris
785 909 902 938 sedibus
914 919 926 945 ,·
951 908 998 937 ita
1014 911 1059 938 est
1073 905 1314 943 alicuotexz’gua
1329 905 1439 935 tabella
1453 914 1520 944 qua>
1536 914 1590 936 ex-

140 952 242 984 hibeat
257 952 390 983 diversos
404 951 500 982 coitus
515 954 606 991 atque
621 950 749 991 figuras
769 951 908 981 Veneris.
954 950 998 979 Et
1022 948 1273 988 quemadmodum
1300 947 1493 977 Telamonius
1506 948 1591 978 sedet

138 996 270 1036 prodens
284 996 366 1025 iram
380 995 477 1032 vultu,
501 996 530 1023 et
555 996 655 1023 mater
671 992 800 1023 barbara
820 992 943 1023 exhibet
966 992 1062 1022 scelus
1077 990 1170 1021 oculis
1180 1000 1192 1026 ;
1214 990 1260 1019 ita
1281 989 1382 1020 Venus
1396 989 1520 1019 madida
1535 998 1591 1019 ea·-

138 1037 230 1069 siccat
245 1047 360 1068 comam
383 1037 539 1067 humidam
565 1035 688 1076 digitis,
709 1038 738 1065 et
763 1035 850 1066 modo
873 1035 974 1064 velata
997 1033 1083 1074 aquis
1109 1033 1257 1063 maternis
1278 1031 1477 1071 conspicitur.
1521 1031 1590 1062 Alii

750 1130 863 1143 “Ol“
867 1128 985 1150 “00¹‘'

141 1199 258 1228 —521.
275 1199 336 1227 522
360 1197 510 1228 Domibus
523 1197 636 1228 nostris
653 1198 778 1227 Lovan.
796 1199 831 1226 et
847 1198 978 1235 septem
995 1194 1070 1225 alii:
1097 1193 1130 1223 in
1158 1193 1288 1223 Bonon.
1307 1196 1394 1229 erat,
1414 1195 1589 1233 parentum,

142 1243 180 1269 ut
195 1239 427 1279 intelligantur
441 1239 601 1278 majorum
618 1238 791 1278 imagines,
819 1246 861 1267 ex
888 1241 988 1277 gente
1004 1236 1119 1273 Julia3
1142 1239 1180 1266 ut
1204 1235 1253 1265 ita
1267 1238 1409 1264 stemma
1434 1243 1529 1264 suum
1552 1235 1588 1267 J.

141 1280 309 1312 Caesarem
327 1281 478 1320 posuisse
495 1281 528 1310 in
545 1280 620 1311 aede
634 1281 778 1311 Veneris
795 1278 983 1310 Genitricis
999 1278 1141 1319 conjicit
1157 1276 1371 1308 Casaubonus
1390 1276 1431 1307 ad
1450 1277 1589 1308 Sueten.

140 1322 228 1354 Caes.
243 1323 349 1353 initio.
393 1323 515 1353 Posset
532 1327 566 1353 et
582 1322 661 1363 legi,
684 1327 827 1353 tuorum.-
851 1321 908 1352 sed
932 1326 967 1353 et
991 1322 1131 1361 vulgata
1153 1319 1194 1350 de
1214 1319 1304 1349 Viris
1321 1318 1516 1350 Illustribus
1532 1329 1588 1350 an-

139 1364 225 1405 tiqui
242 1364 306 1394 aevi
323 1368 437 1404 potest
453 1364 542 1405 capi,
558 1369 597 1396 nt
613 1365 672 1404 ita,
698 1365 707 1382 ‘
725 1365 842 1405 priscis
860 1374 977 1404 sparsa
992 1364 1124 1395 tabellis
1154 1360 1324 1393 Portieus'
1356 1361 1429 1392 Art.
1456 1360 1532 1392 Am.
1562 1371 1589 1394 1.

137 1409 190 1438 71.
213 1406 356 1447 Artificis
370 1407 527 1439 Leidens.
544 1408 709 1439 Bernens.
725 1412 761 1439 et
777 1407 1034 1449 quatuordecim
1060 1406 1136 1444 alii;
1159 1405 1263 1435 male:
1284 1407 1409 1444 pectora
1424 1404 1496 1445 fida
1523 1405 1589 1435 Va-

136 1449 241 1480 tican.
267 1453 390 1489 pectora
415 1450 500 1490 picta
526 1450 648 1481 Servii.
685 1451 917 1482 Burm.-523.
944 1452 1006 1480 524
1030 1449 1188 1488 Quinque
1217 1446 1356 1487 scripti3
1391 1451 1426 1478 et
1452 1446 1507 1477 ed.
1535 1457 1587 1487 pr.

139 1490 271 1532 Gryph.
288 1495 323 1522 et
340 1492 413 1522 aliae
429 1492 588 1532 variasque
604 1492 731 1533 figuras
749 1492 923 1533 Exprimit.
968 1493 1051 1522 'I'nm
1067 1501 1151 1521 nnus
1169 1490 1290 1520 Heins.
1315 1492 1359 1519 est
1385 1489 1472 1519 vario
1497 1499 1589 1528 parv.

138 1533 182 1564 Et
198 1543 280 1564 unns
298 1533 381 1564 Cod.
395 1535 512 1574 scripta
527 1535 630 1565 tabell.
653 1535 736 1565 Tum
765 1536 854 1566 Mor.
870 1534 1060 1572 joca—525
1086 1534 1151 1563 Ms.
1169 1533 1299 1562 Bersm.
1320 1532 1394 1571 th.
1408 1532 1450 1561 sit
1468 1535 1497 1561 et
1513 1532 1588 1562 vult.

136 1575 226 1608 Mor.
253 1576 289 1606 T.
305 1576 487 1607 iras—526
510 1576 655 1607 Plurimi
682 1577 802 1617 scripti
831 1577 898 1616 Inq.
925 1577 1140 1607 oculos—5:28
1165 1574 1325 1604 Barthins
1355 1582 1413 1603 XL.
1439 1572 1527 1603 Adv.
1554 1578 1587 1605 5.

136 1627 204 1649 una
227 1627 323 1657 voce,
347 1620 584 1650 modomaternis
611 1619 707 1659 legit,
735 1624 770 1650 et
797 1628 940 1649 acumen
965 1619 1073 1649 inesse
1098 1617 1176 1655 illis,
1199 1620 1280 1647 tecta
1306 1616 1439 1654 videtur,
1464 1619 1586 1655 putat:

138 1669 212 1691 cnm
240 1660 328 1690 enim
355 1665 448 1692 tecta
475 1662 529 1700 sit,
554 1661 635 1692 nihil
659 1661 823 1692 tamenin
839 1670 981 1701 corpore
1007 1661 1079 1700 ejus
1105 1659 1233 1690 vernile
1258 1668 1321 1688 non
1341 1658 1448 1688 videri
1464 1662 1587 1697 potest.

137 1702 224 1733 Quae
240 1702 295 1731 vix
312 1703 419 1742 capio,
443 1703 491 1733 ita
508 1708 609 1734 acuta
625 1707 659 1734 et
682 1703 820 1735 subtilia
836 1708 934 1734 sunt:
959 1703 1093 1734 codices
1120 1703 1261 1732 variant.
1306 1701 1385 1731 Duo
1402 1700 1488 1739 libri,
1512 1703 1587 1730 nata

137 1744 275 1774 videtur:
294 1743 552 1785 Gottorpianus‚
564 1749 631 1776 orta
641 1746 781 1777 videtur.-
804 1745 1164 1777 Heinsiustentaverat
1177 1744 1365 1781 olim‚vecta
1374 1742 1506 1782 videtur,
1521 1743 1587 1782 vel,

138 1795 210 1815 nare
226 1785 357 1817 videtur.
403 1788 505 1818 Forte
522 1789 716 1828 legendum,
734 1789 778 1819 Ut
793 1789 879 1819 morlo
894 1788 1044 1819 maternis
1066 1791 1140 1817 nata
1153 1786 1221 1827 (vel
1238 1785 1323 1825 orta)
1341 1786 1464 1815 videtur
1479 1786 1586 1825 aquis:

137 1828 315 1875 rit-nudam
331 1828 434 1866 dicat,
449 1830 497 1860 ita
513 1832 563 1861 uti
578 1836 653 1861 orta
669 1830 733 1861 fuit
749 1841 767 1861 e
783 1832 882 1871 mari,
897 1831 965 1861 sine
984 1831 1051 1861 ullo
1075 1829 1253 1860 velamine.
1300 1828 1437 1858 Mallem
1454 1836 1586 1868 quoqne

139 1870 243 1909 priori
272 1879 382 1908 versu,
407 1871 531 1909 siccans,
557 1878 596 1902 ut
621 1882 735 1903 sensns
764 1874 807 1903 sit
835 1874 984 1913 planior:
1010 1877 1049 1903 nt
1065 1872 1153 1902 enim
1170 1870 1259 1910 Ajax
1288 1876 1322 1900 et
1346 1870 1482 1908 Medea,
1509 1879 1584 1910 quae

138 1910 274 1942 tabellae
292 1912 427 1942 minime
445 1913 637 1944 accendunt
652 1915 837 1954 libidinem,
853 1915 1024 1954 videntur,
1045 1915 1094 1944 ita
1110 1918 1147 1944 et
1168 1913 1301 1943 videtur
1317 1913 1431 1942 Venus
1457 1912 1584 1941 siccans

138 1954 277 1995 capillos
301 1954 465 1995 manibus,
488 1954 546 1996 (ne
575 1965 630 1986 eas
657 1955 791 1995 quidem
821 1957 988 1997 pudendis
1014 1956 1166 1996 partibus
1184 1953 1427 1995 p1·aetendens,>
1451 1953 1584 1994 penitus

796 2049 936 2080 NOTAE

930 2126 993 2153 520
1016 2124 1136 2163 Mater]
1163 2124 1387 2164 Medea,quae
1404 2124 1584 2156 iuJasonis

887 2173 1012 2212 odium,
1045 2173 1103 2213 qui
1141 2174 1295 2213 pellicem
1326 2174 1488 2204 Glaucam
1522 2184 1583 2204 seu

178 2128 237 2156 521
278 2125 447 2164 Domibus]
500 2125 658 2155 Palatina
699 2123 834 2164 porticu

137 2175 337 2216 praesertim.

177 2228 238 2256 524
255 2224 375 2263 Parca]
391 2224 544 2255 Tiberius
561 2233 640 2254 vero
655 2223 664 2240 ‘
679 2223 833 2254 cubicula

132 2274 340 2314 plurifariam
350 2274 513 2313 disposita
524 2273 654 2305 tabellis
667 2283 706 2304 ac
716 2273 831 2313 sigillis

133 2324 425 2356 lascivissimarurn
439 2324 643 2364 picturarum
657 2333 696 2354 ac
709 2323 832 2363 figura-

135 2383 207 2404 rum
221 2373 421 2410 adornavit‚'
439 2379 476 2404 ut
490 2373 596 2405 refert
611 2374 830 2414 Tranquillus.

176 2427 236 2454 525
262 2424 469 2463 Telamonius]
500 2424 589 2463 Ajax
604 2424 829 2462 est,Telamo-

136 2472 186 2503 nis
198 2473 297 2511 filius,
310 2475 363 2514 qni
376 2483 416 2503 ex
431 2483 469 2503 eo
482 2474 569 2514 quod
584 2474 726 2504 Achillis
739 2483 831 2503 arma

138 2522 244 2560 Ulyssi
260 2523 456 2562 adjudicata
473 2529 597 2561 esseut,
612 2533 676 2553 non
694 2523 735 2553 ad
747 2523 829 2553 iram

135 2569 233 2600 modo
250 2573 306 2600 sed
320 2578 354 2602 et
372 2574 538 2603 vesaniam
556 2574 748 2613 compulsus
767 2579 828 2604 est.

136 2619 250 2658 Hujus
262 2624 370 2651 antem
383 2628 417 2652 et
430 2623 558 2654 Medeae
572 2624 700 2654 tabulas
713 2623 828 2654 Caesar

136 2674 215 2700 ante
230 2669 335 2699 aedern
354 2672 489 2702 Veneris
503 2675 676 2713 genitricis
693 2675 828 2706 dicave-

136 2723 210 2758 rat;
233 2722 272 2748 ut
288 2723 404 2748 auctor
420 2725 472 2750 est
488 2721 627 2756 Plinius.

220 2771 332 2812 Delplt.
344 2773 373 2803 et
393 2770 466 2803 Vur.
479 2773 562 2805 Clas.

808 2775 903 2810 Ovid.

889 2224 1045 2254 Creusam
1063 2223 1216 2254 Creontis
1228 2223 1329 2253 filiam
1346 2233 1483 2254 uxorem
1500 2223 1584 2254 dux-

887 2278 973 2312 erat,
994 2273 1079 2304 filios
1101 2283 1143 2304 ex
1160 2273 1215 2303 illo
1234 2277 1408 2312 susceptos
1432 2277 1584 2305 mactare

886 2333 952 2354 non
966 2323 1219 2354 reformidavit:
1244 2327 1281 2353 ut
1297 2323 1426 2362 prolixe
1438 2323 1581 2355 vidimus

886 2372 917 2401 in
937 2373 1108 2412 Epistolis.

929 2426 988 2454 527
1011 2422 1121 2461 Venus]
1144 2423 1240 2453 Illam
1258 2421 1300 2452 ab
1319 2421 1438 2461 Apelle
1453 2422 1581 2462 pictam

885 2483 903 2503 e
921 2474 1002 2503 mari
1028 2478 1208 2504 exeuntem
1229 2473 1333 2502 Divus
1354 2471 1526 2509 Augustus
1545 2471 1580 2501 in

885 2523 991 2562 patris
1013 2523 1157 2553 Caesaris
1182 2522 1321 2551 delubro
1345 2520 1481 2560 dicavit,
1503 2529 1579 2560 quae

885 2572 1128 2612 Anadyonrenc
1143 2571 1232 2600 «licta
1249 2576 1311 2600 est.

925 2626 987 2653 528
1013 2619 1181 2658 Mater-nis]
1224 2621 1390 2649 Venerem
1415 2618 1502 2649 enim
1530 2617 1578 2650 fe-

884 2678 973 2713 runt,
989 2671 1071 2704 Coeli
1089 2670 1253 2711 pudendis
1270 2680 1288 2700 a
1300 2670 1443 2700 Saturno
1454 2669 1578 2701 abscis-

883 2723 927 2754 sis
956 2727 992 2754 ct
1030 2722 1065 2754 in
1100 2730 1191 2753 mare
1222 2720 1377 2761 dejectis,
1404 2730 1446 2750 cx
1476 2719 1577 2752 maris

1414 2775 1433 2803 7
1457 2772 1489 2803 G
