1877 3193
225 173 339 217 2662
715 187 757 216 Ρ.
790 184 949 216 ov1n11
982 184 1196 217 NAsows

227 277 377 334 Major
398 281 440 319 et
459 277 692 331 implesset
711 277 961 331 praecordia‘
976 270 1133 319 nostra‘
1144 277 1368 332 voluptas,
1627 279 1684 323 95

282 344 394 386 Cum
416 345 602 387 traherer
623 345 753 385 dictis
775 357 1093 398 annueremque
1113 346 1216 386 tuis.

227 412 374 463 Quem
397 413 605 467 quoniam
625 412 781 462 fatum,
803 412 933 453 vobis
953 414 1186 467 patriaque
1207 413 1386 463 relictis,

284 479 402 521 Inter
420 480 678 520 inhumanos
698 479 850 520 maluit
867 492 968 520 esse
989 480 1159 523 Getas:

228 545 358 596 Quod
378 548 496 597 licet,
518 550 568 587 ut
588 546 740 587 videar
761 551 905 587 tecum
924 548 1068 599 magis
1090 560 1204 597 esse,
1225 547 1408 601 legenda

281 612 429 667 Saepe,
450 626 623 668 precor,
646 613 774 653 studii
796 614 980 666 pignora
1001 616 1123 656 mitte
1145 616 1206 656 tui
1224 629 1234 656 :
1627 615 1683 657 30

226 680 534 733 Exemploque
553 693 665 728 meo,
684 673 772 719 nisi
793 680 1040 732 dedignaris
1062 683 1106 722 id
1126 683 1291 735 ipsum,

285 746 418 787 Utere
437 761 446 788 :
478 747 597 799 quod
616 746 743 788 nobis
765 747 926 787 rectius
946 749 1044 800 ipse
1065 749 1206 790 dares.

226 812 434 866 Namque
455 827 549 865 ego,
572 813 647 865 qui
668 813 776 865 perii
791 812 884 866 jam
904 813 1087 866 pridem,
1112 814 1327 864 Maxime,
1347 816 1491 866 vobis,

284 880 460 932 Ingenio
480 881 591 920 nitor
608 893 692 920 non
708 880 900 933 periisse
921 893 1035 921 meo.

225 945 384 986 Redde
406 947 574 998 vicem;
604 959 688 987 nec
710 960 807 988 rara
826 948 890 988 tui
912 950 1191 989 monumenta
1211 949 1371 989 laboris
1627 950 1684 992 35

280 1011 521 1066 Accipiant
540 1017 721 1064 nostrae,
743 1017 864 1067 grata
883 1015 1040 1063 futura,
1063 1027 1232 1055 manus.

224 1079 313 1120 Dio
338 1085 496 1131 tamen,
521 1095 548 1122 0
563 1082 740 1135 juvenis
762 1082 1005 1123 studiorum
1027 1082 1158 1135 plene
1178 1095 1372 1123 meorum
1390 1096 1401 1134 ;

282 1146 453 1199 Ecquid
476 1148 532 1188 ab
554 1148 623 1188 his
641 1148 755 1201 ipsis
778 1149 1039 1189 admoneare
1059 1149 1143 1189 mei
1161 1150 1178 1189 Τ

225 1212 415 1264 Ecquid,
436 1213 511 1253 ubi
533 1216 609 1253 aut
625 1215 782 1259 recitas
804 1215 970 1256 factum
992 1215 1123 1256 modo
1144 1229 1320 1257 carmen
1342 1216 1512 1268 amicis,

281 1278 388 1329 Aut,
411 1279 529 1333 quod
552 1292 673 1333 saepe
694 1281 828 1330 soles,
851 1281 996 1333 exigis
1018 1284 1066 1322 ut
1085 1283 1279 1333 recitent,
1627 1283 1684 1324 40

222 1423 408 1463 implevisset
423 1427 528 1454 nostra
541 1423 673 1462 viscera,
689 1425 762 1454 dum
778 1425 903 1454 ducerer
919 1422 1043 1454 vocibus
1059 1424 1133 1461 tuis,
1148 1426 1179 1453 et
1191 1422 1373 1453 assentirer.
1421 1423 1520 1457 Quem
1531 1422 1686 1462 siquidem

222 1475 290 1495 sors
306 1466 413 1495 maluit
429 1475 491 1496 esse
505 1466 587 1496 inter
594 1466 684 1503 seros
701 1466 810 1502 Getas,
833 1465 919 1495 vobis
935 1466 1054 1495 relictis
1070 1469 1097 1495 et
1124 1466 1242 1504 patria,
1265 1466 1355 1495 mitte
1369 1475 1462 1504 soepe,
1477 1475 1539 1504 oro,
1553 1465 1685 1505 pignora

223 1508 321 1537 studii
338 1508 398 1546 tui,
424 1509 503 1547 quod
518 1509 705 1545 conceditur,
731 1511 765 1537 ut
780 1509 888 1538 videar
904 1507 1037 1545 amplius
1053 1516 1116 1536 csse
1142 1510 1242 1536 tecum
1258 1508 1384 1544 legendo
1395 1518 1404 1536 .·
1426 1511 1516 1546 atque
1530 1512 1616 1538 utere
1630 1518 1684 1538 esc-

223 1551 322 1589 emplo
336 1550 407 1589 mei,
420 1550 483 1580 nisi
498 1550 667 1581 contemnis
681 1550 713 1579 id
726 1549 837 1588 ipsum,
859 1550 938 1588 quod
952 1549 1017 1588 ipse
1036 1548 1146 1578 melius
1160 1548 1246 1578 nobis
1255 1548 1419 1587 praebereS.
1460 1549 1601 1587 Namque
1616 1560 1685 1589 ego,

223 1594 275 1631 qm]
292 1592 360 1629 jam
375 1593 429 1623 diu
453 1593 535 1632 perii
561 1592 655 1631 vobis,
683 1592 835 1631 Maxime,
860 1592 1007 1622 contendo
1031 1600 1090 1620 uon
1112 1590 1241 1630 periisse
1266 1590 1390 1628 ingenio
1416 1600 1490 1621 meo.
1534 1591 1602 1621 Par
1613 1593 1686 1632 pari

222 1634 318 1673 refer,
329 1644 424 1674 neque
439 1645 546 1665 manus
558 1639 674 1666 nostr-(e
688 1635 843 1674 accipiant
859 1643 932 1664 rara
950 1633 1065 1664 indicia
1082 1633 1128 1663 tuz'
1144 1633 1240 1663 studii
1253 1632 1367 1669 sutura
1382 1633 1461 1663 mihi
1473 1637 1579 1671 grata.
1622 1634 1685 1664 Dic

224 1680 339 1715 tamen,
364 1687 381 1707 o
399 1677 526 1714 juvenis
549 1679 637 1717 plene
663 1687 796 1707 meorum
818 1677 1000 1715 studiorum,
1027 1675 1135 1715 ecquid
1159 1676 1353 1705 admonearis
1375 1675 1435 1706 mei
1461 1675 1499 1705 ab
1522 1676 1570 1706 his
1584 1675 1685 1716 ipsis?

224 1719 383 1759 Ecquihus
397 1729 465 1750 cum
481 1719 594 1750 recitas
608 1720 730 1759 amicis,
744 1722 798 1750 aut
814 1719 892 1758 legis
906 1728 1013 1749 versus
1028 1719 1114 1748 modo
1130 1718 1270 1749 conditos
1281 1728 1292 1755 ;
1314 1720 1368 1748 aut
1380 1718 1457 1758 quod
1472 1727 1551 1758 soepe
1563 1728 1687 1750 consue-

840 1802 1077 1814 eeeeeeeeeee

223 1859 386 1887 και-22
411 1856 493 1896 Arg.
510 1860 545 1887 et
556 1866 615 1888 sex
627 1856 683 1888 alii
700 1858 790 1892 Quod
804 1858 961 1896 legerem,·
985 1861 1021 1888 et
1038 1861 1106 1888 tres
1123 1866 1197 1888 cum
1214 1866 1265 1898 pr.
1281 1856 1346 1888 Ed.
1362 1857 1588 1896 legimus.-26
1606 1856 1685 1887 Cum

219 1898 333 1943 ‘edidit
362 1899 480 1930 Heius.
507 1910 548 1931 ex
566 1901 742 1941 permultis
769 1900 876 1931 Codd.
901 1905 1000 1931 antea
1027 1901 1112 1931 Dum
1135 1904 1230 1930 erat:
1264 1900 1345 1931 Jun.
1373 1899 1591 1930 Contraherem
1607 1900 1686 1929 dict.

224 1941 320 1971 Leid.
340 1941 557 1981 Contraheret,
573 1947 608 1974 et
623 1946 927 1983 annueretque—29
950 1944 1111 1982 Legenda,
1124 1942 1195 1973 scil.
1223 1942 1377 1982 pignora,
1400 1946 1483 1982 puto
1507 1945 1685 1982 przestare.

224 1984 338 2014 Bur-m.
364 1983 430 2014 Alii
449 1986 593 2023 legendo:
618 1990 653 2016 et
670 1985 930 2025 Cod.Scaliger.
953 1986 1123 2025 quuendo;
1146 1989 1182 2016 et
1199 1984 1247 2015 sic
1263 1985 1319 2015 alii
1335 1984 1583 2014 nonnum—30
1602 1982 1685 2023 Arg.

222 2028 306 2056 stud.
323 2026 446 2057 mittere
459 2029 577 2067 scripta
589 2029 731 2059 tim—31
761 2029 894 2059 Decem
911 2032 997 2059 vett.
1023 2029 1202 2068 Exemploq.
1215 2027 1286 2057 mei.
1322 2026 1459 2057 Deinde
1486 2026 1528 2056 P.
1545 2027 1633 2057 Dan.
1649 2029 1686 2056 et

224 2068 324 2098 multi
340 2069 394 2099 alii
411 2070 468 2100 nis.
484 2070 681 2109 dedigneris.-
703 2069 819 2101 Aldin.
842 2076 927 2110 post.
951 2069 1015 2100 Ed.
1039 2070 1221 2109 dedignaris
1245 2070 1285 2100 ad
1308 2069 1450 2109 ips.-—33
1475 2069 1515 2099 P.
1532 2069 1624 2099 Dan.
1640 2067 1683 2098 P.

224 2113 260 2138 et
276 2110 361 2140 alius
386 2111 445 2150 ips.
468 2111 651 2143 dabis.-—35
678 2113 733 2143 Fr.
759 2123 797 2144 ne
822 2123 883 2152 pro
906 2116 1059 2144 nea—38
1084 2114 1166 2143 Lov.
1192 2112 1245 2143 Ad
1267 2112 1340 2152 quid
1365 2111 1414 2143 ab.
1458 2112 1544 2141 Tum
1561 2111 1594 2141 in
1611 2119 1684 2141 voc.

221 2150 298 2189 ipsis
315 2161 373 2190 pro
391 2162 461 2183 var.
480 2153 558 2184 lect.
576 2155 706 2184 Bersm.
723 2156 792 2185 Ms.
810 2155 911 2185 habet
932 2156 1167 2195 scriptis.-—39.
1190 2157 1228 2185 41
1254 2154 1294 2184 In
1313 2153 1458 2194 vulgatis
1476 2157 1551 2183 erat
1567 2151 1684 2191 Ecqui-

224 2191 279 2221 bus
292 2196 345 2222 aut
361 2195 482 2225 recitas,
526 2197 534 2211 ‘
554 2196 717 2226 Nonnulli
734 2197 855 2235 Ecquid
870 2197 921 2227 ubi
937 2199 1062 2228 recitas.
1109 2196 1242 2233 Scribe,
1260 2196 1411 2235 Ecquibus
1434 2199 1467 2225 ut
1491 2195 1624 2227 recitem
1647 2196 1682 2223 et

224 2243 314 2273 pone
331 2235 607 2276 interrogationis
624 2242 737 2268 uotam
764 2243 841 2277 post
862 2238 930 2278 illa,
951 2240 1093 2278 queritur
1108 2241 1162 2268 tua
1185 2247 1268 2268 mens
1294 2238 1389 2267 oblita
1400 2237 1474 2277 quid
1486 2233 1593 2266 absit?
1615 2243 1683 2264 me-

886 2354 1027 2388 NOTAE

267 2436 310 2464 26
353 2432 521 2473 Traherer]
557 2433 758 2464 Rationibus
787 2434 854 2465 tuis
891 2434 925 2465 in
979 2434 1143 2475 opuscula
1160 2443 1235 2474 quae
1253 2433 1294 2463 ad
1313 2437 1345 2464 te
1365 2432 1475 2464 mitto.

224 2483 429 2515 sententiam
446 2488 536 2514 tuam
554 2483 756 2515 adducerer.
1022 2486 1063 2514 32
1089 2483 1233 2522 Rectius]
1257 2483 1346 2515 Quia
1370 2483 1486 2513 melius
1510 2483 1630 2515 scribis
1647 2488 1682 2516 ct

266 2536 308 2564 27
334 2533 447 2573 Quem]
473 2533 544 2572 Me,
561 2533 633 2565 scil.
979 2533 1114 2574 dignior
1130 2543 1166 2564 es
1183 2543 1282 2573 quem
1300 2542 1363 2573 ego
1377 2532 1498 2564 imiter.

267 2587 309 2615 30
335 2584 488 2625 Pignora]
522 2585 598 2615 Filii
626 2589 758 2626 patrum
785 2585 925 2626 pignora
1021 2586 1060 2613 37
1087 2582 1197 2622 PIene]
1222 2583 1313 2614 Quia
1341 2581 1382 2612 ad
1410 2581 1552 2612 eandem
1572 2585 1678 2613 artem

224 2632 402 2671 dicuntur-3
420 2638 491 2665 tum
503 2635 632 2676 scripta
644 2639 820 2667 auctorum
830 2635 925 2676 quasi
977 2632 1149 2673 poeticam
1184 2632 1330 2662 animum
1369 2641 1465 2663 suum
1504 2631 1681 2672 adjecerat

224 2681 324 2712 liberi
341 2682 588 2724 intelliguntur.
870 2679 872 2683 ’
979 2684 1094 2722 Cotta,
1111 2682 1200 2714 istud
1216 2682 1301 2713 dicit
1319 2681 1424 2714 Naso.

268 2734 307 2762 31
332 2733 370 2762 Id
386 2732 500 2774 ipsum]
522 2735 722 2775 Exemplum
749 2745 871 2775 meum,
888 2740 923 2766 et
