1863 3193
1517 187 1634 228 2:345

1577 290 1633 331 35

629 196 872 227 Tars‘rmM
908 196 1004 226 Lis.
1039 196 1114 226 111.
1144 187 1188 226 ’7.

176 289 440 344 Injicietque
459 301 633 329 manum
652 288 802 331 formae
826 290 1040 330 damnosa
1060 292 1276 339 senectus,

231 357 348 408 Quae
370 356 598 409 strepitum
620 369 757 408 passu
777 370 865 396 non
886 358 1076 397 faciente
1098 357 1229 398 venit.

175 423 372 476 Cumque
391 422 552 475 aliquis
572 422 705 471 dicet,
730 423 834 463 Fuit
853 423 950 464 haec
972 423 1165 463 formosa
1182 437 1192 474 ;
1224 423 1420 464 dolebis:

231 490 289 530 Et
310 490 539 543 speculum
562 489 752 530 mendax
773 502 872 530 esse
893 501 1070 542 querere
1091 493 1229 530 tuum.

173 557 286 598 Sunt
306 557 383 596 tibi
405 569 511 609 opes
532 556 735 604 modicae,
762 569 858 596 cum
882 557 945 596 sis
968 555 1227 607 dignissima
1246 556 1416 609 magnis
1434 569 1443 597 τ

230 624 365 676 Finge
386 623 462 663 sed
482 623 709 663 immensis
731 623 934 663 censibus
957 635 1052 662 esse
1074 635 1217 675 pares.

174 691 346 745 Nempe
367 691 441 731 dat
461 691 506 730 id
527 692 788 744 cuicumque
809 690 916 730 libet
935 689 1145 738 Fortuna,
1168 690 1370 744 rapitque
1391 704 1400 731 ε

228 757 327 798 Irus
346 761 389 798 et
408 762 473 799 est
493 758 654 806 subito,
677 758 752 810 qui
773 757 906 797 modo
928 756 1108 797 Croesus
1127 759 1231 798 erat.

173 824 350 877 Singula
371 824 476 877 quid
497 824 709 864 referam?
741 824 803 864 nil
823 836 912 864 non
931 823 1115 864 mortale
1134 826 1345 874 tenemus,

228 891 427 932 Pectoris
448 892 649 943 exceptis
670 888 916 943 ingeniique
936 890 1080 931 bonis.

1574 624 1630 663 40

170 1032 277 1063 senilis
292 1032 353 1063 erit
368 1033 401 1063 in
417 1033 515 1064 veteri
523 1032 645 1070 fronte.
689 1033 794 1074 Atque
809 1043 919 1064 nocens
933 1037 1082 1072 senectus,
1097 1043 1165 1073 quoe
1179 1033 1297 1064 accedit
1310 1042 1420 1071 gressu
1434 1033 1555 1073 placido
1571 1034 1628 1064 im-

169 1075 272 1106 mittet
288 1085 412 1106 manum
425 1076 661 1115 pulchritudini.
696 1077 738 1106 Et
753 1087 819 1107 cum
831 1077 945 1116 aliquis
959 1078 1053 1115 dicet,
1071 1076 1148 1106 Hoec
1161 1076 1289 1115 pulchra
1296 1075 1376 1113 fuit,
1392 1077 1553 1106 molestum
1567 1075 1628 1105 tibi

170 1117 243 1155 erit,
259 1120 289 1147 et
303 1118 442 1156 quereris
465 1120 618 1157 speculum
642 1121 728 1148 tuum
752 1129 815 1149 esse
831 1119 961 1155 falsum.
1010 1119 1086 1148 Cum
1099 1118 1142 1147 sis
1156 1117 1340 1156 dignissima
1357 1117 1479 1153 magnis
1493 1117 1627 1154 divitiis,

169 1162 242 1189 tunt
269 1160 327 1190 tibi
344 1163 468 1190 tenues.-
489 1162 542 1190 sed
562 1171 640 1199 pone
655 1170 718 1190 esse
740 1161 872 1198 (equales
887 1160 1033 1189 maximis
1055 1159 1173 1197 opibus.
1218 1159 1379 1189 Nimirum
1398 1158 1530 1197 fortuna
1551 1160 1628 1189 illud

169 1201 285 1240 proebet
300 1208 390 1241 aeque
413 1202 525 1232 adimit
549 1203 724 1241 cuicumque
752 1202 826 1232 libet
839 1212 850 1237 ;
873 1204 903 1231 et
919 1201 971 1240 qui
995 1202 1081 1230 modo
1107 1204 1173 1231 erat
1200 1201 1322 1231 Croesus
1345 1203 1390 1231 est
1405 1204 1529 1240 repente
1545 1201 1629 1232 Irus.

172 1243 376 1279 Quamobrem
391 1253 551 1274 memorem
566 1241 716 1282 singula?
739 1243 818 1275 nihil
833 1243 976 1273 habemus
991 1243 1083 1273 morti
1106 1253 1165 1273 non
1179 1243 1356 1283 obnoxium,
1373 1244 1508 1283 exceptis
1522 1242 1629 1283 opibus

772 1336 1008 1348 eeeeeeeeeeee

167 1403 249 1431 —34
267 1399 414 1434 Quidam
433 1401 617 1442 legendum
641 1404 758 1432 censet
772 1400 803 1431 in
821 1402 954 1439 angusta
966 1399 1155 1437 front.-35
1173 1400 1338 1432 Nonnulli
1351 1399 1436 1431 editi
1447 1409 1554 1432 manus
1565 1409 1628 1440 pro

165 1446 386 1474 manum—36
400 1444 480 1476 Jun.
494 1448 530 1475 et
546 1444 664 1475 decem
680 1443 735 1474 alii
749 1443 1158 1483 Quoest⁷·epituspuss.—37
1171 1443 1266 1474 Unus
1281 1442 1478 1480 Med.form.
1491 1443 1627 1474 rubebis.

165 1488 249 1516 —38
272 1486 354 1517 Mss.
366 1486 497 1518 Bersm.
509 1496 593 1526 quer.
606 1486 753 1517 tui.-39
767 1485 835 1516 Alii
851 1485 931 1515 Sunt
944 1488 974 1515 et
986 1488 1117 1525 oin—41
1137 1485 1229 1516 Olim
1248 1485 1417 1516 edebatur
1428 1487 1482 1515 dat
1494 1488 1524 1515 et
1536 1487 1628 1525 quod-

165 1537 289 1568 cumque
297 1528 349 1559 lib.
360 1538 443 1559 unus
455 1529 549 1560 Med.
562 1530 758 1568 cuicumque;
775 1527 863 1558 unde
877 1527 994 1557 Heius.
1006 1527 1126 1558 dathus
1137 1529 1332 1567 cuicumque5
1346 1528 1416 1558 scil.
1430 1536 1530 1566 opes:
1546 1536 1626 1557 non-

167 1570 249 1601 nulli
264 1571 366 1601 etiam
395 1571 522 1602 habent
540 1571 592 1600 id:
615 1580 713 1610 posse
741 1573 776 1600 et
798 1569 866 1608 legi
882 1568 1004 1600 Heius.
1033 1573 1134 1609 putat
1160 1571 1214 1599 dat
1238 1573 1273 1600 ut
1296 1571 1502 1609 quodcumque
1527 1568 1626 1600 lib.—

166 1614 207 1643 42
226 1611 281 1643 Sic
294 1613 396 1643 tenuis
409 1623 434 1644 s.
451 1624 480 1653 q.
497 1623 537 1643 m.
555 1622 670 1643 cressus
685 1615 751 1642 erat
768 1611 856 1642 Mor.
865 1611 911 1652 fit
926 1611 1030 1641 cenius
1042 1621 1068 1641 s.
1095 1612 1138 1642 R.
1154 1612 1199 1653 fit
1213 1611 1343 1650 gracilis
1356 1621 1382 1642 s.
1399 1622 1428 1651 q.
1443 1621 1486 1641 m.
1499 1620 1628 1650 gras-sus

167 1653 250 1686 Lov.
269 1655 371 1694 Cyrus
386 1658 453 1685 erat
469 1656 511 1687 V.
530 1655 665 1686 Grossus
679 1654 721 1685 P.
741 1655 854 1685 Cossus
865 1663 916 1694 pr.
933 1653 1009 1685 Pol.
1029 1654 1160 1685 Crassus
1174 1654 1271 1686 multi
1286 1653 1439 1685 auh—43
1454 1652 1524 1684 Alii
1538 1658 1624 1685 vett.

825 1766 964 1798 NOTAE

208 1848 250 1876 86
274 1845 449 1886 Strepitum
473 1857 531 1877 non
547 1847 702 1888 faciente]
736 1848 868 1880 Tacitis

166 1896 292 1937 quippe
310 1897 404 1927 annis
421 1898 642 1928 senescimus:
658 1899 775 1939 illique
788 1904 866 1930 utut

165 1946 310 1976 maxime
339 1946 491 1987 fugaces,
519 1947 567 1978 sic
596 1947 730 1987 placide
748 1947 864 1978 labun-

167 1999 233 2035 tur,
249 2000 287 2027 ut
303 1996 359 2027 vix
386 2005 523 2028 currere
542 1996 756 2028 advertamus
785 2006 861 2028 cum

160 2045 234 2085 jam
249 2045 467 2077 effluxerunt.

207 2098 248 2126 37
272 2095 363 2135 Fuit]
381 2096 458 2128 Non
476 2097 516 2127 ad
534 2096 675 2128 formam
690 2096 790 2128 modo
805 2095 865 2127 sed

165 2144 207 2176 ad
223 2145 336 2176 onmia
353 2146 528 2185 praeterita
545 2151 649 2187 atque
661 2147 792 2186 dilapsa
808 2155 865 2176 ex-

163 2195 487 2234 horrescim=1s,cum
504 2196 694 2234 praesertim
707 2195 865 2234 ingruere

163 2244 266 2284 mala,
281 2244 402 2274 nullius
419 2244 517 2275 bonae
534 2244 583 2275 rei
599 2253 694 2284 spem
711 2253 796 2283 esse,
809 2244 865 2275 ad-

164 2294 335 2326 vertimus,
361 2294 445 2326 Quae
462 2303 514 2325 res
531 2294 686 2324 omnibus
703 2294 865 2325 altissima

165 2349 280 2375 mente
306 2348 466 2376 accurate
493 2349 595 2385 atque
627 2350 761 2375 mature
789 2354 864 2385 per-

165 2393 343 2433 pendenda
364 2398 466 2434 esset,
482 2393 546 2426 nisi
572 2393 748 2433 insigniter
766 2394 864 2425 stulti

166 2450 323 2475 essemus.

208 2495 249 2524 38
274 2494 428 2534 Mendax]
445 2494 551 2527 Quasi
566 2493 638 2525 fieri
656 2503 721 2525 non
739 2494 865 2535 potuis·

168 2544 221 2571 set
246 2545 284 2572 ut
309 2541 416 2575 forma
433 2548 501 2574 tam
526 2544 666 2585 egregia
681 2545 714 2575 in
732 2548 864 2576 tantum

167 2591 344 2621 immutata
360 2597 460 2624 esset.

210 2643 249 2671 41
278 2639 447 2680 Rupitque]
469 2643 577 2674 Fluxa
602 2648 707 2685 atque
733 2644 865 2685 fragilia

168 2698 242 2723 esse
259 2693 397 2722 terrena
411 2691 521 2723 omnia
535 2692 625 2725 bona
640 2695 774 2727 Ethnici
790 2704 865 2738 pro-

923 1857 967 1888 pe
989 1857 1106 1880 onmes
1131 1849 1346 1881 docuerunt:
1373 1847 1528 1888 tantique
1554 1855 1624 1878 mo-

921 1900 1026 1930 menti
1058 1901 1128 1931 visa
1158 1904 1212 1931 est
1241 1908 1282 1930 ea
1312 1898 1498 1936 sententia,
1525 1901 1564 1928 ut
1588 1901 1624 1928 et

921 1948 993 1987 ipse
1010 1949 1140 1988 generis
1152 1948 1289 1979 humani
1303 1949 1498 1987 Reparator
1509 1950 1624 1977 noster

921 1997 1090 2028 Dominus
1122 1998 1267 2028 eandem
1294 1997 1417 2037 saepius
1448 1996 1622 2028 inculcare

920 2054 985 2076 non
1003 2045 1189 2078 destiterit.
1224 2047 1365 2077 Frustra
1382 2050 1493 2076 tamen
1506 2045 1570 2076 uisi
1587 2049 1626 2077 et

920 2104 981 2126 nos
1013 2096 1101 2126 serio
1127 2096 1271 2126 eandem
1297 2095 1441 2126 subinde
1457 2095 1623 2132 oculis‚in

919 2144 1078 2175 vanitatis
1094 2148 1318 2183 contemtum,
1332 2144 1587 2185 subjecerimus.

960 2195 1003 2224 42
1027 2192 1113 2232 Irus]
1130 2193 1311 2224 Mendicus
1327 2193 1533 2232 Ithacensis,
1546 2203 1624 2233 pro·

919 2252 1033 2275 corum
1047 2243 1242 2284 Penelopes
1259 2243 1401 2282 assecla,
1412 2252 1511 2284 quem
1522 2243 1624 2284 Ulys-

918 2304 970 2326 ses
987 2303 1101 2334 pugno
1118 2294 1295 2325 mactavit.

964 2344 1103 2384 Croesus]
1124 2343 1321 2375 Ditissimus
1339 2353 1400 2375 rex
1424 2343 1489 2375 fnit
1505 2343 1621 2385 Lydiae

918 2394 975 2435 qui
990 2393 1024 2424 in
1041 2393 1261 2433 proverbium
1279 2393 1377 2425 abiit.

960 2446 1001 2475 44
1026 2444 1186 2484 Pectoris]
1229 2442 1316 2475 Haec
1348 2452 1490 2483 namque
1521 2443 1623 2479 bona,

917 2494 1112 2534 Sapientia,
1127 2494 1260 2531 Virtus,
1285 2498 1321 2522 et
1339 2502 1412 2532 quae
1430 2495 1509 2521 sunt
1523 2490 1623 2531 hujus

919 2543 1065 2584 generis,
1088 2552 1156 2573 non
1175 2543 1268 2573 clara
1284 2541 1386 2571 modo
1405 2546 1508 2581 atque
1521 2545 1622 2571 aeter-

919 2603 962 2625 na
985 2594 1168 2632 habentur,
1192 2592 1251 2622 sed
1278 2596 1396 2623 nostra
1420 2601 1500 2623 vere
1530 2596 1622 2632 sunt,

919 2643 1040 2684 quibus
1066 2643 1131 2675 Dei
1156 2642 1244 2674 dono
1271 2642 1409 2683 gloriari
1435 2646 1535 2685 atque
1550 2641 1620 2676 frui

916 2694 1036 2726 liceat.
