1877 3193
546 185 698 217 EmST.
733 186 811 218 EX(
835 187 993 218 PoN'ro
1028 188 1123 219 Lus.
1158 189 1210 220 11.
1242 178 1309 221 10.
1535 184 1648 227 2619

201 277 282 319 Est
297 277 479 332 aliquid,
501 292 633 321 casus
651 282 810 335 pariter
830 282 1028 324 timuisse
1048 284 1243 326 marinos
1259 298 1272 337 3

255 344 286 385 J
291 350 504 400 unctaque
526 348 582 388 ad
602 362 831 403 aequoreos
853 355 957 391 vota
976 351 1134 393 tulisse
1157 352 1279 394 Deos
1296 366 1306 394 :
1595 355 1651 395 40

199 411 256 453 Et
274 414 407 454 modo
427 426 499 454 res
521 414 664 468 egisse
683 415 815 455 simul
832 429 842 466 ;
874 416 1004 456 modo
1025 430 1174 458 rursus
1196 419 1253 460 ab
1273 419 1378 470 illiS,

256 478 457 529 Quorum
476 493 563 521 non
586 481 764 534 pudeat,
786 494 923 534 posse
942 482 1103 523 referre
1118 484 1264 536 jocos.

199 546 316 588 Haec
338 546 417 586 tibi
439 546 477 587 si
499 548 696 596 subeant,
726 546 891 601 (absim
911 546 1052 601 licet,)
1084 550 1286 592 omnibus
1305 553 1422 593 horis

258 612 371 654 Ante
393 616 489 653 tuos
510 613 675 662 oculos,
698 617 744 653 ut
759 613 892 654 modo
914 613 1057 665 visus,
1077 628 1166 657 ero.

197 678 303 732 Ipse
323 679 495 733 quidem
514 680 695 720 extremi
716 692 814 720 cum
837 680 920 721 sim
941 682 1023 722 sub
1044 682 1223 724 cardine
1244 685 1408 737 mundi,
1596 689 1653 730 45

253 745 342 796 Qui
360 758 529 800 semper
546 747 724 801 liquidis
745 748 875 789 altior
892 752 1015 790 extat
1035 750 1164 804 aquis
1181 764 1192 802 ;

197 811 263 853 Te
285 816 427 854 tamen
446 815 629 864 intueor,
655 828 742 868 quo
765 814 862 855 solo
878 819 1055 868 pectore
1074 829 1255 870 possum
1273 832 1283 859 ε

254 880 311 920 Et
333 884 478 922 tecum
500 881 642 933 gelido
666 895 786 935 saepe
808 883 889 923 sub
912 895 995 923 axe
1015 884 1191 937 loquor.

197 946 289 988 Hic
309 960 372 998 es,
393 952 437 989 et
455 949 652 1001 ignoras:
682 953 723 989 et
743 949 850 990 ades
871 951 1184 992 celeberrimus
1204 951 1364 994 absens
1383 965 1393 994 :

254 1014 394 1068 Inque
416 1015 559 1057 Getas
576 1015 723 1057 media
740 1017 863 1057 visus
885 1017 940 1057 ab
963 1015 1082 1058 Urbe
1099 1018 1236 1059 venis.
1591 1020 1647 1062 50

194 1144 356 1184 aequaliter
370 1155 456 1176 casus
470 1154 635 1186 oequoreoS‚
649 1150 740 1186 atque
755 1157 816 1178 una
832 1147 1055 1187 nuncupavisse
1075 1151 1146 1178 vota
1162 1148 1237 1178 Diis
1257 1146 1408 1178 marinis.-
1430 1151 1460 1178 et
1476 1158 1554 1179 nunc
1568 1151 1650 1179 truc-

191 1190 272 1218 tasse
284 1189 410 1225 negotia
424 1188 515 1219 simul
525 1199 536 1225 ;
558 1199 637 1219 nunc
651 1198 758 1219 rursus
771 1189 808 1218 ab
824 1189 886 1219 illis
899 1199 987 1229 posse
1002 1199 1236 1220 commemorare
1259 1190 1357 1228 ludos,
1378 1199 1505 1229 quorum
1518 1200 1578 1220 non
1588 1201 1648 1230 pu-

193 1230 275 1261 deat.
320 1229 358 1259 Si
384 1231 449 1260 ltaec
473 1231 596 1261 veniant
626 1231 684 1260 tibi
709 1231 742 1261 z'n
767 1235 900 1261 mentem
920 1231 1054 1269 singulis
1077 1231 1172 1270 horis,
1197 1240 1369 1270 quanquam
1391 1232 1451 1261 sim
1464 1233 1582 1271 procul,
1596 1242 1648 1262 ero

191 1281 294 1302 coram
309 1271 415 1310 oculis,
431 1275 577 1311 tanquam
593 1273 679 1302 modo
694 1276 880 1312 conspectus.
927 1274 996 1311 Ego
1022 1273 1155 1312 quidem,
1181 1273 1305 1303 tametsi
1329 1273 1389 1303 sim
1412 1273 1466 1303 sub
1482 1274 1552 1312 polo
1567 1273 1649 1304 orbis

189 1313 305 1352 ultimi,
319 1314 370 1352 qui
395 1323 512 1352 semper
525 1317 652 1352 apparet
669 1314 817 1344 excelsior
832 1314 920 1354 aquis
934 1314 1062 1354 fluidis,
1084 1315 1283 1345 nihilominus
1297 1318 1327 1345 le
1340 1317 1441 1355 specto
1455 1315 1571 1354 animo,
1589 1326 1647 1355 quo

188 1355 252 1385 solo
267 1355 352 1394 licet,
368 1358 399 1386 et
405 1355 535 1392 fabulor
549 1365 629 1395 saepe
643 1358 742 1386 tecum
756 1356 810 1386 sub
825 1356 952 1387 cardine
959 1356 1095 1396 frigido,
1141 1357 1207 1387 Hic
1234 1367 1277 1395 es,
1300 1360 1330 1388 et
1352 1357 1461 1397 nescis,
1486 1360 1517 1388 et
1541 1357 1648 1388 absens

190 1398 263 1428 ades
278 1396 562 1438 frequentissimus,
586 1401 617 1428 et
639 1398 723 1429 venis
748 1398 786 1429 ab
814 1399 897 1430 Urbe
912 1399 1012 1430 media
1026 1399 1060 1430 in
1075 1403 1251 1440 conspectus
1272 1398 1444 1440 Scythicos.
1488 1400 1558 1431 Par
1576 1400 1650 1441 pari

806 1490 824 1500 o

190 1553 227 1579 et
251 1548 336 1588 Arg.
363 1551 399 1578 et
423 1547 489 1577 duo
517 1546 574 1576 alii
598 1546 798 1586 delicia—39
822 1545 886 1577 Ed.
910 1546 1040 1576 Bersm.
1065 1546 1123 1575 Est
1150 1546 1236 1576 modo
1250 1554 1299 1576 res
1319 1555 1381 1577 cas,
1404 1545 1487 1576 Mox
1503 1550 1648 1587 quatuor

188 1591 268 1621 libri
283 1600 352 1629 par.
367 1589 499 1620 tenuisse
519 1597 600 1618 mar.
626 1587 746 1618 Heins.
764 1587 901 1618 volebat
916 1587 1177 1619 tremuisse—42
1197 1588 1281 1627 Arg.
1306 1588 1377 1622 Qua
1392 1597 1452 1618 non
1467 1598 1515 1618 me
1528 1590 1647 1629 pud.—

189 1635 230 1663 43
255 1632 358 1663 Multi
386 1630 506 1670 scripti
527 1640 596 1660 cum
621 1639 684 1669 pro
710 1630 748 1660 si.
783 1630 866 1660 Mox
882 1629 979 1660 absim
1005 1635 1058 1660 est
1082 1640 1124 1660 ex
1146 1629 1227 1661 Jun.
1253 1629 1390 1670 quidam
1416 1634 1500 1661 vett.
1515 1631 1645 1662 absens:

190 1674 282 1715 vulg.
297 1674 347 1704 hic
361 1673 430 1712 sim,
445 1677 481 1703 et
496 1671 577 1711 Arg.
592 1671 662 1702 licet
684 1671 734 1702 hic
759 1672 840 1702 sim:
871 1672 926 1702 Sa.
949 1672 1059 1711 ipsam.
1094 1672 1272 1702 Praeterea
1294 1681 1336 1702 ex
1362 1672 1427 1703 Ro.
1455 1677 1492 1703 et
1517 1672 1647 1704 duobus

190 1716 263 1747 aliis
287 1716 407 1748 Heius.
424 1714 579 1754 reposuit
594 1714 677 1744 horis
699 1723 761 1754 pro
778 1714 869 1753 vulg.
883 1714 1066 1744 annis.—45
1091 1714 1161 1754 Ipse
1178 1714 1300 1754 quidem
1321 1718 1404 1745 certe
1428 1724 1496 1745 cum
1515 1715 1573 1745 sim
1588 1715 1644 1745 sub

189 1769 216 1790 c.
245 1769 285 1790 m.
329 1758 462 1788 Sarrav.
491 1766 567 1787 cum
603 1756 748 1796 vulgatis
780 1761 816 1787 et
842 1766 885 1786 ex
911 1756 1047 1796 scriptis
1075 1756 1193 1794 multi;
1230 1755 1389 1787 mendose
1413 1756 1502 1786 haud
1532 1757 1646 1789 dubie.

187 1799 396 1832 Twisdenius
423 1802 487 1830 toto
498 1809 509 1829 .-
530 1798 690 1839 quinque,
704 1801 807 1829 certo:
829 1799 1003 1839 Excerpta
1017 1798 1181 1838 Scaligeri
1203 1803 1239 1828 et
1253 1797 1320 1828 duo
1337 1808 1379 1830 ex
1394 1798 1529 1838 nostris,
1543 1803 1645 1830 extre-

187 1844 253 1880 mi:
287 1842 392 1874 etiam
408 1840 517 1872 bene:
542 1850 625 1872 unns
646 1851 721 1872 cum
740 1841 971 1872 Arundeliano
995 1844 1153 1872 extremo.-
1186 1844 1329 1880 quatuor
1357 1840 1498 1880 positus.-
1521 1841 1563 1871 de
1580 1851 1645 1881 quo

189 1886 270 1917 vide
285 1886 394 1918 Notas
409 1888 543 1915 nostras
559 1884 659 1923 [Not.
672 1884 770 1923 Van]
786 1892 888 1923 supra
898 1884 993 1923 Eleg.
1011 1893 1034 1914 1.
1050 1887 1081 1915 5.
1096 1886 1148 1914 79.
1165 1882 1278 1913 Heins.
1303 1882 1401 1912 Unde
1417 1882 1519 1912 etiam
1535 1882 1646 1914 edidit

188 1928 363 1967 Heinsius,
379 1927 525 1959 Extremi
540 1936 608 1956 cum
620 1926 677 1955 sim
690 1936 700 1961 ;
723 1926 784 1956 sed
801 1925 934 1956 omnino
951 1925 1190 1956 eradicandum
1205 1924 1243 1954 τὸ
1256 1934 1324 1955 cum
1335 1925 1392 1955 sim
1408 1929 1444 1955 et
1456 1924 1503 1955 sic
1518 1924 1645 1955 haben-

189 1971 269 2001 dum
284 1982 292 2001 :
317 1973 410 2011 certe,
426 1970 590 2009 glossema
604 1968 660 1998 τοῦ
674 1968 807 2008 quidem,
822 1968 1005 2007 occupavit
1021 1968 1129 1998 locum
1146 1967 1277 1998 extremi
1290 1977 1300 2003 ,-
1313 1977 1381 1997 cum
1395 1967 1466 2006 sim,
1480 1966 1646 2007 interpre-

188 2016 377 2044 tamentum
391 2014 436 2051 τῷ
448 2012 565 2052 positus
585 2010 852 2050 superadditum,
876 2019 936 2049 pro
962 2010 1020 2040 illo
1044 2010 1128 2049 ipso,
1153 2009 1246 2050 quasi
1273 2007 1435 2040 facilioris
1451 2010 1644 2048 sententiae,

189 2060 365 2095 receptum
382 2059 455 2085 est:
480 2054 553 2084 aliis
570 2058 683 2084 tamen
699 2053 764 2083 alio
784 2052 883 2083 modo
902 2052 1130 2083 turbantibus.
1170 2051 1256 2082 Haec
1271 2051 1351 2081 mihi
1366 2051 1451 2082 adeo
1467 2061 1527 2091 pro
1541 2051 1645 2082 certis

188 2102 279 2137 sunt,
295 2102 332 2128 ut
347 2097 590 2137 conjecturam,
606 2095 632 2125 si
655 2100 766 2126 tamen
793 2094 842 2125 ita
868 2094 1032 2132 vocanda,
1056 2094 1088 2124 in
1116 2098 1249 2125 textum
1274 2103 1371 2124 ausus
1387 2094 1451 2124 sim
1467 2093 1644 2134 recipere:

188 2140 260 2180 Ipse
272 2140 394 2179 quidem
407 2138 539 2170 extremi
551 2138 669 2178 positus
679 2138 733 2168 sub
749 2148 775 2168 c.
791 2147 830 2168 m.
858 2136 989 2167 Auctor
1004 2137 1114 2168 Elect.
1132 2137 1233 2167 Eton.
1280 2135 1472 2175 Legendum
1498 2140 1602 2175 esset,
1615 2136 1642 2166 si

189 2182 264 2222 quis
275 2182 394 2221 positus
408 2181 511 2212 vellet
524 2180 684 2218 retinere,
700 2180 768 2219 Ipse
778 2179 898 2219 quidem
910 2180 1028 2218 positus
1042 2189 1110 2210 cum
1123 2178 1192 2210 sim.
1237 2177 1276 2209 In
1290 2178 1448 2209 Leidensi
1464 2183 1499 2208 et
1514 2178 1643 2209 duobus

188 2224 261 2254 aliis
287 2229 375 2261 erat,
399 2224 470 2262 Ipse
496 2222 618 2262 quidem
638 2222 740 2260 gelido
764 2232 833 2252 cum
857 2221 939 2256 sim;
970 2222 1088 2252 incerto
1120 2221 1225 2251 alius:
1259 2220 1314 2250 sub
1344 2220 1465 2250 climate
1496 2220 1643 2251 Putean.

188 2266 389 2297 Barim—49
412 2266 506 2296 Unus
524 2264 607 2295 Cod.
635 2265 704 2295 Hoc
718 2267 819 2295 tamen
842 2263 946 2302 ignor.
978 2264 1070 2295 Mor.
1087 2267 1122 2294 et
1137 2264 1267 2294 Bersm.
1284 2264 1338 2293 sed
1352 2262 1421 2293 abes
1435 2262 1527 2293 celeb.
1563 2263 1643 2293 Vul-

188 2309 260 2349 gati
284 2308 388 2340 etiam
413 2307 538 2339 liabent
559 2308 636 2343 sed‚·
667 2311 701 2337 at
725 2316 766 2338 ex
793 2306 987 2337 melioribus
1006 2306 1123 2338 Heius.
1140 2306 1293 2347 reposuit
1306 2308 1435 2337 et.—50
1459 2305 1527 2336 Pro
1541 2305 1642 2335 media

849 2390 881 2422 N
887 2391 993 2423 OTAE

231 2469 272 2498 35
301 2467 420 2499 Vicibus
428 2466 583 2508 loquendi]
597 2467 775 2499 Sermones
789 2467 890 2498 alter·
986 2471 1027 2498 39
1049 2466 1192 2506 Aliquid]
1221 2466 1310 2503 Quo,
1323 2462 1467 2501 scilicet,
1486 2459 1642 2491 foveatur

191 2516 296 2546 natim
311 2517 487 2549 caedendo.
946 2517 1108 2548 amicitia.

234 2567 276 2594 36
294 2564 418 2603 Gradu]
432 2566 580 2604 Singulis
596 2566 721 2606 quippe
735 2566 888 2607 passibus
986 2568 1027 2596 46
1056 2563 1176 2601 Altior]
1223 2561 1326 2591 Polus
1356 2568 1437 2589 vcro
1469 2556 1640 2597 Arcticns‚

191 2615 343 2656 pluscula
360 2615 464 2645 verba
480 2616 712 2655 proferebant.
944 2616 997 2645 cui
1033 2612 1169 2653 propior
1209 2611 1314 2648 Naso,
1339 2609 1372 2639 iu
1398 2607 1498 2639 Getis
1526 2617 1641 2648 agens,

236 2668 276 2695 38
313 2664 429 2704 Tarda]
474 2665 603 2696 AEstatc
634 2666 789 2699 nimirum
819 2668 890 2699 dies
944 2667 1083 2694 (lucano
1099 2671 1266 2701 numquam
1281 2659 1455 2696 mergitur.

195 2720 271 2746 sunt
287 2714 465 2753 longiores.
993 2716 1026 2744 15
1053 2712 1178 2751 (ιἰΙίιΙο]
1199 2711 1338 2742 Scilicet
1350 2709 1638 2750 Scptenitiionalic-
