1877 3193
242 161 357 205 2812

731 176 768 204 Ρ.
800 173 957 203 OVlDll
992 172 1211 204 NASONIS

243 268 371 312 Neve
392 269 551 323 gradus
573 269 706 310 adeas
725 267 942 321 Elpenore
963 267 1135 308 cautius
1157 269 1270 309 altos
1290 281 1299 309 :

299 335 490 390 Vimque
510 336 623 376 feras
644 335 750 384 vini,
774 347 863 388 quo
883 334 983 376 tulit
1003 335 1076 375 ille
1098 335 1245 375 modo,

242 403 442 457 Tamque
462 403 597 445 cadas
617 402 824 452 domitus,
847 415 977 456 quam
1001 403 1208 456 quisquis
1230 402 1284 444 ad
1306 415 1427 444 arma
1446 408 1682 445 vocantem

299 471 427 512 Juvit
447 471 725 511 inhumanum
743 470 1067 512 Thiodamanta
1090 472 1289 525 Dryops.

1617 472 1703 514 490

245 537 392 588 Quam
412 539 527 579 ferus
547 540 645 592 ipse
667 552 748 579 suo
770 539 898 592 periit
918 544 1140 580 mactatus
1161 540 1205 580 in
1235 543 1361 581 antro

302 605 508 646 Proditus
528 606 711 645 inclusae
734 605 882 645 Cacus
903 607 957 645 ab
977 619 1050 646 ore
1079 607 1219 647 bovis.

244 669 391 720 Quam
411 673 485 724 qui
506 671 623 711 dona
636 672 737 711 tulit
757 671 944 712 Lernaeo
969 673 1103 713 tincta
1122 685 1308 723 veneno,

300 737 618 791 Euboicasque
640 752 721 779 suo
743 740 951 790 sanguine
979 739 1110 781 tinxit
1131 752 1284 793 aquas.

243 804 331 846 Vel
351 804 406 846 de
426 807 645 860 praecipiti
667 806 821 847 venias
841 807 882 847 in
903 805 1090 847 Tartara
1111 819 1240 856 saXO,

1619 807 1706 849 495

302 871 365 914 Ut
384 873 460 926 qui
482 873 759 914 Socraticum
780 873 834 914 de
857 887 964 916 nece
987 874 1093 928 legit
1115 886 1241 928 opus.

242 1003 365 1036 dentius
378 1005 419 1035 ad
440 1005 576 1036 excelsas
596 1007 694 1037 scalas
723 1006 883 1046 Elpenore,
910 1009 941 1037 et
968 1006 1077 1037 toleres
1100 1005 1162 1036 vim
1188 1004 1264 1044 vini,
1288 1014 1345 1045 quo
1369 1005 1456 1035 modo
1481 1004 1533 1035 ille
1549 1003 1708 1037 toleravit.

242 1048 349 1087 Atque
363 1047 498 1079 intereas
513 1059 571 1079 non
588 1049 688 1080 minus
705 1049 804 1080 victus
818 1059 911 1089 quam
925 1049 1060 1089 quisquis
1077 1049 1201 1088 Dryops
1212 1058 1299 1088 opem
1316 1047 1388 1078 tulit
1398 1047 1472 1085 sero
1489 1047 1710 1078 Thiodamami

242 1090 384 1121 hortanti
406 1093 446 1121 ad
461 1101 568 1122 arma:
592 1102 682 1132 quom
697 1092 880 1123 inhumanus
897 1093 995 1122 Cacus
1010 1093 1075 1132 ipse
1091 1090 1274 1130 interfectus
1289 1090 1322 1121 in
1336 1101 1392 1121 sua
1404 1100 1507 1131 specu,
1531 1090 1706 1130 patefactus

242 1142 295 1163 ore
308 1143 409 1164 vaccae
422 1134 568 1166 inclusoe:
591 1145 681 1175 quam
697 1135 749 1174 qui
763 1136 901 1175 portavit
918 1145 1042 1167 munera
1058 1134 1174 1172 infecta
1188 1135 1259 1164 tabo
1274 1133 1417 1171 Lernaeo,
1432 1137 1463 1164 et
1486 1133 1597 1171 infecit
1612 1141 1708 1173 aquas

245 1175 398 1209 Euboicas
420 1179 571 1217 sanguine
587 1188 652 1210 suo.
703 1178 758 1209 Vec
772 1179 935 1209 descendas
950 1180 990 1209 od
1016 1177 1138 1216 Inferos
1153 1179 1190 1208 de
1214 1186 1289 1217 rupe
1312 1180 1487 1217 praerupta,
1511 1179 1545 1206 ut
1562 1175 1615 1217 qui
1631 1176 1707 1216 legit

858 1263 1093 1275 e-eemm‘

246 1313 365 1345 Heius.
381 1315 512 1354 recepit
529 1324 571 1345 ex
589 1315 697 1345 tribus
713 1315 848 1354 scriptis
867 1324 926 1354 pro
943 1315 1033 1353 vulg.
1051 1315 1285 1346 Linum—487
1309 1316 1399 1347 Mor.
1423 1320 1458 1346 et
1478 1326 1561 1346 unns
1587 1315 1708 1346 Heius.

247 1357 319 1396 Etp.
334 1357 456 1388 cautior
470 1357 633 1387 alt—490
657 1357 726 1387 Pro
742 1357 833 1387 ιῙιιυὶι
852 1356 987 1396 plurimi
1010 1357 1122 1392 Vidit‚·
1147 1366 1197 1396 pr.
1225 1357 1287 1387 Ed.
1316 1358 1424 1387 Ludit.
1464 1359 1546 1389 Mox
1572 1358 1708 1398 quidam

245 1399 352 1431 codd.
367 1399 496 1430 habent
515 1399 774 1434 leerodamanta,
790 1403 826 1429 et
846 1399 1193 1428 Theodamanta.—492
1220 1399 1371 1429 Proditus
1395 1409 1437 1429 ex
1455 1399 1594 1439 scriptis
1610 1409 1710 1439 repo-

244 1442 296 1473 nit
323 1442 443 1472 Heius.
474 1450 536 1481 pro
565 1441 654 1481 vulg,
685 1441 957 1471 Protinus—493
982 1440 1126 1470 Plurimi
1153 1440 1272 1480 scripti
1299 1441 1413 1470 Nesseo
1437 1450 1500 1481 pro
1522 1442 1711 1473 Lenaeo.—

906 1542 1046 1574 NOTAE

245 1621 389 1649 matrem
413 1618 589 1660 Calliopen
610 1619 745 1650 Musam
762 1629 771 1658 3
795 1628 897 1660 quare
915 1624 952 1650 et

246 1669 303 1699 illa
315 1669 432 1700 horum
448 1679 565 1701 nurus,

287 1720 349 1748 485
377 1719 462 1750 Puer
479 1719 683 1760 Hypsipyles]
708 1720 874 1761 Opheltes
887 1726 951 1759 est,

247 1768 312 1798 alio
335 1768 468 1799 nomine
489 1769 602 1800 dictus
628 1770 871 1810 Archemorus,
888 1771 952 1811 Ly-

246 1819 343 1859 curgi
360 1819 569 1850 Nemeorum
594 1821 683 1861 regis
711 1821 809 1861 filius,
835 1822 891 1863 qui
909 1822 952 1853 ab

246 1868 441 1909 Hypsipyle
459 1870 592 1901 nutrice
605 1871 824 1912 indiligenter
840 1877 953 1903 custo-

248 1918 352 1958 ditus,
368 1921 538 1960 serpentis
556 1930 669 1952 morsu
687 1923 861 1953 extinctus
878 1928 941 1953 est.

291 1969 356 2005 Qui
368 1970 457 2010 cava]
492 1971 723 2002 Laocoontem
748 1972 845 2012 dicit,
873 1973 951 2003 Vir-

245 2020 373 2061 giliano
391 2022 540 2052 carmine
555 2022 779 2061 notissimum,
794 2024 850 2064 qui
867 2024 876 2040 ‘
897 2033 951 2054 va-

245 2071 323 2102 lidis
340 2072 513 2113 ingentem
542 2073 669 2104 viribus
692 2074 824 2104 hastam
849 2074 887 2105 ln
906 2074 951 2105 la-

247 2126 301 2153 tus
332 2122 433 2163 inque
464 2122 529 2154 feri
557 2134 694 2155 curvam
728 2125 950 2166 compagibus

246 2170 357 2201 alvum
376 2173 550 2205 Contorsit
565 2175 584 2205 :’
607 2180 710 2216 atque
724 2175 810 2206 adeo
826 2186 951 2217 equum

246 2221 393 2261 ligneum
408 2222 574 2253 Minerva>
598 2234 743 2263 sacrum,
766 2231 803 2257 ut
824 2226 952 2257 fabula·

249 2275 303 2302 tus
331 2274 405 2301 erat
430 2270 547 2309 Sinon,
578 2273 743 2305 violavit:
780 2286 848 2316 qua
873 2287 908 2306 re
933 2287 952 2307 a

247 2320 378 2353 duobus
394 2321 599 2352 draconibus
617 2328 809 2363 correptus,
835 2330 870 2355 et
893 2326 952 2356 mi-

249 2381 325 2404 sere
342 2372 524 2402 involutus.

290 2425 355 2455 486
379 2422 538 2463 Suspecti]
583 2422 592 2438 ‘
609 2423 705 2463 Equo
733 2432 775 2452 ne
805 2423 951 2463 credite,

247 2472 394 2513 'I'eucri,'
409 2473 495 2504 dicit
509 2474 563 2504 ille
581 2472 670 2513 apud
688 2473 878 2504 Maronem.

290 2527 353 2557 487
380 2524 546 2564 Elpenore]
565 2524 665 2554 Hunc
680 2523 810 2564 Ulyssis
825 2523 950 2554 socium

242 2575 315 2614 jam
331 2583 435 2615 supra
452 2574 594 2604 vidimus
617 2574 747 2604 ebrium
771 2579 807 2605 et
824 2574 865 2605 de
882 2584 952 2605 sca-

250 2624 290 2654 lis
307 2624 437 2664 lapsum
455 2625 587 2655 cervice
604 2623 727 2654 fracta.

292 2675 356 2704 490
384 2672 625 2712 Thiodamanta]
648 2673 827 2713 Dryopum
848 2682 953 2714 popu-

251 2725 358 2760 lorum
382 2722 424 2754 ad
449 2723 596 2755 Pindum
621 2727 772 2756 montem
798 2733 858 2756 rex
875 2724 953 2766 fuit,

1007 1629 1026 1649 a
1052 1628 1118 1660 quo
1144 1627 1220 1649 cum
1244 1617 1353 1658 Hylus
1376 1616 1536 1648 Herculis
1555 1615 1645 1648 filius
1666 1617 1712 1649 ci-

1006 1670 1084 1701 bum
1102 1670 1271 1710 petiisset,
1298 1669 1448 1699 Hercule
1472 1668 1551 1700 illac
1575 1669 1642 1700 iter
1663 1669 1712 1700 fa-

1005 1721 1132 1759 ciente,
1157 1725 1259 1761 atque
1285 1720 1342 1750 ille
1369 1724 1541 1759 negasset,
1564 1719 1714 1750 Thioda-

1006 1770 1129 1801 mantis
1146 1770 1248 1801 boves
1265 1774 1430 1800 mactatos
1456 1769 1624 1800 Hercules
1642 1769 1712 1800 suis

1005 1820 1177 1861 apposuit.
1222 1820 1305 1850 Eam
1335 1818 1494 1859 injuriam
1510 1818 1711 1850 Thiodamas

1005 1871 1121 1902 ulcisci
1148 1879 1327 1910 aggressus
1354 1874 1419 1909 est,
1444 1869 1568 1901 educta
1599 1869 1712 1909 Dryo-

1006 1931 1085 1962 pum
1101 1931 1224 1952 manu:
1250 1930 1367 1951 verum
1390 1919 1482 1951 fusos
1508 1920 1583 1951 illos
1608 1919 1713 1950 inter-

1005 1971 1099 2002 fecto
1119 1981 1180 2002 suo
1208 1980 1289 2010 rege
1317 1971 1352 2001 in
1376 1970 1596 2001 Trachiniam
1623 1971 1714 2001 colo-

1006 2024 1096 2054 niam
1119 2023 1230 2062 duxit,
1249 2027 1284 2054 et
1313 2023 1428 2063 Hylan
1454 2022 1712 2054 Thiodamantls

1005 2074 1111 2106 filium
1139 2074 1257 2106 formae
1285 2074 1490 2116 praestantia
1514 2079 1636 2116 captus
1660 2084 1714 2105 ra·

1006 2127 1094 2167 puit.

1048 2180 1111 2208 492
1138 2176 1254 2216 Cacus]
1288 2176 1433 2208 Vulcani
1460 2174 1526 2207 fuit
1546 2174 1649 2215 filius,
1670 2174 1713 2206 ab

1007 2228 1160 2258 Hercule
1186 2227 1334 2257 domitus
1358 2227 1391 2256 in
1408 2230 1523 2256 monte
1541 2224 1712 2256 Aventino

1007 2277 1051 2308 ob
1076 2277 1180 2307 boves
1212 2281 1328 2316 raptos
1356 2286 1424 2306 una
1449 2285 1523 2305 cum
1541 2273 1711 2313 juvencis,

1007 2335 1147 2366 quarum
1173 2325 1281 2356 cauda
1309 2326 1342 2355 in
1366 2325 1563 2364 speluncam
1581 2327 1711 2354 tracta-

1007 2384 1077 2405 rum
1093 2376 1101 2390 ‘
1114 2373 1278 2404 Reddidit
1295 2383 1359 2403 una
1374 2373 1474 2402 boum
1492 2381 1625 2410 vocem,
1639 2382 1712 2403 vas-

1007 2429 1111 2465 toque
1128 2423 1190 2454 sub
1207 2427 1304 2454 antro
1322 2423 1458 2462 Μιιὲἰίῑ,
1470 2428 1505 2453 et
1518 2422 1600 2454 Caci
1615 2432 1711 2464 spem

1007 2474 1178 2506 custodita
1194 2472 1343 2504 fefellit!

1048 2527 1110 2555 <193
1138 2524 1200 2559 Qui
1215 2523 1310 2562 dona]
1336 2522 1454 2553 Lichas
1468 2528 1533 2562 est,
1550 2523 1608 2563 qui
1625 2522 1712 2554 tuni·

1006 2584 1079 2606 cam
1105 2579 1305 2605 venenatam
1333 2573 1476 2604 Herculi
1499 2583 1518 2604 a
1544 2573 1711 2605 Deianira

1008 2624 1143 2661 attulit3
1169 2633 1268 2664 quem
1285 2622 1422 2663 quidem
1438 2622 1553 2654 furens
1569 2623 1603 2654 in
1618 2631 1710 2655 mare

1008 2675 1193 2708 Euboicum
1211 2673 1368 2714 projecit.

1048 2728 1112 2757 496
1137 2724 1200 2761 Qui
1222 2723 1431 2764 Socraticum]
1455 2722 1709 2756 Cleombrotum
