1863 3193
624 200 867 232 'rurs'rmm
902 201 998 233 Lm.
1032 201 1107 233 111.
1138 190 1208 232 14.

1534 190 1646 233 2373

191 293 323 346 Quod
343 295 607 349 quicumque
626 294 758 347 leget,
789 295 852 350 (si
872 296 972 349 quis
988 295 1143 350 leget,)
1172 295 1360 336 aestimet
1381 299 1494 345 ante,

246 361 551 416 Compositum
574 374 664 414 quo
685 362 742 403 sit
760 366 970 416 tempore,
998 376 1169 417 quoque
1188 363 1303 405 loco.

190 429 362 483 AEquus
383 431 462 470 erit
481 429 674 482 scriptis,
705 442 890 482 quorum
909 431 1165 482 cognoverit
1183 444 1282 472 esse

247 497 442 537 Exilium
463 500 649 548 tempus,
670 496 1002 549 barbariemque
1023 497 1186 538 locum.

1587 495 1641 536 30

190 564 328 618 Inque
348 568 412 604 tot
433 562 630 603 adversis
649 576 822 603 carmen
843 564 1071 604 mirabitur
1091 564 1226 606 ullum

247 632 420 672 Ducere
439 643 508 670 me
530 630 638 670 tristi
659 630 928 672 sustinuisse
948 643 1093 671 manu.

189 699 414 751 Ingenium
438 698 599 749 fregere
619 711 760 739 meum
780 698 924 739 mala:
956 699 1081 753 cujus
1101 703 1147 738 et
1167 702 1265 739 ante

245 766 364 806 Fons
388 765 677 814 infoecundus,
699 778 925 818 parvaque
947 778 1058 807 vena
1077 765 1170 806 fuit.

187 832 276 874 Sed
297 846 589 886 quaecumque
611 833 704 881 fuit,
723 833 842 872 nullo
864 836 1094 874 exercente
1113 832 1285 886 refugit,
1591 833 1650 874 321

243 900 302 940 Et
323 900 454 952 longo
475 900 602 952 periit
622 899 743 939 arida
764 900 879 940 facta
901 901 1005 941 situ.

189 966 291 1008 Non
313 967 382 1008 hic
404 967 632 1016 librorum,
655 980 735 1020 per
758 980 870 1020 quos
894 967 1048 1009 inviter
1068 967 1261 1020 alatque,

244 1033 388 1087 Copia
406 1048 415 1074 :
448 1046 527 1086 pro
547 1035 671 1075 libris
693 1047 821 1075 arcus
843 1038 886 1075 et
906 1047 1027 1075 arma
1048 1039 1217 1075 sonant.

188 1101 350 1142 Nullus
370 1101 412 1140 in
434 1101 517 1141 hac
540 1105 669 1151 terra,
689 1101 863 1142 recitem
888 1102 925 1142 si
947 1102 1153 1151 carmina,
1175 1099 1306 1154 cujus

247 1168 538 1209 Intellecturis
558 1169 735 1208 auribus
757 1171 867 1217 utar,
889 1168 1033 1208 adest.

189 1234 300 1285 Nec,
322 1248 409 1287 quo
430 1234 648 1283 secedam,
670 1234 793 1274 locus
813 1237 891 1274 est.

1594 1171 1617 1209 4

952 1233 1164 1274 Custodia
1179 1234 1288 1274 muri
1623 1171 1648 1210 Ο

242 1302 482 1342 Submovet
502 1300 703 1351 infestos,
723 1301 964 1355 clausaque
984 1305 1130 1355 porta,
1154 1301 1307 1343 Getas.

183 1434 306 1465 missum
321 1443 339 1464 a
354 1433 477 1472 regione
488 1428 616 1464 re'mota.
666 1433 756 1468 Quod
770 1433 906 1474 quisquis
920 1434 1014 1473 leget,
1036 1432 1148 1474 siquis
1172 1434 1267 1473 leget,
1289 1434 1378 1473 prius
1397 1434 1565 1474 perpendat
1588 1445 1645 1474 quo

184 1481 317 1517 tempore
337 1477 380 1506 sit
403 1477 563 1516 scriptum,
579 1479 606 1506 et
624 1486 680 1515 quo
702 1476 776 1506 loco.
826 1476 954 1507 Favebz't
974 1475 1112 1515 scriptis,
1135 1486 1263 1516 quorum
1277 1477 1434 1516 intelliget
1449 1480 1568 1517 tempus
1582 1487 1646 1507 esse

174 1519 302 1558 sugam,
331 1520 428 1549 locum
454 1519 639 1548 barbariem.
683 1521 785 1558 Atque
807 1519 974 1549 mirabitur
1002 1528 1050 1548 me
1071 1519 1208 1557 potuisse
1232 1520 1385 1549 modulari
1407 1519 1503 1550 ullum
1524 1529 1646 1550 versum

185 1565 291 1592 moesta
308 1572 399 1591 ηιαηιι
415 1562 496 1591 inter
512 1564 559 1591 tot
574 1561 666 1590 mala.
712 1561 875 1591 AErumnoe
899 1561 1103 1600 perdiderunt
1129 1570 1228 1591 meum
1254 1561 1427 1600 ingenium,
1451 1561 1536 1599 cujus
1551 1563 1647 1591 etiam

177 1603 252 1641 sons
269 1604 338 1640 suit
357 1605 455 1633 minus
470 1603 543 1633 uber
564 1606 594 1632 et
610 1612 685 1632 ¹cena
701 1603 813 1633 tenuis.
858 1603 921 1633 Sed
935 1612 1128 1642 quoecumque
1142 1603 1223 1641 fuit,
1245 1604 1363 1634 occlusa
1384 1607 1430 1634 est
1453 1605 1535 1634 nullo
1554 1604 1647 1634 ‘insti-

182 1650 289 1684 gance,
315 1649 345 1676 et
361 1646 492 1675 exolevit
502 1645 594 1681 facta
608 1645 698 1675 arida
711 1646 801 1684 longo
816 1646 890 1675 situ.
936 1646 1010 1685 Non
1025 1645 1076 1675 hic
1090 1646 1177 1686 copia
1187 1645 1349 1684 librorum,
1363 1655 1420 1685 per
1431 1656 1505 1686 quos
1515 1647 1646 1685 exciter,

186 1691 276 1727 utque
290 1691 452 1718 sustenter.
500 1689 599 1716 Arcus
614 1690 646 1717 et
660 1696 747 1717 orma
763 1687 941 1727 obstrepunt
953 1698 1010 1727 pro
1026 1687 1124 1718 libris.
1171 1688 1285 1718 Nullus
1310 1690 1397 1719 adest
1419 1688 1452 1719 in
1474 1688 1531 1720 hac
1545 1692 1645 1727 terra,

186 1731 270 1767 cnjus
284 1730 410 1759 aur-ibus
426 1730 629 1760 intellecturis
643 1732 724 1766 utar,
747 1729 774 1759 si
790 1730 917 1761 recitem
943 1739 1060 1761 versus.
1109 1731 1214 1770 Neque
1241 1734 1287 1761 est
1309 1732 1391 1762 locus
1416 1741 1475 1770 quo
1496 1732 1646 1762 secedam.

189 1772 338 1803 Custodia
365 1773 446 1803 muri
473 1775 504 1803 et
523 1776 616 1812 porta
637 1772 776 1803 obserata
789 1773 931 1813 prohibet
947 1774 1086 1804 molestos
1109 1773 1219 1805 Getas.
1262 1773 1455 1814 Frequenter
1469 1783 1571 1814 quaero
1587 1775 1646 1804 ali-

798 1866 1032 1879 eeeeeeenaeaeae

187 1935 269 1963 —25
295 1931 392 1963 Leid.
409 1936 507 1963 nostr.
522 1942 538 1962 ο
562 1942 638 1971 pone
655 1932 707 1964 lib.
732 1936 768 1963 et
785 1942 870 1963 unns
887 1933 972 1964 liber
998 1934 1118 1974 impone
1131 1934 1349 1965 tabellis.—32
1371 1934 1519 1967 Quidam
1535 1934 1644 1965 Codd.

187 1976 330 2007 Scribere
344 1986 411 2011 me;
427 1975 515 2015 qnod
534 1976 666 2005 Merula
682 1975 816 2005 videtur
832 1974 996 2014 praeferre
1010 1977 1166 2016 vulgat03
1184 1977 1262 2017 quia
1274 1977 1369 2007 addit
1382 1980 1390 1994 ‘
1404 1977 1492 2007 tristi
1505 1986 1605 2007 manu
1617 1978 1638 2008 :²

186 2018 244 2049 sed
270 2019 387 2048 Bnrm.
404 2018 538 2048 notavit
555 2017 633 2047 ideo
661 2018 670 2033 ‘
689 2017 824 2048 ducere'
838 2017 918 2056 dici,
929 2018 1005 2058 qnia
1017 2028 1115 2049 manu
1128 2018 1280 2049 ducimus
1295 2019 1510 2050 literam—34
1525 2019 1645 2050 Heius.

165 2070 172 2077 ·
187 2060 280 2091 malit
303 2062 550 2101 parcaque-37
578 2059 680 2091 Multi
702 2064 787 2091 vett.
810 2070 883 2101 quos
907 2063 1060 2092 sustenter
1085 2061 1126 2092 al.
1156 2065 1193 2092 et
1219 2071 1305 2093 unns
1333 2061 1417 2092 liber
1442 2062 1644 2094 alarue.-39

843 2167 982 2200 NOTAE

185 2254 313 2287 afflicta
333 2259 447 2286 mente
475 2254 536 2286 hos
560 2254 654 2287 dieat
677 2256 886 2298 compositos

187 2306 330 2338 libellos.

228 2360 269 2388 26
292 2355 439 2396 Diverso]
466 2357 623 2397 Namque
637 2356 680 2387 ab
694 2356 789 2388 Urbe
805 2358 887 2389 mul-

188 2413 258 2439 tum
274 2407 424 2439 distabat
440 2407 533 2448 regio
550 2407 722 2448 Scythica.

229 2460 271 2488 28
295 2458 363 2492 Quo
380 2459 529 2499 tempore]
560 2458 645 2488 Cum
668 2458 777 2489 adhuc
793 2457 888 2490 flore-

190 2516 269 2547 rem,
291 2513 534 2547 exposuerunt.
580 2509 686 2539 Immo
710 2519 788 2540 cum
813 2519 888 2549 pro-

190 2557 287 2587 tritus
304 2565 393 2589 esset
419 2559 540 2597 Poeta,
557 2565 660 2600 atque
688 2560 720 2590 in
743 2559 888 2591 barbara

191 2605 327 2645 regione
340 2607 485 2645 jaceret.
508 2608 645 2649 Quippe
664 2610 695 2640 iu
713 2619 753 2640 eo
768 2615 835 2649 est,
849 2614 888 2641 ut

190 2664 266 2685 snos
288 2655 450 2685 'rristium
478 2656 610 2688 libellos
631 2664 791 2690 excuset:
816 2660 887 2700 qui,

189 2704 354 2745 siquidem
393 2706 610 2737 excusatione
655 2708 766 2749 aliqua
803 2719 886 2749 opus

189 2757 366 2797 haberent,
400 2755 467 2787 loci
495 2761 596 2798 atque
629 2760 790 2800 temporis
820 2770 886 2802 qno

943 2256 1060 2298 scripti
1073 2260 1162 2298 sunt,
1190 2255 1320 2288 ratione
1333 2256 1478 2287 maxime
1490 2256 1643 2288 excusari

942 2307 1121 2339 deberent.

986 2361 1025 2389 37
1049 2358 1201 2398 Alarque]
1229 2357 1407 2398 Ingenium
1420 2363 1515 2389 certe
1531 2357 1644 2388 studio

943 2412 1045 2449 atque
1061 2409 1203 2439 aliorum
1230 2408 1386 2448 exemplo
1408 2408 1554 2439 maxime
1578 2415 1646 2437 sus-

944 2462 1096 2490 tentatur
1114 2463 1149 2489 et
1165 2458 1311 2489 acuitur.

984 2512 1021 2540 41
1049 2508 1211 2547 Secedam]
1244 2508 1364 2537 Otium
1380 2514 1514 2546 nempe,
1536 2514 1646 2536 seces-

941 2569 1009 2598 suS‚
1039 2564 1141 2598 atque
1182 2558 1329 2587 locorum
1368 2555 1544 2585 amoenitas
1577 2564 1644 2586 non

941 2619 1058 2650 parum
1076 2609 1117 2639 ad
1137 2607 1240 2638 studii
1265 2611 1301 2637 et
1323 2605 1554 2637 meditationis
1576 2605 1642 2636 ala-

940 2660 1102 2690 critatem
1119 2656 1263 2688 confert.

986 2708 1150 2747 custodia]
1193 2707 1241 2738 Ut
1259 2705 1341 2737 urbe
1367 2704 1485 2746 egredi
1510 2715 1576 2737 non
1599 2707 1640 2737 s'it

943 2764 1063 2790 tutum.
