1877 3193
537 181 690 214 EPIST.
723 182 789 213 Ex
822 182 984 214 PoN‘ro
1018 183 1114 214 mn.
1145 182 1200 214 11.
1231 173 1274 214 5.

1510 174 1625 218 2591

175 277 244 320 Te
258 277 471 333 juvenum
492 278 722 332 Princeps,
744 279 816 319 cui
838 278 915 319 dat
935 277 1171 319 Germania
1187 289 1362 328 nomen,

236 346 504 399 Participem
526 346 658 387 studii
681 345 835 387 Caesar
854 346 1011 386 habere
1032 346 1160 386 solet.

174 412 248 454 Tu
269 425 419 454 comes
441 414 659 465 antiquus,
681 418 728 453 tu
752 413 901 465 primis
915 414 1096 465 junctus
1118 413 1173 452 ab
1197 411 1340 462 annis,

235 479 421 532 Ingenio
444 492 587 519 mores
609 479 922 531 aequiparante,
942 478 1109 530 places,

177 547 242 588 Te
261 547 427 588 dicente
448 549 570 599 prius
589 547 636 586 fit
656 546 855 598 protinus
877 546 1067 597 impetus
1084 545 1147 585 illi
1165 558 1175 585 :

1573 544 1630 586 45

233 614 387 666 Teque
406 614 550 661 habet,
574 612 728 652 elicias
750 613 823 665 qui
847 624 928 652 sua
944 611 1082 652 verba
1103 612 1206 652 tuis.

179 680 288 720 Cum
308 684 353 720 tu
375 680 539 728 desisti,
561 679 852 731 mortaliaque
874 691 950 719 ora
971 679 1190 732 quierunt,

234 746 483 799 Clausaque
504 758 590 786 non
610 746 741 798 longa
763 746 1013 786 conticuere
1033 758 1181 798 mora3

177 813 326 865 Surgit
345 812 470 853 Iuleo
483 813 656 867 juvenis
676 813 931 865 cognomine
954 813 1129 865 dignus,

235 879 393 930 Qualis
414 882 470 921 ab
493 880 599 921 Eois
623 880 799 921 Lucifer
820 882 914 921 exit
936 881 1078 934 aquis,

177 947 382 1000 Dumque
403 947 532 987 silens
554 951 682 996 astat,
706 951 848 988 status
869 951 937 988 est
955 948 1189 1000 vultusque
1210 947 1376 999 diserti,

234 1014 453 1067 Spemque
474 1014 633 1054 decens
655 1013 801 1055 doctae
821 1015 947 1055 vocis
968 1014 1156 1055 amictus
1176 1014 1322 1055 habet.

174 1155 237 1185 sint
250 1155 281 1185 in
292 1156 414 1186 occulto.
440 1157 545 1186 Caesar
558 1155 704 1196 Princeps
706 1155 866 1193 Juvenum,
879 1156 928 1186 cui
941 1154 1109 1185 Germania
1120 1156 1175 1186 dat
1183 1164 1301 1193 nomen,
1311 1155 1467 1185 consuevit
1478 1155 1586 1187 habere
1598 1160 1629 1188 te

175 1197 306 1228 sodalem
319 1199 358 1228 ad
369 1199 482 1228 studia.
533 1198 579 1227 Tu
592 1207 690 1228 comes
701 1202 798 1233 tetus,
810 1201 844 1227 tu
855 1198 996 1228 addictus
1008 1208 1027 1227 a
1037 1199 1152 1227 teneris
1160 1197 1325 1236 unguibus,
1333 1200 1446 1235 gratus
1461 1207 1491 1227 es
1504 1198 1627 1236 ingenio

176 1240 326 1270 consimili
334 1239 474 1270 moribus.
499 1241 539 1269 Te
549 1240 635 1278 prius
641 1240 835 1269 concionante
844 1239 1031 1279 continuo-fit
1042 1239 1090 1269 illi
1100 1239 1231 1278 impetus
1238 1248 1248 1273 ;
1263 1242 1293 1268 et
1301 1238 1390 1269 habet
1400 1239 1501 1278 te,qaz'
1511 1249 1628 1270 moveas

175 1290 262 1311 suam
273 1291 373 1312 vocem
390 1285 453 1312 tua.
502 1283 579 1310 Cum
594 1283 629 1312 tu
643 1281 812 1320 absolvisti,
827 1284 856 1311 et
871 1291 903 1310 os
918 1282 1046 1312 mortale
1059 1280 1187 1320 quievit,
1212 1283 1242 1310 et
1255 1281 1392 1311 clausum
1406 1291 1466 1311 non
1482 1282 1631 1313 conticuit

173 1323 261 1360 longo
274 1326 418 1361 tempore,
433 1323 559 1360 juvenis
574 1323 688 1360 dignus
703 1323 878 1361 cognomine
894 1323 979 1353 Iuleo
994 1324 1108 1363 surgit,
1124 1323 1223 1362 qualis
1237 1322 1365 1360 Lucifer
1379 1326 1464 1353 ortus
1483 1323 1521 1354 ab
1544 1324 1631 1364 aquis

175 1364 261 1395 Eois.
305 1365 352 1394 Et
368 1366 440 1395 (lum
455 1367 536 1395 astat
552 1368 665 1404 tacens,
691 1368 792 1396 status
807 1369 835 1395 et
851 1366 953 1395 vultus
968 1369 1012 1396 est
1027 1365 1204 1405 eloquentis,
1228 1369 1258 1396 et
1271 1365 1400 1396 vestitus
1413 1366 1538 1396 decorus
1545 1366 1630 1404 facit

919 1449 1017 1461 Mo-

173 1508 209 1536 et
237 1503 279 1535 P.
305 1513 381 1535 cum
404 1503 499 1534 Leid.
528 1507 563 1533 et
586 1502 715 1533 duobus
745 1503 818 1533 aliis
841 1503 1156 1541 ingeniumque—42
1180 1502 1233 1531 Ex
1255 1501 1452 1532 melioribus
1467 1503 1565 1533 studii
1581 1513 1634 1535 re-

173 1546 310 1587 scripsit
325 1546 445 1576 I-Ieins.
461 1554 522 1584 pro
536 1545 628 1583 vulg.
651 1544 861 1574 studiis.-—43
885 1544 1042 1583 Antiquus
1056 1543 1223 1582 meliores,
1240 1548 1327 1574 teste
1345 1543 1466 1575 Heius.
1481 1545 1540 1574 alii
1557 1554 1633 1577 cum

173 1588 320 1627 vulgatis
336 1587 492 1626 antiquis:
515 1586 556 1616 R.
583 1586 732 1625 antiqao‚·
755 1591 791 1616 et
813 1586 855 1617 P.
871 1586 958 1617 Dan.
981 1589 1138 1616 assuetus:
1171 1586 1253 1617 Jun.
1269 1585 1406 1625 antiquis
1423 1587 1534 1625 primis
1554 1588 1633 1619 mihi

165 1630 295 1668 junctus
310 1630 347 1660 ab
362 1632 520 1659 amn—46
541 1628 671 1659 Tliuan.
689 1628 767 1658 Cum
783 1638 845 1669 pro
862 1629 1012 1668 qut—47
1039 1627 1157 1659 Desisti
1183 1627 1301 1658 Heins.
1327 1628 1445 1659 scribit
1466 1639 1541 1660 cnm
1565 1640 1636 1662 me-

174 1671 312 1702 lioribus
327 1680 388 1710 pro
405 1671 495 1710 vulg.
512 1670 729 1701 desiisti.—48
752 1671 849 1701 Vett.
867 1671 966 1701 multi
983 1680 1059 1701 cum
1082 1670 1248 1700 nonnullis
1273 1670 1361 1701 Edd.
1380 1671 1575 1712 Clausaque‚·
1599 1677 1636 1704 at

176 1715 265 1754 vulg.
284 1713 531 1752 Tectaque—49
554 1713 643 1744 Mor.
671 1712 783 1752 Surgit
809 1713 846 1744 ab
870 1713 918 1743 his
931 1713 1055 1751 juvenis
1071 1713 1132 1743 Iuli
1147 1713 1268 1743 nomine
1282 1713 1479 1743 dictus.-—-50
1502 1714 1597 1754 Exit,
1614 1724 1633 1746 e

176 1757 284 1787 tribus
297 1755 406 1794 libris,
420 1755 535 1786 Burni.
559 1755 684 1786 rectius
702 1760 800 1794 putat
824 1765 924 1796 quam
945 1756 1037 1795 vulg.
1060 1757 1239 1786 ortus-51
1264 1755 1306 1785 In
1323 1755 1524 1796 quibusdam
1535 1756 1630 1788 libris

174 1800 265 1829 silent
278 1798 456 1838 legebatur
469 1807 548 1836 pro:
560 1798 652 1828 silens
664 1799 762 1838 afflat,
773 1801 898 1829 st.-—52
908 1797 964 1828 Sic
982 1798 1100 1828 Heius.
1116 1797 1274 1828 emendat
1288 1797 1379 1828 silens
1395 1808 1405 1828 .·
1420 1799 1494 1828 Pol.
1512 1799 1547 1829 in
1561 1800 1635 1829 vul-

175 1841 262 1881 gatis
276 1840 439 1871 edebatur
454 1839 577 1880 Spemq.
594 1842 702 1871 docens
716 1842 745 1872 d.
759 1851 787 1872 v.
803 1841 918 1871 amicus
929 1840 1019 1871 habet
1030 1851 1040 1870 .·
1061 1841 1168 1870 decens
1179 1840 1316 1880 quidem
1332 1841 1465 1880 recepit
1480 1850 1523 1871 ex
1539 1841 1634 1882 quin.

827 1922 968 1979 NOTAE

175 2019 297 2060 plinas,
315 2019 437 2060 quibus
454 2019 602 2051 imbutus
617 2021 769 2052 Salanus.

217 2072 256 2101 -11
282 2069 447 2109 Princeps]
479 2070 702 2102 Germanicus
727 2076 791 2111 est,
822 2072 876 2102 cui

176 2130 195 2150 a
211 2123 332 2160 pacata
346 2119 528 2150 Germania
545 2119 661 2150 datum
678 2129 810 2151 nomen.

218 2173 258 2201 45
284 2168 436 2209 Impetus]
480 2169 640 2209 Dicendi,
665 2171 812 2210 scilicet,
841 2174 877 2201 et

175 2218 371 2259 eloquentia
384 2228 444 2249 sua
461 2219 705 2259 aequiparandi.

216 2271 258 2299 46
281 2267 415 2308 Elicias]
459 2269 565 2300 Quasi
596 2269 735 2300 aemulus
761 2269 875 2301 Salani

174 2316 278 2349 fuerit
293 2317 529 2350 Germanicus.

217 2369 259 2399 47
283 2368 451 2408 Mortalia]
498 2369 589 2401 Hinc
618 2369 813 2402 Germanici
839 2375 875 2402 et

176 2427 215 2448 os
229 2422 266 2450 et
281 2419 512 2460 eloquentiam
534 2420 758 2453 immortalem
777 2422 874 2454 intel-

176 2466 272 2507 ligas.

221 2518 262 2546 49
279 2517 378 2557 Iuleo]
395 2519 543 2551 Caesares
560 2519 763 2551 dicebantur
779 2525 875 2562 quot-

179 2571 262 2608 quot
294 2577 312 2597 u
336 2569 460 2600 Juliam
485 2575 620 2609 gentem
644 2581 706 2612 per
723 2572 877 2613 adoptio-

181 2627 257 2648 nem
272 2617 381 2648 asciti.

222 2670 262 2698 50
285 2665 335 2698 Ab
353 2666 443 2706 Eois]
467 2667 556 2699 Quia
571 2678 613 2699 ex
635 2670 720 2701 mari
744 2672 825 2702 oriri
842 2675 878 2702 et

182 2717 214 2748 in
231 2716 319 2748 idem
335 2716 493 2749 occidere
509 2723 600 2749 astra
615 2719 782 2762 videntur,
799 2721 877 2752 ideo

930 2020 1023 2062 quasi
1040 2020 1082 2051 de
1099 2029 1136 2051 re
1152 2029 1234 2052 vera
1253 2028 1293 2051 eo
1313 2018 1414 2050 modo
1443 2018 1562 2050 Poe'tae
1581 2018 1634 2050 lo·

931 2073 1001 2104 cuti
1019 2076 1111 2103 sunt.

973 2122 1116 2163 Lucifer]
1136 2121 1244 2152 Stella
1269 2121 1450 2161 matutina,
1469 2130 1543 2163 quae
1570 2120 1628 2152 So·

932 2173 996 2203 lein
1013 2172 1181 2203 orientem
1199 2172 1288 2202 solet
1304 2171 1521 2202 antecedere.

974 2225 1013 2253 51
1039 2221 1156 2263 silens]
1183 2222 1546 2253 Praestantissiuiorum
1562 2231 1634 2252 ora-

930 2277 1040 2304 torum
1063 2281 1169 2311 more,
1185 2272 1253 2312 qui,
1277 2272 1472 2312 priusquam
1496 2270 1630 2302 exordi-

930 2325 1042 2362 antur,
1064 2331 1157 2352 mora
1182 2322 1295 2362 aliqua
1314 2321 1504 2352 auditorum
1519 2320 1629 2350 solent

928 2371 1173 2412 quodammodo
1189 2372 1360 2402 solicitare
1377 2371 1616 2402 attentionem.

971 2420 1082 2452 Status
1096 2421 1271 2461 vultusque]
1296 2422 1379 2452 Quae
1403 2420 1469 2450 duo
1486 2428 1552 2448 non
1575 2426 1631 2458 pa-

929 2480 1002 2502 rum
1027 2471 1070 2501 ad
1097 2470 1241 2501 oratoris
1266 2469 1499 2509 praestantiam
1515 2466 1628 2498 confe-

932 2524 1023 2551 runt.

972 2573 1013 2600 52
1036 2567 1192 2606 Amictas]
1221 2567 1338 2598 Habet
1368 2570 1404 2596 et
1433 2564 1499 2606 hic,
1525 2575 1627 2607 quan-

932 2619 1054 2650 tumvis
1071 2619 1146 2648 leve
1167 2616 1248 2658 quid
1266 2617 1434 2656 videatur,
1450 2615 1518 2648 vim
1534 2625 1625 2649 suam

931 2668 973 2701 ad
989 2667 1177 2700 faciendam
1192 2667 1478 2707 expectationem.
