1877 3193
209 153 323 196 2394
700 166 742 196 P.
776 166 935 196 ovm11
969 166 1179 197 NAsoms

210 259 408 313 Tempus
428 260 500 301 ubi
521 263 585 301 est
605 260 729 310 illud,
752 274 839 313 quo
861 265 904 300 te
921 260 1092 315 jactare
1115 261 1288 303 solebas

268 326 484 380 Conjuge,
506 340 582 367 nec
605 340 759 367 nomen
782 328 1060 369 dissimulare
1081 329 1162 369 viri
1177 330 1197 369 'i

210 392 406 447 Tempus
428 396 500 434 ubi
524 400 602 444 est,
626 408 714 448 quo
738 399 778 434 te
797 394 905 449 (nisi
929 397 967 436 si
989 396 1103 449 fugis
1122 396 1196 436 illa
1215 394 1392 449 referre)
1612 398 1651 438 5-

267 460 323 501 Et
339 461 426 502 dici
447 462 638 511 memini,
663 462 784 515 juvit
806 466 846 502 et
869 475 967 503 esse
990 464 1167 503 meam?

211 526 360 581 thue
382 531 534 582 probae
557 529 732 581 dignum
751 533 831 578 est,
849 531 966 570 omni
987 531 1063 571 tibi
1086 531 1186 571 dote
1205 530 1453 584 placebam.

270 593 478 636 Addebat
498 597 612 636 veris
633 596 769 635 multa
788 594 975 637 faventis
998 610 1130 638 amor.

212 660 310 702 Nec
331 675 457 715 quem
478 661 718 715 praeferres,
738 661 820 715 (ita
840 675 908 703 res
929 663 1010 704 tibi
1031 677 1188 717 magna
1209 662 1428 718 videbar,)

269 726 471 778 Quemve
493 732 616 768 tuum
636 727 792 767 malles
813 740 923 777 esse,
943 729 1009 769 vir
1030 730 1139 770 alter
1163 735 1269 770 erat.
1611 729 1667 771 60

212 793 343 836 Nunc
366 809 539 849 quoque
561 807 613 834 ne
634 793 816 848 pudeat,
840 794 956 848 quod
976 796 1037 835 sis
1058 796 1164 836 mihi
1185 800 1348 850 nupta:
1380 801 1568 850 tuusque

269 861 373 902 Non
396 863 521 902 dolor
540 861 642 902 hinc
665 860 810 910 debet,
835 861 963 902 debet
984 862 1139 903 abesse
1161 863 1319 917 pudor.

211 925 323 968 Cum
344 929 505 970 cecidit
525 927 761 982 Capaneus
782 929 933 970 subito
954 930 1207 971 temerarius
1225 930 1345 983 ictu3

269 994 390 1037 Num
409 995 518 1048 legis
540 995 752 1037 Euadnen
775 996 1001 1038 erubuisse
1019 997 1113 1038 viro
1129 998 1147 1038 ’ἒ

1646 398 1668 438 U!

210 1116 268 1147 quo
283 1117 480 1140 consueveras
501 1110 636 1148 gloriari
660 1121 708 1141 me
729 1112 853 1151 marito,
871 1122 966 1152 neque
988 1114 1185 1145 dissimulare
1205 1122 1313 1144 nomen
1334 1110 1501 1151 conjugis?
1550 1110 1611 1143 Ubi
1626 1115 1672 1143 est

209 1152 340 1190 tempus,
354 1161 422 1190 quo,
436 1152 520 1190 (nisi
538 1153 564 1181 si
582 1162 641 1183 non
661 1153 708 1183 vis
731 1155 852 1184 illorum
876 1156 1087 1194 mmninisse‚)
1106 1160 1135 1186 et
1149 1157 1292 1186 recordor
1306 1159 1337 1186 te
1350 1155 1502 1195 appellari
1516 1164 1626 1193 meam,
1642 1158 1672 1185 et

209 1192 331 1232 profuit
355 1192 441 1224 esse?
486 1194 531 1223 Et
556 1194 636 1225 sicut
660 1194 769 1226 bonam
794 1198 892 1235 decet,
917 1197 976 1227 tibi
989 1202 1102 1234 gratus
1123 1208 1208 1230 erum
1223 1198 1305 1228 omni
1321 1199 1418 1237 modo,
1427 1197 1524 1235 favor
1538 1197 1672 1228 amantis

210 1234 377 1272 adjiciebat
392 1237 487 1266 multa
503 1237 594 1267 veris.
642 1237 750 1277 Neque
766 1239 844 1268 alius
860 1239 909 1268 vir
924 1243 990 1269 erut
1006 1250 1092 1279 quem
1110 1244 1321 1279 anteponeres,
1343 1250 1465 1280 quemve
1488 1239 1595 1271 malles
1609 1248 1672 1270 esse

211 1279 312 1315 tuum,
328 1278 374 1307 ita
389 1277 514 1308 videbar
530 1278 588 1309 tibi
603 1287 653 1309 res
665 1289 791 1317 magna.
838 1280 888 1310 Ne
910 1283 1025 1320 pudeat
1055 1292 1134 1312 nunc
1157 1283 1263 1321 etiam,
1283 1284 1361 1322 quod
1376 1283 1419 1312 sis
1439 1283 1517 1312 mihi
1541 1281 1673 1319 conjux:

211 1322 342 1359 tuusque
364 1321 450 1350 dolor
474 1331 533 1351 non
558 1321 645 1352 debet
671 1322 741 1352 hinc
754 1324 861 1362 procul
885 1332 958 1362 esse,
978 1325 1031 1354 sed
1044 1325 1152 1363 pudor.
1200 1324 1277 1354 Cum
1293 1325 1397 1354 audax
1415 1324 1576 1362 Capaneus
1590 1333 1672 1354 occu-

212 1361 279 1392 buit
292 1362 450 1402 repentino
465 1363 541 1403 ictu,
556 1373 635 1394 anne
660 1364 738 1403 legis
753 1365 902 1396 Euadnen
915 1366 1060 1406 puduisse
1075 1363 1210 1397 mariti?
1255 1366 1322 1397 Nec
1338 1367 1410 1405 quia
1426 1366 1497 1396 Rex
1515 1365 1610 1396 Orbis
1625 1375 1671 1396 re-

821 1438 860 1449 Ν

1036 1440 1054 1450 e

215 1478 478 1517 Et...soret.——50
501 1479 634 1510 Novem
658 1479 778 1520 scripti
803 1485 839 1512 et
865 1482 998 1512 Bersm.
1023 1493 1077 1512 ora
1105 1482 1302 1522 puden—53
1333 1480 1465 1519 Scribe,
1484 1491 1530 1512 me
1546 1481 1672 1519 jactare

213 1522 330 1553 solebas
347 1521 503 1561 conjuge:
527 1522 624 1553 etsie
641 1532 702 1562 pro
718 1523 852 1553 diversa
868 1524 1013 1554 lectione
1028 1525 1225 1554 Vossianus.
1260 1524 1422 1554 Nonnulli
1448 1524 1517 1563 alii,
1544 1524 1674 1564 Tempus

212 1564 266 1595 uhi
292 1567 350 1604 est,
375 1574 432 1604 quo
458 1568 488 1595 te
508 1565 545 1594 de
570 1574 617 1594 me
632 1565 757 1603 jactare
776 1565 906 1597 solebas.
931 1566 1051 1597 Heius.
1095 1567 1130 1596 Si
1147 1566 1294 1605 legamus
1315 1566 1505 1604 mejactore,
1521 1566 1670 1597 ablativo

213 1616 293 1638 casu
309 1607 392 1637 sumi
410 1607 514 1638 debet
529 1604 566 1636 τὸ
582 1617 640 1646 me,
653 1614 689 1638 et
703 1608 846 1648 intelligi
872 1611 902 1639 te
919 1608 1055 1648 jactare,
1069 1608 1157 1649 quod
1183 1617 1283 1649 quam
1300 1607 1421 1638 durum
1440 1609 1483 1639 sit
1499 1614 1535 1639 et
1551 1618 1671 1648 parum

215 1649 421 1680 Ovidianum
439 1649 652 1681 manifestum
670 1655 745 1688 est;
777 1655 814 1682 et
830 1656 911 1682 tunc
927 1652 1033 1682 satius
1048 1650 1136 1682 foret
1153 1660 1229 1682 cum
1248 1651 1375 1681 Lovan.
1392 1655 1429 1682 et
1452 1660 1511 1681 sex
1538 1651 1610 1681 aliis
1625 1651 1672 1681 le-

215 1701 311 1731 gere,
328 1693 459 1732 Tempus
473 1691 525 1723 ubz'
541 1694 599 1731 est,
614 1703 672 1733 quo
688 1696 718 1723 te
733 1694 770 1723 de
785 1703 833 1724 me
847 1694 971 1731 jactare
986 1692 1126 1725 solebas?
1149 1703 1212 1733 ego
1228 1693 1400 1734 antiquam
1417 1693 1598 1724 lectionem
1622 1702 1674 1723 re-

216 1734 322 1773 tineo,
338 1734 418 1775 quia
434 1735 483 1765 ita
497 1744 631 1775 semper
655 1735 783 1766 Noster
806 1740 842 1766 et
865 1736 921 1766 alii
941 1736 1060 1768 locuti.
1083 1736 1194 1776 Epist.
1222 1744 1289 1766 xri.
1315 1738 1387 1766 175.
1433 1738 1441 1753 ‘
1461 1735 1618 1767 Forsitan
1637 1740 1673 1767 et

215 1776 330 1807 stultae
347 1776 426 1807 dum
443 1777 622 1816 tejactare
638 1777 770 1808 maritae
787 1778 945 1809 Quaeris?
962 1779 1073 1818 Epist.
1089 1787 1165 1809 xxi.
1181 1781 1234 1809 62.
1259 1780 1267 1795 ‘
1287 1778 1386 1810 Quod
1400 1778 1478 1808 milii
1494 1777 1673 1818 tejactas.‘

214 1818 414 1850 Burm.—54
431 1819 565 1859 Mycill.
582 1823 617 1850 et
631 1819 766 1859 Gryph.
783 1820 901 1851 dissim.
919 1825 1115 1852 metum—55
1136 1821 1224 1852 Olim
1240 1821 1419 1860 legebatur
1434 1822 1469 1852 T.
1480 1820 1532 1851 ubi
1542 1824 1599 1857 est,
1615 1830 1672 1860 quo

214 1863 245 1891 te
259 1861 344 1901 (nisi
360 1871 419 1892 non
430 1861 478 1892 vis
492 1861 545 1892 illa
560 1861 706 1901 referri.)
729 1863 738 1879 ‘
753 1862 888 1893 Primus
899 1864 1099 1902 Vaticanus,
1115 1864 1147 1894 T.
1158 1863 1210 1893 ubi
1223 1867 1267 1894 est
1281 1864 1369 1903 illud,
1381 1874 1436 1903 quo
1448 1873 1506 1893 non
1514 1862 1607 1901 fugis
1618 1863 1673 1893 illa

213 1902 354 1940 referre;
376 1904 502 1943 primus
516 1904 681 1935 Pontiani
705 1909 739 1935 et
756 1905 883 1944 primus
908 1906 1099 1943 Palatinus,
1119 1907 1154 1937 T.
1170 1906 1223 1936 ubi
1234 1910 1278 1937 est
1293 1906 1383 1944 illud,
1394 1916 1462 1946 quo,
1474 1904 1603 1943 nisugis
1618 1904 1671 1935 iun

212 1944 353 1982 referre;
370 1946 518 1985 optimus
534 1947 726 1986 Mediceus,
743 1948 776 1979 T.
789 1948 842 1978 ubi
859 1952 917 1988 est,
932 1959 990 1988 quo
1005 1952 1036 1980 te
1051 1949 1111 1979 nisi
1124 1959 1184 1980 non
1198 1947 1293 1987 fugis
1307 1949 1362 1979 illa
1374 1948 1501 1985 referre.
1525 1946 1596 1978 Alii
1615 1947 1671 1977 ali—

214 1991 280 2026 ter,
298 1989 356 2019 sed
375 1989 508 2028 longius
526 1999 544 2019 a
559 1989 710 2029 vestigiis
727 2000 816 2021 verae
828 1991 1021 2031 scripturae,
1034 2001 1132 2032 quarn
1146 2001 1238 2030 ecce,
1251 1992 1284 2021 T.
1298 1990 1349 2020 ubi
1365 1994 1423 2028 est,
1437 2000 1494 2030 quo
1508 1993 1538 2021 te
1547 1989 1634 2029 (nisi
1645 1990 1674 2019 si

208 2028 302 2068 fugis
314 2031 370 2061 illa
385 2031 529 2070 referre)
548 2033 591 2062 Et
602 2033 664 2062 diei
677 2032 904 2072 memini,juvit
919 2037 951 2064 et
966 2044 1029 2065 esse
1041 2034 1162 2066 meam?
1184 2034 1321 2073 Singula
1338 2033 1521 2064 videamus.
1555 2030 1596 2062 Τὸ
1611 2032 1673 2062 nisi

214 2072 242 2102 si
261 2074 384 2112 passim
401 2078 598 2114 corruptum
616 2079 667 2104 est
684 2076 774 2115 apud
792 2076 966 2107 Nostrum.
1012 2076 1099 2107 Vide
1122 2077 1231 2108 Notas
1255 2076 1364 2116 Epist.
1380 2084 1430 2106 lv.
1447 2085 1493 2107 vs.
1509 2078 1539 2106 3.
1554 2074 1673 2112 referre

217 2123 280 2153 pro
297 2115 501 2154 meminisse,
529 2116 722 2146 recordari:
747 2118 912 2148 monitum
937 2127 956 2148 a
981 2128 1034 2149 ine
1049 2121 1089 2149 ad
1108 2119 1217 2159 Epist.
1234 2128 1267 2149 v.
1286 2129 1332 2149 vs.
1350 2121 1422 2149 113.
1439 2117 1530 2157 fugis
1543 2117 1674 2155 referre,

218 2164 280 2195 pro
307 2157 441 2187 metuis.
486 2157 553 2187 Adi
581 2158 689 2187 Notas
716 2159 825 2197 Epist.
852 2167 905 2189 lx.
934 2169 980 2189 VS.
1008 2160 1071 2191 75)
1108 2161 1220 2191 Heius.
1269 2162 1337 2195 Quo
1361 2164 1391 2191 te
1406 2161 1467 2190 nisi
1480 2161 1546 2191 vita
1560 2159 1673 2196 referri

218 2206 317 2236 unuS,
334 2201 453 2239 tempus
468 2199 519 2228 ubi
535 2209 592 2238 quo
608 2202 638 2229 te
653 2199 728 2229 mihi
753 2209 811 2230 uon
838 2201 885 2230 vis
907 2210 979 2230 vera
997 2201 1100 2237 fateri
1118 2202 1237 2232 Patav.
1254 2203 1314 2231 nisi
1329 2212 1389 2231 non
1408 2202 1455 2231 vis
1477 2212 1549 2232 vera
1567 2200 1672 2238 fateri

218 2238 385 2270 Bernens.
418 2240 540 2270 deinde
573 2241 710 2270 volebat
739 2241 912 2279 Francius,
939 2245 973 2271 ut
998 2243 1061 2272 dici
1085 2243 1220 2280 memini,
1241 2243 1327 2280 juvit
1356 2247 1390 2272 ut
1416 2252 1491 2279 esse,
1516 2251 1671 2273 meum.—

216 2283 258 2311 57
282 2282 396 2312 Proboe
409 2292 449 2312 ex
467 2283 741 2322 castigatioribus
759 2283 890 2322 recepit
907 2284 1026 2314 Heius.
1045 2294 1105 2324 pro
1121 2285 1208 2323 vulg.
1227 2285 1332 2323 proba.
1350 2286 1431 2315 Mox
1450 2286 1538 2316 Mor.
1556 2291 1590 2315 et
1607 2284 1669 2314 Be.

217 2323 468 2364 mihi...pl11celms
483 2334 541 2365 pro
558 2324 908 2364 tibi...placebam.—58
934 2326 996 2357 Be.
1011 2326 1053 2357 A.
1070 2326 1133 2356 veri
1149 2326 1324 2364 m.s111·oris
1338 2338 1367 2357 a.
1385 2332 1419 2357 et
1434 2328 1515 2360 Juu.
1535 2327 1672 2365 fatentis

217 2370 336 2397 a.-—59
359 2367 467 2405 Digna
484 2377 545 2407 pro
561 2377 673 2406 niagno
686 2367 764 2399 Jun.
781 2372 817 2398 et
832 2368 898 2398 (luo
915 2368 1066 2399 alii.—62
1086 2368 1153 2399 Alii
1169 2369 1234 2400 deb.
1250 2370 1309 2400 dol.
1325 2369 1406 2400 hinc.
1430 2369 1549 2400 Heius.
1567 2369 1668 2400 etiam

218 2407 336 2440 mallet
361 2409 452 2440 rubor
477 2420 576 2451 quam
598 2410 709 2450 pudor,
737 2410 816 2451 quia
841 2411 851 2427 ⁴
866 2410 1005 2451 pudeat'
1036 2411 1310 2451 p1·aecessit.—64
1335 2413 1422 2443 Num
1445 2422 1486 2443 ex
1501 2413 1541 2444 V.
1558 2413 1620 2443 Ro.
1636 2416 1671 2442 et

869 2495 900 2526 N
906 2495 1007 2526 0¹1*AE

263 2560 302 2588 58
327 2557 491 2599 Faventis]
522 2558 601 2597 Tui,
616 2558 755 2590 scilicet.
798 2559 919 2590 Solent
973 2558 1046 2589 aliis
1063 2559 1154 2589 nulla
1168 2565 1257 2592 sunt.

220 2614 314 2645 vere,
328 2607 471 2648 aliquem
489 2608 545 2649 qui
562 2613 688 2649 amant,
700 2609 809 2640 onmia
822 2609 864 2640 ab
878 2619 918 2640 eo
1015 2612 1055 2640 03
1071 2610 1244 2650 Capaneus]
1260 2611 1432 2651 Superbus
1445 2611 1507 2643 fuit
1521 2613 1669 2644 Deorum

221 2653 254 2684 in
273 2654 388 2686 bonam
406 2662 537 2697 partem
554 2659 657 2698 magis
680 2659 847 2700 accipere,
869 2663 918 2690 at-
973 2664 1176 2700 contemtor,
1201 2671 1285 2692 uuus
1309 2671 1351 2692 cx
1375 2667 1508 2703 septem
1529 2662 1668 2694 ducibus

223 2714 288 2744 que
312 2704 345 2735 iu
364 2706 524 2738 virtutum
550 2709 626 2740 loco
650 2718 827 2751 reponere,
843 2719 917 2752 quoe
971 2712 1028 2753 qui
1044 2711 1175 2743 Thebas
1200 2712 1418 2745 obsederunt.
1463 2712 1497 2745 Is
1512 2714 1599 2746 Jove
1621 2713 1668 2744 in-
