1877 3193
837 178 949 208 lais.
1505 167 1620 210 2813

169 275 230 317 Ut
248 276 323 330 qui
340 274 530 316 Theseae
551 273 730 315 fallacia
748 272 852 314 vela
872 271 1033 314 carinae

223 342 370 384 Vidit:
401 347 450 384 ut
472 341 612 383 Iliaca
628 340 790 381 missus
811 341 868 381 ab
894 352 996 381 arce
1014 351 1142 393 puer.

129 450 134 453 ,
164 409 228 451 Ut
250 411 387 451 teneri
407 410 573 459 nutrix,
595 408 747 449 eadem
768 411 1011 455 matertera,
1034 405 1232 448 Bacchi:

219 477 284 518 Ut
305 479 376 519 cui
399 491 535 518 causa
555 477 676 517 necis
699 487 817 516 serra
837 479 1010 526 reperta
1031 473 1126 514 fuit.

162 544 304 598 Lydia
321 558 367 585 se
388 545 586 597 scopulis
607 548 656 584 ut
677 545 800 594 virgo
820 541 939 580 misit
959 541 1016 580 ab
1049 540 1166 590 altis,

225 611 412 653 Dixerat
433 613 569 652 invito
591 622 693 664 quae
714 609 831 649 mala
852 609 986 649 verba
1010 607 1126 649 Deo.

164 678 294 720 Foeta
314 679 393 718 tibi
411 683 614 718 occurrat
633 677 774 729 patrio
796 675 1024 728 popularis
1046 675 1091 715 in
1112 687 1231 725 arv0,

216 743 374 798 Sitque
398 743 640 798 Phayllaeae
665 755 807 783 causa
825 743 968 782 leaena
987 741 1122 782 necis.

1540 473 1625 515 500

159 873 233 904 opus
246 864 439 896 Socraticum
456 865 493 894 de
509 866 616 894 morte.
665 863 708 894 Ut
731 863 783 903 qui
805 862 957 903 spectavit
982 862 1109 892 carbasa
1134 861 1294 893 mendacia
1316 863 1404 894 navis
1423 862 1567 902 Ttaesem
1589 868 1623 896 nt

153 917 231 947 puer
245 908 380 946 dejectus
395 917 435 937 ea:
449 916 518 936 arce
538 905 683 944 Trojana.
729 905 816 936 Sicut
833 906 943 936 nutrix
957 909 1048 946 atque
1063 906 1169 935 eadem
1183 908 1352 936 matertera
1374 907 1467 946 parvi
1483 907 1623 944 Bacchi;

157 950 251 980 sicuti
276 950 333 981 ille
348 950 398 980 cui
413 959 498 980 serra
513 949 639 979 inventa
660 948 724 984 fuit
752 959 843 979 causa
867 949 988 980 mortis.
1035 948 1298 982 Quemadmodum
1309 950 1410 989 puella
1426 949 1539 991 Lydia,
1553 960 1622 991 quoe

158 992 331 1032 ingesserat
352 993 465 1032 probra
482 991 552 1022 Deo
565 992 695 1029 dolenti,
721 1001 753 1021 se
778 992 970 1032 proecipitem
999 991 1084 1021 dedit
1110 990 1148 1021 ab
1171 991 1300 1022 excelsis
1325 992 1462 1032 rupibus.
1508 993 1622 1025 Leoena

155 1045 323 1075 proegnans
333 1034 495 1077 popularis
509 1034 567 1065 tibi
583 1034 743 1076 obviafiat
758 1034 790 1065 in
805 1044 882 1074 agro
897 1035 1013 1074 patrio,
1025 1037 1056 1064 et
1071 1033 1113 1064 sit
1126 1043 1218 1065 causa
1232 1034 1343 1065 mortis
1357 1035 1547 1076 Paphageae.
1577 1036 1622 1067 Et

770 1120 830 1131 ‘N

156 1193 218 1222 497
231 1191 271 1222 Ρ.
288 1191 376 1222 alter
389 1191 445 1222 Th.
455 1191 604 1230 fallentia
620 1193 789 1224 2·el.—499
814 1191 975 1223 Nonnulli
991 1191 1099 1223 Codd.
1126 1193 1232 1223 eadem
1258 1202 1305 1231 uc,
1328 1192 1384 1224 vel
1404 1196 1434 1224 et
1455 1195 1623 1224 maten.—

157 1237 217 1264 501
242 1234 311 1265 Sex
329 1234 447 1274 scripti
476 1235 593 1265 Lindia
618 1238 771 1266 se.--502
795 1236 849 1266 Sa.
875 1235 956 1266 Dix.
982 1234 1096 1272 injusto
1125 1245 1212 1275 quoe:
1234 1240 1382 1276 quatuor
1406 1236 1542 1266 invicto.-
1566 1235 1623 1266 alii

157 1277 255 1308 inviso
284 1281 321 1308 et
351 1277 400 1308 sic
428 1277 551 1308 Heins-
581 1278 614 1308 in
642 1288 702 1309 ora
733 1277 818 1309 Cod.
850 1278 1018 1308 sui.-—503
1044 1277 1112 1308 Pro
1140 1277 1231 1308 Foeta
1259 1277 1325 1308 duo
1349 1277 1459 1309 Codd.
1481 1278 1622 1309 Dira.—

816 1371 961 1404 NOTAE

156 1434 243 1466 dicit
259 1434 514 1474 Ambracioten‚
532 1435 588 1475 qui
602 1435 757 1466 Platonis
769 1436 862 1466 lecto

155 1485 244 1517 libro
273 1485 316 1516 de
349 1485 468 1515 animae
507 1485 776 1524 immortalitate,
806 1485 862 1526 qui

156 1534 308 1567 Phaedon
321 1535 530 1574 inscribitur,
543 1545 616 1566 sese
630 1536 662 1566 in
676 1545 769 1566 mare
781 1545 864 1575 prae·

155 1586 295 1627 cipitem
313 1586 418 1617 dedit.
467 1585 495 1617 A
512 1586 655 1618 Socrate
679 1595 760 1616 vero
777 1595 863 1626 prae-

155 1638 273 1669 sertim
299 1638 340 1668 de
364 1638 483 1668 auimae
508 1637 763 1669 immortalitate
787 1646 862 1667 sen-

154 1689 265 1720 tentia
280 1689 527 1719 dimanaverat.

198 1742 261 1771 49⁷
288 1739 352 1774 Qui
370 1738 509 1777 Theseae]
533 1738 657 1777 AEgeus
680 1743 746 1776 est,
774 1737 862 1768 The-

157 1790 204 1821 sei
221 1794 332 1830 pater,
346 1789 403 1830 qui
427 1799 503 1820 cum
522 1799 540 1819 a
562 1789 666 1819 Creta
684 1789 791 1819 insula
811 1798 862 1819 re-

156 1839 323 1871 vertentis
336 1838 396 1869 filii
414 1839 490 1870 vela
507 1839 603 1879 nigra
619 1848 680 1879 pro
697 1839 779 1869 albis
804 1844 862 1871 aut

156 1890 322 1931 puniceis,
350 1899 424 1930 quae
462 1889 584 1920 victori
622 1889 862 1929 imperaverat,

156 1940 404 1981 prospexisset,
439 1945 611 1970 mortuum
649 1940 795 1980 putavit,
827 1944 862 1971 et

155 1999 228 2031 prae
245 1990 362 2021 dolore
376 1999 448 2020 sese
467 1990 499 2020 in
513 1999 619 2028 mare,
635 1989 724 2030 quod
742 1989 784 2020 ab
801 1990 860 2021 illo

154 2040 308 2071 nonnulli
335 2040 464 2071 dictum
487 2041 615 2079 volunt,
635 2041 705 2071 veri
724 2040 859 2071 nescius

155 2090 370 2131 praecipitem
389 2090 496 2121 dedit.

197 2142 262 2170 498
285 2139 386 2179 Puer]
409 2140 585 2180 Astyanax
611 2144 675 2178 est,
700 2138 861 2170 Hectoris

154 2188 255 2228 filius,
273 2200 374 2231 quem
393 2191 542 2230 ulysses,
563 2191 703 2221 ardente
723 2190 800 2228 Ilio,
817 2189 859 2221 de

157 2240 241 2270 turri
261 2241 502 2280 praecipitavit.

196 2290 261 2320 499
273 2290 409 2331 Nutrix]
429 2290 488 2320 lno
505 2296 571 2329 est,
590 2300 686 2321 soror
696 2290 861 2329 Semeles,

155 2348 255 2381 quam
275 2339 429 2371 Bacchus
455 2347 596 2371 matrem
617 2340 745 2370 habuit.
796 2339 861 2370 Illa

155 2398 238 2420 vero
265 2388 480 2421 Athamantis
508 2391 622 2420 mariti
645 2390 791 2420 furorem
809 2388 860 2420 fu-

156 2439 263 2479 giens,
283 2449 302 2469 e
325 2439 464 2478 scopulo
480 2449 553 2471 sese
578 2451 654 2472 cum
679 2440 858 2471 Melicerte

155 2488 226 2520 filio
241 2489 273 2520 in
290 2499 382 2519 mare
401 2489 539 2529 ‹le-jecit.

197 2541 262 2569 500
288 2540 349 2568 Cui
365 2539 470 2578 causa]
495 2539 672 2572 Perdit-em
691 2540 857 2580 intellige,

156 2587 291 2619 Daedali
308 2595 469 2628 nepotem
487 2599 528 2620 ex
546 2600 673 2631 sorore,
686 2601 784 2632 quem
801 2592 856 2621 ille

156 2646 200 2670 ex
221 2638 350 2669 invidia
377 2639 466 2679 qnod
497 2649 622 2671 serram
642 2647 678 2673 et
693 2643 856 2672 circinum

155 2689 291 2731 ingenio
319 2699 378 2720 suo
407 2691 606 2733 invenisset,
642 2694 858 2735 praecipitem

157 2746 202 2772 ex
218 2740 303 2772 turri
318 2739 425 2772 dedit.

958 1438 1020 1465 501
1045 1434 1165 1474 Lydia]
1183 1434 1312 1465 Fabula
1324 1434 1512 1476 obscurior,
1523 1445 1621 1477 quam

917 1493 959 1514 ex
994 1484 1103 1514 veteri
1141 1484 1333 1524 interprete
1359 1485 1405 1515 sic
1436 1492 1622 1526 exponunt.

916 1534 1000 1564 Ilice
1015 1534 1173 1574 quadam,
1187 1534 1275 1565 Ibit-i
1292 1535 1391 1575 Lydii
1404 1534 1484 1574 filia,
1496 1536 1620 1568 Diauae

916 1584 1042 1615 auxilio
1066 1583 1169 1624 freta,
1192 1585 1287 1615 Mars
1312 1586 1413 1625 potiri
1435 1595 1501 1617 non
1526 1592 1622 1627 pote-

916 1640 982 1675 rat,
997 1635 1171 1676 multaque
1189 1635 1231 1665 ab
1257 1635 1313 1665 illa
1340 1635 1526 1676 opprobria
1547 1645 1622 1677 per-

915 1686 1055 1717 tulerat.
1100 1686 1296 1716 Commotus
1331 1690 1445 1716 tamen
1474 1685 1620 1728 denique

917 1737 1040 1777 puellae
1060 1741 1191 1777 patrem
1209 1734 1406 1774 interfecit3
1422 1736 1521 1776 cujus
1532 1745 1620 1767 mor-

917 1792 951 1818 te
980 1787 1036 1817 illa
1070 1786 1186 1816 dolens
1215 1796 1288 1816 sese
1319 1795 1336 1816 e
1366 1794 1450 1825 rupe
1477 1785 1618 1826 dejecit.

915 1838 1041 1868 Verum
1063 1837 1190 1877 optime
1209 1846 1268 1876 pro
1285 1836 1387 1876 Lydia
1404 1835 1532 1867 clariss.
1551 1836 1621 1867 Sal-

915 1898 1013 1927 vagn.
1042 1888 1122 1927 legit
1161 1886 1288 1924 Linum,
1320 1890 1424 1927 atque
1456 1895 1499 1916 ex
1529 1885 1619 1918 Jano

915 1937 1096 1968 Parrhasio
1126 1936 1168 1967 de
1194 1936 1344 1976 Aglauro
1372 1935 1550 1977 intelligit,
1576 1937 1619 1969 de

915 1997 982 2028 qua
1000 1988 1142 2018 Metam.
1160 1996 1201 2018 11.
1232 1987 1332 2018 Hanc
1351 1986 1438 2018 enim
1457 1996 1499 2018 ex
1515 1986 1621 2018 Athe-

914 2047 1031 2068 narum
1049 2047 1128 2068 arce
1151 2047 1225 2068 sese
1241 2037 1456 2078 praecipitem
1482 2036 1619 2068 dedisse

913 2087 1009 2118 furiis
1047 2098 1068 2118 a
1104 2088 1262 2119 Minerva
1309 2088 1473 2128 agitatam
1513 2086 1619 2118 tradit

914 2139 1158 2179 Apollodorus.

957 2192 1019 2220 503
1037 2190 1147 2220 Patrio
1161 2188 1333 2230 popularis]
1350 2188 1457 2219 Ibidis
1474 2187 1618 2229 patriam

915 2239 1120 2279 subindicat,
1142 2244 1176 2270 et
1200 2238 1292 2280 quasi
1322 2238 1490 2278 Libycum
1521 2236 1619 2277 facit,

917 2299 1108 2332 quanquam
1123 2284 1319 2330 AEgyptium
1337 2287 1493 2318 diximus.

956 2344 1020 2372 504
1055 2339 1244 2382 Phnylloeoe]
1298 2340 1390 2378 Lego
1425 2338 1616 2378 Paplwgeae.

915 2391 1097 2432 Paphagns
1115 2390 1307 2421 Ambraciae
1338 2397 1396 2417 rex
1416 2397 1492 2417 cum
1516 2387 1551 2418 iu
1573 2387 1620 2418 le·

914 2453 1020 2473 aenani
1039 2441 1161 2470 catulis
1185 2439 1345 2478 stipatam
1374 2437 1559 2477 incidisset,
1582 2437 1618 2468 in

913 2492 1020 2521 hortis
1036 2490 1102 2519 ¹*uis
1117 2489 1159 2518 ab
1177 2497 1217 2518 ea
1238 2492 1287 2517 est
1312 2486 1505 2519 dilaniatus.
1541 2487 1618 2518 Cla-

912 2542 987 2570 riss.
1017 2540 1178 2570 Heinsius
1199 2537 1379 2578 legendum
1405 2548 1485 2568 vero
1500 2547 1617 2569 cense-

912 2591 969 2621 bat
999 2590 1157 2620 l’lmteccae
1186 2598 1226 2618 ex
1254 2589 1428 2618 Antonino
1455 2588 1615 2620 Liberali.

913 2640 1113 2671 Pan-nasius
1144 2637 1303 2678 leylleoe
1327 2648 1369 2668 ex
1390 2638 1535 2670 AEliauo.
1570 2638 1617 2670 U·

913 2690 1054 2722 trumvis
1087 2694 1200 2720 antem
1238 2689 1389 2729 sequaris
1428 2693 1616 2729 auctorem,

913 2749 1032 2781 parum
1063 2740 1221 2781 interest,
1244 2748 1323 2772 cum
1351 2739 1406 2772 hic
1431 2738 1613 2782 Pbaylluni
