1863 3193
267 148 380 190 2254
753 162 793 192 Ρ.
826 161 985 191 ovmn
1020 160 1231 191 NAsouis

265 254 322 295 Et
342 267 451 307 quos
473 253 682 296 Alcathoi
702 261 938 298 memorant
959 269 986 297 a
1006 257 1222 297 moenibus
1255 259 1376 296 ortos

321 321 508 361 Sedibus
528 322 595 362 his
615 323 840 375 profugum
863 323 1143 364 constituisse
1166 322 1336 362 Larem.
1664 323 1721 363 40

262 387 303 428 A
326 389 484 441 quibus
507 389 712 430 adveniat
734 388 938 430 Miletida
953 402 1107 443 sospes
1129 388 1185 429 ad
1205 389 1374 438 urbem,

319 455 486 496 Offensi
507 469 592 509 quo
612 469 679 496 me
700 457 914 509 compulit
934 456 1002 497 ira
1024 456 1127 497 Dei.

263 522 394 563 Hanc
416 525 451 563 si
475 524 718 576 contigerit,
738 525 903 565 meritae
924 523 1051 565 cadet
1070 535 1184 576 agna
1208 522 1438 564 Minervae.

320 589 425 629 Nou
443 589 552 631 facit
574 591 629 630 ad
649 594 824 632 nostras
845 591 988 632 hostia
1007 592 1148 645 major
1169 603 1292 645 opes.

260 655 357 696 Vos
377 669 565 710 quoque,
585 657 864 711 Tyndaridae,
884 671 997 710 quos
1016 658 1113 698 haec
1135 657 1240 698 colit
1260 656 1420 706 insula,
1441 655 1616 706 fratreS,
1663 656 1721 698 45

318 723 443 772 Mite,
464 737 632 776 precor,
656 724 820 778 duplici
842 738 1003 766 numen
1024 725 1176 765 adeste
1197 725 1298 767 viae.

260 790 412 832 Altera
431 805 620 844 namque
641 797 768 846 parat
790 792 1110 846 Symplegadas
1131 793 1193 834 ire
1213 805 1291 846 per
1311 795 1469 840 aretas,

318 858 526 898 Scindere
544 859 767 900 Bistonias
792 860 930 899 altera
948 861 1113 912 puppis
1135 871 1292 911 aquas.

259 974 322 1006 tuo,
338 970 458 1001 Bacche
470 981 481 1007 ;
505 973 535 1001 et
551 980 622 1010 quos
645 970 752 1001 dicunt
773 972 855 1000 ortos
881 968 918 999 ab
944 969 1018 1000 urbe
1043 969 1188 1002 Alcathoi
1203 971 1338 1010 posuisse
1361 972 1473 1004 Larem
1487 974 1608 1005 exulem
1623 973 1656 1005 in
1672 973 1720 1005 his

260 1013 411 1043 domibus:
439 1023 456 1042 α
472 1013 579 1052 quibus
593 1013 753 1043 incolumis
776 1013 938 1050 contingat
960 1011 1066 1043 urbem
1082 1013 1242 1052 Miletida,
1269 1024 1325 1053 quo
1339 1015 1388 1045 ira
1400 1015 1465 1046 Dei
1480 1016 1545 1046 loesi
1560 1025 1607 1047 me
1621 1016 1721 1047 misit.

261 1055 299 1085 Si
315 1056 385 1085 illuc
400 1055 584 1094 pervenerit,
608 1064 689 1093 agna
703 1055 889 1085 mactabitur
905 1054 1060 1085 Minervoe
1076 1056 1206 1086 meritae.
1251 1056 1358 1094 Major
1379 1058 1504 1088 victima
1519 1068 1579 1088 non
1601 1062 1721 1098 spectat

259 1099 300 1127 ud
315 1096 625 1134 nostrusfucultates.
675 1096 735 1127 Vos
750 1097 855 1134 elium,
884 1096 1068 1135 Tyndaridae
1085 1097 1219 1136 fratres,
1246 1107 1318 1138 quos
1341 1098 1406 1128 hoec
1429 1099 1530 1129 insula
1544 1103 1723 1139 veneratur,

261 1149 325 1180 oro,
343 1141 444 1170 adeste
460 1148 568 1169 umnen
592 1138 764 1178 propitium
779 1137 893 1178 duplici
908 1137 1028 1168 itineri.
1076 1139 1219 1179 Namque
1233 1142 1332 1171 altera
1354 1140 1441 1172 navis
1457 1142 1591 1173 intendit
1606 1142 1652 1173 ire
1665 1151 1722 1183 per

878 1220 1112 1232 eeeeeeeeeeee

268 1276 335 1306 Ms.
364 1276 494 1306 Bersm.
527 1275 698 1316 Ephesonis
728 1279 911 1308 11⁷·ceS.——39
940 1276 1010 1308 Alii
1026 1276 1202 1315 Alcathoe's,
1228 1276 1402 1316 ΑΙι-αἰῖιοίε,
1426 1279 1479 1308 vel
1506 1279 1723 1310 Alcathoen.—

263 1321 305 1348 40
329 1318 472 1348 Plurimi
502 1323 585 1349 vett.
613 1322 709 1350 const.
737 1319 929 1350 L111·es.——ss
956 1320 1048 1350 Malo
1076 1320 1248 1355 Illilesida5
1270 1329 1347 1350 nam
1371 1330 1391 1350 a
1416 1321 1541 1352 Mileto
1567 1321 1722 1352 Milesius

266 1360 404 1390 dicitur.
423 1360 620 1391 Μήνη-42
647 1362 802 1400 Compulit
818 1362 937 1392 Heius.
965 1362 1060 1393 dedit
1077 1372 1119 1393 ex
1144 1362 1289 1402 quinque
1306 1363 1443 1403 scriptis
1461 1372 1521 1403 pro
1538 1363 1628 1402 vulg.
1653 1373 1723 1393 con-

265 1403 433 1432 tram—43
458 1402 603 1434 Quidam
622 1412 681 1442 pro
712 1404 805 1434 Hanc
832 1405 994 1434 exhibent
1020 1405 1096 1443 Hic,
1119 1405 1173 1435 vel
1201 1404 1293 1443 Haec,
1317 1406 1371 1435 vel
1392 1405 1474 1436 Hoc.
1522 1405 1721 1444 contigerint

266 1444 369 1474 etiam
401 1445 548 1484 vulgati:
584 1445 642 1476 sed
671 1446 805 1485 plurimi
837 1451 922 1477 vett.
949 1447 1212 1485 contigere—46
1251 1447 1319 1478 Viae
1346 1448 1464 1487 optimi
1491 1447 1602 1479 Codd.
1630 1451 1721 1478 teste

265 1486 381 1517 Burni.
400 1487 489 1527 vulg.
507 1487 596 1525 rati;
619 1488 661 1519 P.
677 1487 865 1528 fuga—217
889 1489 1004 1520 Arctus
1020 1499 1061 1520 ex
1079 1488 1154 1520 Pol.
1178 1498 1228 1530 pr.
1251 1490 1294 1521 V.
1320 1494 1355 1521 et
1371 1489 1485 1521 multis
1509 1490 1605 1522 aliis:
1629 1490 1720 1530 vulg.

921 1580 1065 1611 NOTAE

266 1651 297 1681 in
312 1654 462 1682 extremo
473 1653 596 1692 angulo
608 1654 773 1694 Thraciae,
786 1659 821 1686 et
833 1655 963 1686 Moesiae

266 1700 434 1732 inferioris
452 1701 607 1733 confinio.

312 1751 462 1790 Odesson]
486 1751 573 1782 Haec
598 1753 728 1785 Moesiae
754 1760 806 1786 est
832 1754 965 1786 inferio-

269 1802 325 1832 ris.

313 1851 422 1890 Aroes]
444 1852 715 1893 Dionysiopolim
741 1854 839 1892 dicit,
854 1856 887 1886 in
914 1865 967 1886 eo-

269 1900 343 1930 dem
358 1901 490 1932 Moesiae
506 1907 632 1944 tractu,
646 1904 686 1934 ad
700 1905 849 1935 Pontum
863 1906 966 1936 Euxi-

268 1960 360 1981 uum.

310 2003 350 2031 39
380 2002 532 2044 Alcathoi]
555 2002 633 2035 Fuit
657 2003 843 2035 Alcathous
868 2004 967 2035 Pelo-

269 2051 321 2090 pis
338 2050 436 2090 filius,
453 2054 507 2093 qui
522 2054 669 2094 Megaris
683 2055 860 2093 reguavit3
879 2055 967 2084 uude

270 2101 334 2130 orti
350 2103 404 2141 qui
420 2103 564 2133 Calatini
581 2112 640 2133 seu
655 2103 832 2133 Callatiam
850 2103 967 2133 urbem

267 2151 299 2180 iu
317 2150 433 2180 littore
459 2151 581 2181 Getico
611 2155 806 2181 tenuerunt.
854 2152 966 2184 Quan-

269 2208 369 2238 quam
401 2198 488 2228 onim
515 2200 715 2239 Pomponius
746 2200 968 2239 Milesiorum,

266 2248 389 2278 Strabo
414 2249 681 2279 Heracliensium
699 2250 862 2281 coloniam
895 2260 969 2281 eam

268 2307 341 2328 esse
372 2298 581 2336 scripserint,
612 2309 687 2329 cum
724 2300 851 2330 nullum
879 2299 968 2330 aliud

267 2347 428 2387 oppidum
457 2349 487 2377 111
514 2358 552 2378 eo
577 2348 702 2389 dequo
730 2350 838 2389 agitur
855 2354 968 2380 tractu

269 2397 374 2436 magis
389 2401 616 2436 opportunum
634 2403 803 2437 occurrat,
826 2399 870 2428 ihi
893 2409 968 2429 cou-

266 2446 394 2477 sedisse
412 2447 512 2477 etiam
537 2448 757 2487 Megarenses
783 2448 967 2488 conjicien-

269 2496 348 2526 dum
366 2503 429 2527 cet.

312 2550 352 2576 40
377 2547 501 2587 Lau-em]
526 2548 628 2578 Lares
641 2548 711 2588 jam
735 2549 858 2588 saepius
873 2549 967 2579 Deos

268 2594 372 2625 fuisse
390 2596 534 2627 diximus
552 2598 763 2629 domesticos.

312 2647 348 2675 41
378 2646 540 2686 Miletida]
561 2648 679 2677 Tomos
704 2649 788 2679 dicit
818 2649 967 2680 Milesio-

270 2703 342 2725 rum
358 2694 536 2736 colonium,
554 2706 620 2737 quo
638 2698 806 2738 relegatus
825 2699 945 2731 Poeta.

1061 1658 1102 1686 43
1127 1655 1268 1695 Meritoe]
1291 1655 1464 1697 Siquidem
1487 1664 1622 1694 navem,
1644 1664 1720 1696 quae

1020 1705 1112 1736 exilii
1129 1706 1260 1745 solatia,
1277 1707 1455 1747 ipsumque
1468 1706 1610 1736 Poetam
1627 1705 1722 1745 prius

1021 1759 1176 1794 vexerat,
1191 1755 1233 1785 ad
1251 1760 1404 1795 optatum
1422 1760 1555 1795 portum
1573 1755 1722 1796 perdux-

1023 1803 1100 1836 erit.

1063 1857 1104 1885 44
1128 1855 1250 1895 Major]
1276 1856 1444 1896 Namque,
1475 1855 1538 1885 nisi
1568 1855 1659 1893 exul,
1685 1858 1721 1884 et

1019 1904 1128 1934 miuus
1157 1909 1288 1943 potem,
1309 1914 1415 1935 vacca
1444 1903 1620 1934 mactanda
1641 1902 1722 1943 fuit,

1020 1953 1106 1984 utin
1123 1953 1327 1984 Metam.1v.
1346 1952 1419 1992 ipse
1437 1953 1529 1983 Naso
1545 1952 1720 1984 indicavit.

1063 2006 1103 2033 45
1130 2001 1329 2042 Tymlaridoe]
1367 2002 1488 2033 Castor
1519 2006 1555 2032 et
1583 2002 1720 2042 Pollux,

1022 2053 1077 2093 qui
1099 2051 1249 2092 Tyndari
1280 2061 1353 2083 esse
1391 2052 1600 2092 putabantur
1630 2057 1722 2084 uter-

1021 2112 1100 2142 que,
1117 2101 1207 2141 (cum
1231 2101 1328 2133 Jovis
1356 2103 1443 2133 alter
1467 2103 1585 2133 saltem
1605 2101 1722 2144 esset,)

1022 2152 1100 2191 quia
1119 2151 1210 2181 Leda
1224 2157 1332 2182 mater
1346 2152 1505 2191 Tyndaro
1522 2158 1640 2192 nupta.
1664 2153 1721 2184 Illi

1023 2205 1135 2230 autem
1164 2200 1275 2230 nantis
1307 2199 1457 2231 faventia
1487 2202 1623 2232 numina
1648 2211 1720 2236 esse

1022 2249 1263 2280 credebantur.
1511 2276 1520 2285 ,

1064 2299 1160 2339 erc]
1183 2300 1426 2341 Samothracia,
1443 2302 1514 2331 scil.
1531 2311 1589 2332 seu
1604 2301 1718 2333 Samo-

1020 2350 1150 2388 thrace,
1176 2350 1208 2379 iu
1234 2360 1298 2390 qua
1316 2351 1434 2381 Castor
1451 2356 1485 2381 et
1508 2351 1642 2391 Pollux,
1658 2352 1720 2382 Ca-

1020 2399 1099 2438 biri,
1118 2400 1289 2437 Dioscuri,
1303 2405 1335 2430 et
1355 2400 1410 2430 Dii
1427 2402 1538 2439 magui
1554 2401 1720 2442 Ethnicis,

1022 2450 1124 2480 culti:
1143 2455 1244 2489 atque
1262 2451 1339 2481 hinc
1357 2451 1388 2480 iu
1406 2462 1447 2481 ea
1460 2453 1619 2492 scriptam
1632 2452 1718 2484 hanc

1023 2499 1174 2537 Elegiani
1193 2499 1293 2529 fuisse
1311 2505 1466 2538 apparet.

1064 2551 1105 2577 45
1134 2548 1275 2587 Duplici]
1312 2549 1400 2580 Quia
1425 2550 1531 2587 navis,
1559 2560 1624 2591 qua
1649 2560 1719 2582 sar·

1023 2598 1107 2628 cinae
1133 2605 1235 2635 atque
1261 2600 1480 2630 iustrumenta
1498 2602 1721 2643 vehebantur,

1023 2658 1085 2688 per
1116 2649 1384 2689 Hellespontum,
1408 2653 1660 2692 Symplegadas,
1683 2657 1719 2684 et

1022 2697 1171 2741 Pontum
1201 2699 1339 2737 Tomos,
1362 2705 1480 2740 petere
1509 2701 1717 2743 cogebatur:
