1877 3193
261 183 377 226 2756
422 194 461 225 P.
479 193 639 224 ovinn
662 191 877 223 NAsoNis
902 191 1056 222 Epis'r.
1083 190 1149 221 Ex
1174 190 1330 221 rouro
1357 180 1614 222 1,1u.1v.16.

263 290 422 332 Dicere
437 290 474 330 si
494 289 560 330 fas
579 290 658 336 est,
681 287 799 327 claro
822 297 921 326 mea
940 285 1112 325 nomine
1134 283 1285 334 Musa,

1658 285 1713 326 45

318 356 464 411 Atque
485 357 595 397 inter
613 358 772 403 tantos,
794 366 892 407 quae
911 353 1138 404 legeretur,
1161 355 1268 393 erat.

261 424 375 477 Ergo
397 426 658 464 summotum
677 421 819 475 patria
838 419 1132 474 proscindere,
1159 420 1287 469 livor,

319 491 503 540 Desine,
525 503 607 530 neu
629 490 792 530 cineres
815 500 985 540 sparge,
1008 491 1198 536 cruente,
1222 499 1354 528 meos.

263 557 424 598 Omnia
445 557 728 610 perdidimus.

787 555 1110 596 Tantummodo
1132 556 1220 595 vita
1239 555 1392 596 relicta
1413 557 1492 603 est,

319 624 524 665 Praebeat
543 628 588 664 ut
608 636 785 664 sensum
803 623 1119 675 materiamque
1139 623 1279 663 malis.
1660 620 1715 659 50

263 691 383 742 Quid
397 693 527 745 juvat
544 692 765 732 extinctos
785 690 943 730 ferrum
962 689 1174 729 dimittere
1195 690 1237 729 in
1259 691 1377 729 artus
1391 690 1409 727 Τ

320 758 424 799 Non
444 759 580 799 habet
598 758 642 798 in
663 757 792 798 nobis
812 758 907 810 Jam
927 768 1042 797 nova
1062 756 1192 808 plaga
1211 757 1371 797 locum.

259 898 349 924 cere;
373 888 467 918 Musa
484 898 550 918 mea
565 887 733 926 eratfama
756 889 886 928 illustri,
912 892 943 919 et
967 899 1034 929 quae
1055 889 1210 927 legeretur
1224 887 1306 918 inter
1330 890 1444 919 tantos.
1491 888 1713 924 1²11·i‹1ia‚crgro

260 932 369 961 omitte
383 932 518 961 lacerare
531 932 652 970 pulsnm
665 931 793 971 pulvim
816 941 889 962 nere
903 941 1015 971 sparge
1040 932 1157 962 cineres
1180 941 1272 968 meos,
1296 932 1436 961 crudelis.
1484 931 1596 960 Omnia
1610 931 1715 960 muisi-

246 983 327 1015 1πιιιε
339 983 351 1009 ;
373 974 582 1003 tantummodo
610 974 676 1004 vita
697 978 743 1004 est
762 984 914 1012 concessa,
937 977 969 1004 ut
993 974 1137 1004 emhibeat
1159 983 1278 1003 sensum
1299 976 1328 1003 ct
1351 983 1471 1003 causam
1487 973 1585 1003 vmlis.

257 1017 382 1056 prodest
399 1016 556 1046 ‹limittcre
569 1026 671 1047 ensem
685 1017 718 1047 in
734 1016 868 1047 membra
884 1014 1031 1047 mortua?

260 1058 356 1089 uobis.

873 1123 890 1134 o

1630 973 1715 1007 Quid

1076 1017 1165 1047 Nova
1187 1017 1281 1056 plaga
1306 1025 1366 1046 ηοη
1378 1016 1447 1054 jam
1468 1015 1555 1045 habet
1572 1016 1667 1046 locum
1683 1014 1715 1044 in

1085 1122 1105 1132 e

261 1186 342 1217 satis
373 1186 550 1227 eleganter
576 1191 683 1226 puto:
717 1196 821 1227 quare
850 1187 1013 1226 legerem,
1041 1185 1196 1223 Maxime,
1224 1185 1369 1216 nobilitas
1394 1184 1590 1223 ingeminata
1617 1185 1714 1215 dedit.

262 1229 433 1260 Maximus
450 1230 537 1259 enini
555 1230 669 1260 Cotta.
716 1229 803 1259 Vide
821 1238 913 1269 supr.
935 1238 975 1259 ιι.
991 1232 1022 1259 8.
1039 1232 1073 1259 et
1100 1237 1154 1259 111.
1185 1231 1215 1258 6.
1233 1233 1268 1258 et
1297 1228 1342 1258 ibi
1369 1228 1561 1258 Heinsium.
1607 1228 1716 1258 Masi-

257 1281 308 1301 mct
322 1271 467 1301 nobilitas
481 1271 530 1301 cui
544 1271 704 1309 geminata
715 1272 870 1302 Leidons.
886 1275 921 1301 et
937 1272 978 1302 P.
995 1271 1082 1300 Dan.
1112 1271 1254 1310 proxima
1270 1271 1335 1301 Ms.
1352 1270 1561 1307 Bersmanni,
1575 1269 1631 1311 qui
1647 1279 1714 1300 uon

260 1314 413 1352 ineptum
438 1317 548 1352 putat.
573 1314 772 1343 Barim—50
800 1313 868 1342 Pro
894 1313 983 1342 malis
1011 1313 1179 1349 meliores,
1207 1317 1295 1342 teste
1324 1312 1441 1343 Heins.
1467 1313 1635 1343 mala—51
1662 1312 1714 1342 Ex

261 1355 454 1387 melioribus
471 1355 621 1395 reposuit
639 1354 759 1387 Heius.
775 1354 934 1385 dimittere
951 1363 1011 1395 pro
1028 1355 1119 1394 vulg.
1135 1355 1306 1385 demittere.

917 1449 1061 1480 NO'rAE

260 1531 386 1554 servas.

302 1575 343 1603 43
368 1571 546 1611 Messallas]
578 1571 718 1602 Familia
748 1570 815 1602 fuit
844 1572 959 1604 Romae

260 1622 509 1660 florentissima,
522 1631 596 1662 quae
615 1631 657 1651 ex
674 1622 790 1651 Valer.
814 1622 960 1653 Corvino

259 1673 428 1709 derivata,
460 1682 479 1702 a
509 1672 680 1708 Messana,
715 1672 839 1702 Sieiliae
878 1672 960 1703 urbe

261 1731 360 1764 quam
398 1721 452 1752 liic
493 1720 635 1758 vicerat,
671 1730 794 1752 nomen
832 1721 960 1753 habuit.

259 1772 434 1803 Translato
462 1771 551 1801 enini
579 1771 668 1801 urbis
695 1771 829 1802 nomine
853 1772 885 1802 in
912 1782 961 1811 se,

262 1822 422 1852 Messana
440 1821 559 1861 primo,
575 1820 665 1860 (lein,
679 1822 776 1860 lapsu
800 1822 961 1862 temporis

261 1872 464 1914 permutatis
478 1872 596 1911 literis,
608 1871 755 1901 Messala
767 1872 961 1912 appellatus

262 1927 328 1954 est.

304 1975 345 2004 44
364 1971 575 2011 Ingeminata]
590 1971 749 2004 Materno
763 1974 798 2004 et
816 1975 961 2012 paterno

263 2022 445 2063 splendore
462 2022 647 2062 duplicata.
743 2050 746 2052 Α

304 2077 343 2104 45
359 2073 457 2110 Sisns
467 2072 527 2112 est]
544 2072 759 2112 Arrogantiae
771 2072 882 2104 labem
896 2072 961 2104 ista

261 2123 348 2153 vitat
373 2123 644 2164 praemunitione,
667 2131 709 2154 ne
730 2122 794 2154 sibi
821 2122 960 2154 nimium

1014 1523 1174 1554 tribuisse
1191 1523 1358 1554 videatur.

1058 1574 1134 1604 Mea
1151 1573 1257 1612 Musa]
1289 1574 1369 1604 Mea
1383 1572 1550 1613 poemata.

1056 1625 1097 1653 48
1124 1622 1266 1662 Cineres]
1288 1622 1465 1663 Sepultuni
1478 1632 1513 1654 se
1526 1622 1646 1663 innuit,
1657 1623 1715 1665 qui

1016 1672 1126 1713 patria
1141 1672 1183 1702 sit
1200 1673 1327 1712 pulsus.

1061 1722 1208 1762 Cruente]
1235 1723 1302 1753 Pro
1318 1722 1460 1754 crudeli.

1059 1775 1097 1802 51
1134 1773 1262 1802 Fer-rum
1287 1772 1460 1812 dimittere]
1501 1773 1580 1804 Non
1607 1773 1714 1806 minus

1017 1821 1202 1852 crudeliter
1228 1831 1309 1862 ergo
1336 1822 1467 1853 invidus
1490 1828 1525 1853 et
1549 1823 1714 1863 malignus

1017 1871 1241 1902 calumniator
1256 1881 1354 1912 quam
1376 1872 1461 1902 latro
1478 1872 1585 1910 laedit,
1601 1872 1627 1903 si
1646 1873 1714 1903 Na-

1016 1922 1100 1959 soni,
1117 1922 1264 1962 miliique
1282 1926 1466 1952 venenatas
1483 1926 1518 1952 et
1533 1922 1715 1953 sceleratas

1015 1973 1147 2012 linguas
1163 1977 1305 2013 experto
1320 1973 1436 2013 etiam,
1451 1973 1595 2015 aliquam
1612 1973 1715 2005 fidem

1015 2022 1186 2054 adhibeas.

1058 2075 1099 2104 52
1123 2074 1195 2103 Non
1211 2072 1316 2113 habet]
1342 2074 1420 2105 Non
1435 2077 1562 2105 temere
1577 2073 1715 2113 dixerit,

1015 2122 1181 2164 siquidem
1196 2123 1268 2155 liaec
1285 2123 1403 2155 ultima
1418 2124 1537 2155 Poetae
1562 2125 1714 2166 epistola.
