1877 3193
594 155 749 186 Eris'r.
783 155 849 185 EX
885 156 1042 186 PONTO
1077 156 1174 187 mis.
1208 157 1239 186 1.
1270 146 1313 186 7.
1567 147 1678 189 2541

226 247 356 290 Adde
378 248 496 302 quod
518 252 590 288 est
606 248 737 289 frater
758 253 882 290 tanto
903 249 982 290 tibi
996 250 1173 303 junctus
1195 262 1356 299 amore,

284 314 486 366 Quantus
505 315 549 355 in
572 314 740 356 Atridis
757 316 1110 369 Tyndaridisque
1130 317 1230 358 fuit.

226 383 273 424 Is
302 397 372 424 me
392 396 473 423 nec
494 383 713 433 comitem,
733 396 815 424 nec
837 384 1092 436 dedignatus
1113 386 1302 425 amicum
1321 386 1413 424 est:

283 450 333 491 Si
354 454 499 490 tamen
521 448 619 489 haec
638 450 702 489 illi
724 462 812 489 non
832 451 1029 489 nocitura
1048 455 1191 501 putas.

227 519 276 560 Si
297 519 452 566 minus,
474 517 557 557 hac
581 529 756 569 quoque
777 529 844 555 me
864 516 1120 557 mendacem
1141 520 1265 570 parte
1285 517 1470 559 fatebor.

284 586 447 626 Clausa
466 584 570 623 mihi
591 584 736 635 potius
758 585 851 622 tota
872 582 932 622 sit
953 583 1038 622 ista
1059 583 1231 623 domus.

226 653 315 694 Sed
335 665 476 706 neque
498 650 745 691 claudenda
765 655 854 701 est3
887 654 930 691 et
950 651 1070 691 nulla
1089 652 1290 704 potentia
1309 653 1425 693 vires

281 718 545 768 Praestandi,
563 731 616 758 ne
636 718 742 771 quid
766 722 923 770 peccet
944 719 1126 767 amicus,
1146 718 1289 760 habet.

222 786 280 828 Et
300 791 444 828 tamen
463 790 513 827 ut
534 799 752 839 cuperem,
775 785 953 838 culpam
979 798 1155 838 quoque
1176 799 1311 838 posse
1331 787 1506 840 negari;

283 854 360 895 Sic
379 854 551 895 facinus
572 865 700 892 nemo
720 853 862 893 nescit
879 853 1031 892 abesse
1050 851 1173 894 mihi.

1627 519 1684 560 35

1623 855 1681 896 40

222 969 256 1000 in
272 970 368 999 medio
377 968 462 1006 soro,
489 969 615 1007 negarit
632 978 684 998 nos
709 978 772 999 esse
795 968 919 999 amicos.
964 968 1053 1000 Adde
1079 969 1157 1007 quod
1183 971 1227 998 est
1254 967 1312 998 tibi
1329 967 1436 1006 frater
1459 969 1579 999 vinctus
1594 972 1681 1001 tanto

223 1022 338 1050 amore,
353 1011 559 1052 quantusfait
577 1012 607 1041 in
623 1011 761 1048 Atridis,
776 1015 805 1041 et
821 1011 1016 1051 Tyndaridis.
1063 1011 1122 1041 Ille
1137 1021 1232 1050 neque
1243 1012 1357 1051 sprevit
1370 1021 1415 1041 me
1426 1012 1572 1049 sodalem,
1587 1022 1683 1052 neque

221 1054 366 1091 amicum,
382 1055 409 1084 si
425 1058 526 1085 tamen
542 1054 642 1084 credis
658 1055 716 1083 ista
732 1064 790 1084 non
805 1053 949 1091 obfutura
963 1054 1020 1085 illi.
1065 1054 1122 1084 Sin
1139 1054 1245 1092 aliter,
1260 1063 1425 1091 agnoscam
1442 1054 1596 1091 mefuisse
1611 1065 1684 1094 quo-

223 1096 408 1136 quefalsum
423 1097 591 1135 haema-te.
641 1097 718 1127 Hac
744 1100 810 1127 tota
835 1098 941 1126 domus
963 1097 1007 1126 sit
1028 1097 1130 1135 potius
1154 1096 1230 1125 mihi
1256 1096 1404 1126 obserata.
1450 1096 1511 1126 Sed
1527 1106 1620 1136 neque
1636 1101 1683 1128 est

223 1138 404 1177 obseranda,
430 1149 524 1179 neque
552 1140 612 1168 ulla
635 1140 774 1178 potentia
799 1139 890 1169 habet
914 1139 995 1168 vires
1017 1139 1165 1179 efficiendi
1192 1148 1229 1168 ne
1254 1139 1370 1168 amicus
1385 1139 1416 1167 z'n
1430 1140 1510 1177 quod
1523 1143 1683 1178 peccatum

222 1182 351 1213 incidat.
397 1182 443 1212 Et
457 1185 559 1212 tamen
575 1182 668 1211 siculi
684 1185 821 1221 optarem
833 1185 991 1221 peccatum
1007 1190 1120 1220 quoque
1140 1189 1227 1221 posse
1241 1180 1350 1219 negari
1362 1191 1375 1216 ;
1398 1180 1443 1210 z‘ta
1457 1190 1542 1211 nemo
1559 1182 1682 1220 ignorat

836 1253 1069 1265 eeeeeeeeeeee

222 1308 290 1348 legi
307 1311 434 1348 posset,
448 1307 566 1347 scripta
592 1308 722 1347 legenda
738 1306 825 1346 foro,
843 1312 882 1339 ut
907 1306 1052 1339 Ovidius
1070 1308 1301 1349 composuerit
1327 1307 1556 1338 laudationem
1584 1307 1680 1340 fune-

221 1351 331 1387 brem,
349 1359 447 1390 quam
465 1360 506 1380 ex
520 1351 673 1390 cognatis
700 1351 821 1391 aliquis
839 1351 1044 1382 recitaverat
1062 1361 1069 1381 z
1095 1356 1133 1382 ut
1147 1352 1250 1382 moris
1268 1350 1374 1381 fuisse
1396 1355 1494 1391 patet
1511 1360 1552 1381 ex
1571 1351 1683 1383 Cicer.

219 1402 262 1424 11.
279 1392 321 1423 de
341 1392 439 1424 Orat.
452 1396 505 1423 83.
523 1402 577 1423 111.
601 1394 642 1424 ad
666 1394 782 1425 Quint.
800 1394 857 1425 Fr.
876 1397 906 1425 8.
933 1403 1017 1425 xni.
1033 1393 1075 1424 ad
1101 1393 1210 1424 Attic.
1227 1396 1279 1424 37.
1305 1394 1447 1424 Sueton.
1471 1394 1559 1424 Caes.
1575 1397 1628 1424 55.
1646 1399 1682 1426 et

221 1435 306 1467 aliis.
332 1436 486 1476 Reliqua,
502 1446 574 1476 quae
593 1437 793 1467 concinnata
807 1447 849 1467 ex
875 1437 972 1476 Eleg.
996 1445 1037 1467 11.
1056 1439 1129 1467 134.
1153 1436 1252 1466 medio
1266 1446 1340 1475 rogo
1357 1437 1410 1467 vel
1432 1439 1511 1474 toro,
1526 1446 1592 1467 non
1609 1446 1684 1476 pos·

216 1489 288 1510 sum
303 1478 450 1519 probare
468 1490 476 1509 2
503 1488 579 1509 nam
605 1479 685 1519 quid
715 1484 780 1516 est,
802 1480 811 1495 ‘
826 1478 956 1509 medius
982 1488 1083 1518 rogus
1099 1478 1120 1507 ?’
1144 1480 1152 1495 ⁴
1169 1479 1301 1509 medius
1318 1477 1421 1509 torus'
1446 1478 1480 1508 in
1497 1478 1681 1510 Amoribus

219 1531 312 1561 soepe
338 1521 508 1558 occurrit;
531 1521 589 1551 sed
619 1521 684 1550 alio
715 1521 814 1558 longe
841 1530 954 1558 sensu,
969 1524 1004 1550 et
1033 1520 1343 1557 accommodatiori,
1375 1520 1417 1550 de
1449 1525 1537 1558 toro,
1555 1521 1588 1550 iu
1615 1531 1682 1561 quo

219 1569 373 1594 amantes
389 1563 630 1599 concumbunt,
649 1572 748 1610 quam
766 1563 807 1592 de
825 1561 968 1600 funebri,
986 1563 1019 1592 in
1043 1572 1108 1602 quo
1126 1562 1274 1593 cadaver
1290 1563 1411 1601 jacet:
1438 1562 1465 1592 si
1481 1564 1617 1593 canenda
1630 1573 1681 1594 re-

222 1606 341 1644 tineas,
354 1605 461 1645 possis
477 1605 699 1645 interpretati
719 1605 759 1634 de
788 1607 937 1634 calmine
954 1603 1101 1642 funebri,
1124 1604 1213 1652 quod
1231 1615 1250 1634 a
1265 1605 1413 1644 piaeficis
1438 1605 1628 1635 canebatur
1649 1606 1683 1636 in

221 1657 360 1687 pompa,
376 1657 450 1676 cum
469 1647 503 1676 in
533 1646 643 1678 torum
662 1648 824 1685 venisset,
841 1647 992 1687 quamvis
1024 1647 1065 1677 de
1081 1647 1144 1677 hoc
1159 1647 1226 1678 ritu
1243 1657 1310 1678 non
1331 1652 1399 1677 tam
1430 1650 1520 1677 clare
1537 1652 1683 1680 constet.

220 1689 275 1720 An
295 1690 336 1720 de
352 1689 512 1719 Taberna
528 1690 688 1720 libr-aiia'
682 1700 713 1719 in
731 1689 817 1727 foi-,o
833 1690 890 1720 ubi
908 1690 1105 1730 pendebant
1129 1690 1275 1720 carmina
1293 1690 1436 1727 venalia,
1452 1690 1682 1729 capiendum?

220 1732 277 1762 vix
305 1736 400 1772 put0.
428 1731 559 1772 Aquam
589 1732 668 1762 mihi
696 1732 748 1763 hic
777 1733 904 1764 haerere
934 1731 1057 1763 fateor.
1082 1733 1278 1762 Reum—31
1319 1732 1390 1762 Tibi
1419 1732 1535 1763 Hems.
1563 1733 1684 1764 scribit

221 1784 296 1806 cum
315 1776 367 1804 Sa.
385 1775 502 1805 Comb.
519 1775 685 1806 Twisden.
699 1780 733 1805 et
751 1776 791 1806 V.
809 1776 923 1815 primae
938 1780 1027 1806 notae
1048 1784 1110 1815 pro
1127 1775 1216 1815 vulg.
1231 1775 1406 1805 mihi.—33
1426 1775 1547 1806 Heius.
1563 1776 1681 1807 mallet

219 1821 250 1847 et
279 1826 342 1856 pro
370 1820 437 1852 est;
473 1822 508 1847 ct
535 1817 691 1857 sequenti
719 1818 864 1848 disticho
895 1819 958 1853 Qui
984 1828 1030 1848 me
1056 1828 1110 1848 nec
1136 1820 1295 1847 eorm—35
1322 1817 1454 1857 Gryph.
1480 1817 1539 1847 Sin
1564 1818 1681 1849 mim-—

222 1862 263 1890 36
288 1859 358 1890 Alii
392 1860 444 1889 illa
471 1869 532 1899 pro
562 1860 722 1890 istm—37
749 1860 790 1890 P.
818 1871 888 1890 nam
916 1870 977 1900 pro
1009 1863 1136 1890 et.-—3S
1162 1860 1250 1889 Mor.
1276 1863 1311 1889 et
1345 1859 1427 1890 Jun.
1451 1869 1489 1890 ne
1510 1860 1584 1899 quis.
1599 1870 1683 1900 pecc.

220 1905 308 1933 -39
333 1903 392 1933 Fr.
422 1902 498 1932 mihi
523 1912 582 1942 pro
606 1912 740 1942 quoque.-
774 1903 873 1934 multi
897 1903 1001 1933 etiam
1029 1902 1229 1941 Codd.poss.
1260 1904 1470 1940 negare—42
1495 1902 1547 1932 Ex
1576 1902 1682 1943 scrip·

878 1993 1016 2025 NOTAE

264 2058 302 2087 31
342 2056 471 2096 Frater]
507 2057 574 2089 Qui
601 2057 736 2098 quidem
764 2057 844 2087 milii
873 2062 924 2087 est
979 2056 1091 2096 primi.

221 2107 411 2138 arctissima
427 2107 803 2147 amicitiaconjunctus:
820 2117 924 2148 quare
1021 2105 1117 2144 Hcec]
1143 2105 1229 2137 Quae
1257 2105 1300 2136 de
1327 2105 1398 2146 ejus
1425 2105 1458 2136 in
1486 2115 1539 2136 me
1565 2114 1678 2137 amore

219 2166 327 2198 neque
341 2162 374 2187 tc
393 2158 551 2187 amicitiae
567 2168 650 2188 meae
664 2158 790 2198 pudere
808 2158 923 2188 debet.

261 2208 302 2236 32
326 2206 464 2245 Atridis]
490 2206 744 2245 Agamemnone
757 2212 792 2238 et
807 2207 923 2237 Mene-

217 2256 285 2294 lao,
301 2255 399 2286 Atrei
418 2257 506 2287 tiliis.

264 2307 470 2346 Tyndaridis]
512 2307 654 2338 Castore
686 2312 721 2337 et
756 2307 896 2338 Polluce
912 2319 920 2346 ;

218 2366 361 2397 quornm
372 2357 550 2396 Tyndarus
562 2362 660 2397 pater
671 2357 796 2396 dictus,
809 2368 923 2398 quam-

218 2409 269 2440 vis
300 2409 440 2440 alterius
470 2410 610 2450 Jupiter
644 2409 720 2448 fuit,
751 2409 778 2439 si
801 2409 922 2440 fabulis

219 2457 318 2490 fides.

262 2510 302 2538 34
327 2508 364 2538 Si
380 2508 497 2548 tamen]
523 2508 626 2545 Hinc,
643 2509 675 2538 ni
690 2508 802 2546 fallor,
820 2518 922 2549 appa-

221 2560 274 2586 ret
291 2558 371 2586 san.-
388 2558 435 2587 ita
451 2559 557 2596 primo
579 2558 682 2588 fnisse
701 2559 846 2598 scriptas
863 2559 921 2589 lias

221 2605 394 2645 epistolas,
409 2612 441 2634 ut
455 2607 479 2635 si
494 2610 580 2645 quod
593 2608 711 2639 fuisset
724 2610 921 2649 periculum,

220 2663 262 2684 ne
280 2664 323 2684 ex
340 2654 404 2683 illis
425 2655 570 2685 Nasonis
587 2658 701 2688 amicis
727 2659 835 2689 minus
852 2659 920 2689 Au-

222 2708 338 2746 gustus
366 2702 512 2744 faveret,
541 2704 642 2736 facile
672 2714 813 2747 possent
842 2719 920 2750 sup-

979 2156 1065 2186 dico.

1021 2208 1061 2236 36
1087 2206 1167 2245 Ista]
1192 2205 1479 2236 Messallinorum.

1021 2256 1067 2286 3?
1079 2257 1174 2286 Nulla
1185 2256 1340 2296 potentia]
1367 2256 1451 2287 Haec
1466 2261 1518 2288 est
1532 2257 1679 2289 Nasonis

977 2306 1215 2336 ratiocinatio:
1242 2306 1325 2336 Mihi
1343 2316 1408 2337 non
1424 2313 1475 2337 est
1489 2308 1681 2339 claudenda

977 2361 1035 2387 tua
1047 2357 1178 2394 domus,
1191 2357 1409 2394 Messanine;
1428 2357 1504 2397 quia
1517 2357 1559 2386 ob
1571 2367 1679 2388 meam

977 2408 1174 2446 amicitiam,
1192 2408 1218 2437 si
1235 2408 1297 2437 tibi
1326 2408 1424 2437 irasci
1449 2408 1529 2435 velit
1546 2406 1680 2446 Augus-

977 2462 1042 2496 tus,
1058 2458 1129 2496 ipsc
1148 2457 1211 2487 sibi
1228 2457 1368 2496 injurius
1387 2456 1552 2485 videatur.
1586 2457 1678 2488 Nihil

977 2508 1066 2538 enim
1092 2506 1318 2537 commeruisti
1348 2510 1405 2534 aut
1426 2506 1598 2543 μοι-ι-ειεῑίς
1621 2507 1678 2547 qui

977 2567 1042 2587 uon
1060 2557 1197 2597 potuisti
1224 2555 1387 2594 impedire
1404 2564 1444 2583 ne
1462 2565 1525 2594 qua
1551 2555 1676 2587 scribe·

977 2616 1045 2635 rem
1065 2606 1170 2635 minus
1186 2605 1230 2634 illi
1246 2610 1355 2641 grata,
1373 2609 1430 2633 aut
1450 2609 1480 2633 te
1499 2604 1578 2634 milli
1593 2605 1675 2636 ami-

976 2666 1051 2686 cum
1068 2665 1147 2685 vere
1163 2659 1221 2684 aut
1238 2652 1323 2684 falso
1340 2653 1574 2693 praedicarem.

1017 2708 1059 2737 39
1084 2703 1226 2746 Culpam]
1253 2705 1411 2736 Errorem
1425 2704 1521 2746 dicit,
1533 2709 1676 2747 propter
