1877 3193
864 192 977 222 nus.
1532 182 1644 223 {2791

191 287 292 329 Nec
312 288 390 330 tibi
409 288 610 330 subsidio
630 287 690 329 sit
710 299 904 341 praesens
920 299 1101 328 numen:
1133 289 1180 328 ut
1198 286 1280 334 illi,
1562 287 1645 329 2823

248 355 334 397 Cui
354 356 463 396 nihil
484 355 647 397 Hercei
668 355 834 408 profuit
854 367 931 395 ara
949 354 978 395 J
983 354 1095 395 ovis.

192 423 339 477 thue
360 423 484 464 dedit
501 424 643 464 saltus
667 424 720 464 de
742 435 914 463 summo
935 421 1179 462 Thessalus
1201 420 1329 471 Ossa,

246 491 316 531 Tu
339 504 513 544 quoque
535 503 703 531 saxoso
724 490 1003 543 praecipitere
1019 489 1144 541 jugo.

189 558 284 600 Aut
304 558 424 600 velut
447 558 641 611 Euryali,
665 558 739 610 qui
760 559 978 608 sceptrum
1000 555 1121 608 cepit
1139 555 1194 596 ab
1214 555 1308 604 illo,

248 625 343 666 Sint
365 629 482 665 artus
503 624 647 665 avidis
666 622 881 674 anguibus
901 634 1004 662 esca
1030 622 1108 662 tui.

1566 623 1649 663 290

189 693 276 734 Vel
293 697 372 733 tua
393 687 597 740 maturet,
619 691 734 731 sicut
755 689 933 730 Minoia
950 690 1062 740 fata,

245 759 332 800 Per
353 762 489 811 caput
508 758 667 798 infusae
688 756 885 798 fervidus
905 757 1062 798 humor
1083 769 1213 810 aquae
1231 771 1240 797 :

189 826 338 880 thue
360 839 517 880 parum
538 826 647 875 miti,
671 826 747 866 sed
768 839 857 866 non
877 826 1069 879 impune,
1096 824 1399 872 Prometheus,

245 892 407 934 Aerias
428 894 626 935 volucres
647 894 854 946 sanguine
873 893 989 935 fixus
1011 893 1119 934 alas.

188 1034 320 1074 auxilio,
334 1037 369 1065 ut
382 1034 442 1074 illi,
458 1035 507 1065 cui
522 1036 622 1066 altare
639 1036 729 1067 Jovis
741 1036 870 1067 Hercoei
886 1037 967 1068 nihil
981 1038 1054 1068 tulit
1067 1036 1144 1077 opis.
1171 1036 1273 1076 Atque
1288 1038 1322 1066 ut
1341 1035 1501 1065 Thessalus
1517 1034 1652 1072 dejectus

188 1081 233 1109 est
249 1087 290 1108 ex
305 1078 418 1108 vertice
436 1078 536 1117 Ossoe,
553 1081 586 1108 tu
601 1079 696 1109 etiam
709 1080 919 1120 proecipiteris
930 1090 969 1111 ex
983 1080 1140 1111 cacumine
1153 1080 1250 1119 rupis.
1299 1078 1355 1109 Vel
1370 1081 1425 1108 tua
1440 1077 1574 1108 membru
1589 1078 1651 1107 sint

185 1121 294 1160 proeda
309 1121 427 1160 asperis
441 1121 648 1161 serpentibus,
675 1122 755 1153 sicut
779 1123 930 1154 membra
946 1123 1091 1164 Euryali,
1108 1122 1160 1162 qui
1183 1121 1284 1152 tenuit
1299 1124 1452 1160 sceptrum
1464 1123 1531 1159 post
1550 1120 1651 1150 illum.

196 1163 249 1193 Vel
263 1173 359 1203 vapor·
374 1163 492 1194 calidus
507 1174 592 1203 aquae
617 1164 743 1205 diff'usoe
756 1176 811 1205 per
826 1169 917 1206 caput
932 1167 1078 1197 acceleret
1094 1168 1179 1196 tuam
1193 1166 1335 1201 mortem,
1349 1163 1428 1193 sicut
1446 1162 1652 1193 acceleravit

189 1205 321 1237 Illinois.
366 1206 412 1236 Et
427 1208 676 1247 quemadmodum
690 1208 905 1249 Prometheus,
915 1209 1085 1251 transfixus
1096 1208 1235 1248 praebeas
1246 1207 1426 1237 alimentum
1437 1205 1543 1236 aribus
1555 1205 1636 1235 aerii
1643 1216 1653 1234 s

802 1322 1038 1333 eeeeeeeeee

187 1385 250 1415 285
277 1383 334 1414 Pr.
359 1384 424 1415 Ed.
451 1384 508 1417 tib.
529 1386 678 1425 praesidio
705 1385 869 1418 sit.—287
893 1387 945 1418 De
967 1398 1085 1419 summo
1102 1392 1249 1429 quatuor
1277 1386 1396 1427 scripti
1424 1391 1460 1417 ct
1485 1385 1589 1422 editi;
1615 1386 1652 1415 «lc

187 1436 306 1458 summa
321 1426 407 1458 duo:
431 1427 464 1457 in
491 1429 638 1468 vulgatis
663 1439 679 1459 e
705 1432 944 1460 summm—289
968 1431 1009 1461 In
1027 1440 1101 1461 voc.
1121 1430 1252 1469 Euryali
1276 1430 1414 1461 codices
1434 1430 1654 1459 vehementer

188 1469 336 1507 variant,
357 1469 497 1509 Euriboi,
514 1470 650 1510 Eurioli,
672 1472 801 1510 Eriloci,
819 1471 961 1511 Eridaci,
984 1472 1127 1510 Aureoli,
1146 1473 1260 1512 Erioli,
1276 1472 1425 1510 Eurilz'ci,
1441 1471 1582 1508 Eruloci,
1599 1472 1651 1507 δι’.

187 1511 476 1542 habentes-293
502 1511 621 1543 Heins.
645 1522 712 1543 orae
740 1513 791 1543 sui
819 1513 894 1543 libri
913 1515 1120 1554 ascripserat
1144 1514 1211 1554 legi
1239 1524 1338 1554 posse
1368 1515 1442 1553 th.
1458 1524 1489 1553 p.
1506 1516 1652 1549 metuens,

187 1555 241 1584 sed
255 1564 316 1584 non
331 1554 354 1583 i.
373 1554 530 1590 Deorum,-
544 1558 581 1585 nt
597 1555 799 1587 Prometheus
812 1555 856 1586 sit
872 1565 890 1586 e
905 1557 1035 1595 glossa;
1059 1561 1094 1587 et
1109 1560 1246 1587 metuens
1261 1562 1334 1587 erat
1352 1557 1383 1586 in
1402 1566 1465 1586 uno
1482 1564 1558 1586 suo:
1582 1554 1654 1584 mite·

188 1595 279 1627 idem
306 1596 516 1634 emendavit,
544 1606 621 1628 nam
648 1598 681 1627 in
707 1599 796 1639 vulg.
824 1598 1004 1638 legebatur
1029 1600 1137 1635 mitis;
1171 1600 1227 1630 Fr.
1249 1599 1354 1629 habet
1371 1599 1481 1639 fi‹lus;
1505 1603 1540 1628 et
1563 1597 1651 1627 Mor.

189 1639 402 1670 mutis.-—294
426 1639 481 1671 Sa.
497 1640 557 1671 vol.
572 1640 680 1671 arbore
685 1640 752 1682 fix.
799 1642 955 1674 Quatuor
980 1641 1059 1672 libri
1085 1642 1249 1681 sunguine,
1274 1647 1310 1673 et
1337 1641 1403 1672 duo
1420 1650 1554 1680 corpore,
1567 1649 1654 1681 pasce

854 1742 995 1774 NOTAE

188 1814 306 1854 fixum,
321 1818 380 1846 aut
394 1815 568 1856 palpebris
583 1815 706 1847 excisis
723 1815 895 1857 vigilando

188 1870 349 1898 necatum
366 1865 510 1897 fabulati
527 1872 616 1899 sunt.

232 1918 296 1947 284
315 1916 463 1956 Puniceo]
483 1917 753 1958 Carthaginiensi
770 1918 897 1950 Asdru-

190 1966 288 1997 bale:
326 1976 470 2007 namque
501 1968 564 1998 iste
594 1978 756 1999 summam
784 1979 896 2000 rerum

190 2015 327 2046 videtur
356 2017 514 2048 tenuisse.
560 2018 713 2049 Puniceo
731 2028 811 2048 vero
835 2029 896 2058 pro

191 2065 300 2096 Poeno
317 2070 375 2096 aut
391 2067 523 2097 Punico
541 2067 596 2097 vix
614 2068 694 2098 alibi
714 2069 817 2107 legas.

235 2117 297 2145 285
317 2115 360 2145 Ut
375 2114 441 2154 illi]
458 2117 534 2147 Non
551 2115 629 2156 fuit,
642 2116 714 2148 scil.
735 2118 898 2150 subsidio.

193 2165 365 2196 Priamum
383 2176 477 2205 vero,
490 2167 531 2198 de
546 2178 610 2208 quo
624 2168 677 2199 hie
691 2169 814 2209 agitur,
831 2179 897 2200 non

192 2217 343 2247 servavit
370 2227 428 2248 ara
457 2218 554 2250 ,lovis
588 2219 728 2258 Hercei,
756 2230 831 2260 quae
861 2221 896 2252 in

191 2267 303 2297 media
332 2273 408 2298 erat
438 2269 511 2308 ejus
540 2270 647 2310 regia,
678 2271 719 2302 ad
745 2281 845 2312 quam
876 2282 895 2302 a

192 2316 326 2358 Pyrrho
338 2317 561 2350 obtruncatus
577 2319 654 2351 fuit.

235 2369 299 2398 286
325 2367 453 2408 Hercei]
477 2370 526 2400 Eo
554 2370 690 2401 nomine
706 2368 816 2401 dictus
832 2371 893 2403 Ju-

193 2417 285 2458 piter
300 2417 341 2448 ab
357 2416 443 2457 ἕρκος
458 2424 604 2460 septum,
622 2421 711 2461 qnod
735 2421 823 2452 intra
840 2421 897 2452 do-

193 2476 325 2499 morum
343 2472 453 2508 septa,
468 2469 529 2500 snb
547 2469 602 2501 dio
619 2474 731 2501 tamen
745 2475 779 2501 et
796 2471 900 2502 aethe-

192 2519 237 2550 ris
254 2529 332 2558 axe,
348 2519 422 2559 ejus
440 2529 506 2550 arae
523 2527 740 2560 ponerentur.

238 2573 301 2600 287
321 2569 498 2609 Thessalus]
534 2570 634 2603 Hunc
649 2572 830 2603 Thessaliae
849 2581 900 2602 re-

195 2628 271 2660 gem
301 2619 342 2649 ab
378 2620 524 2659 Euryalo
555 2622 700 2661 quodam
739 2633 780 2653 ex
811 2624 901 2654 Ossa

194 2673 311 2700 monte
341 2669 593 2709 praecipitatum
618 2674 768 2704 nonnulli
794 2673 899 2714 scrip-

196 2723 325 2752 serunt.
373 2720 500 2751 Verum
515 2720 793 2760 conjectationes
809 2728 899 2756 sunt.

235 2770 337 2812 Ossa]
360 2771 460 2802 Mons
477 2775 529 2802 est
544 2771 739 2805 Thessaliae.

994 1820 1059 1849 289
1083 1817 1147 1853 Qui
1171 1815 1342 1858 sceptrum]
1364 1816 1545 1856 Euryalus,
1566 1816 1657 1847 scili-

952 1873 1022 1908 cet,
1036 1868 1196 1899 Thessalo
1221 1869 1318 1909 pulso
1347 1877 1487 1907 regnum
1503 1866 1652 1898 invasit:

952 1929 1082 1959 verum,
1095 1929 1169 1950 cum
1187 1919 1276 1949 illius
1289 1918 1383 1949 caede
1407 1921 1571 1958 purgatus
1587 1927 1654 1949 non

952 1974 1056 2009 esset,
1068 1969 1110 1999 ab
1120 1969 1284 2008 anguibus
1295 1967 1471 1998 furialibus
1482 1968 1654 1999 absumtns

950 2019 1089 2050 dicitur.

994 2071 1055 2099 291
1081 2068 1219 2107 Minoia]
1244 2068 1423 2099 Daedalum
1446 2066 1481 2097 in
1503 2066 1653 2098 Siciliam

953 2123 1152 2159 persecutus
1165 2123 1238 2149 erat
1251 2119 1377 2158 Minos,
1391 2122 1425 2149 et
1438 2118 1555 2149 Cocali
1568 2119 1655 2158 regis

953 2170 1038 2201 fines
1066 2170 1233 2201 vastabat.
1281 2170 1348 2201 Hic
1375 2179 1456 2210 ergo
1482 2179 1543 2209 spe
1561 2169 1656 2200 facta

951 2221 1085 2252 Daedali
1098 2220 1260 2259 dedendi,
1273 2229 1373 2260 quem
1387 2224 1501 2250 tamen
1514 2219 1558 2249 ob
1571 2229 1658 2259 prae-

950 2273 1044 2303 clara
1070 2281 1174 2312 opera
1189 2280 1304 2302 carum
1320 2270 1480 2308 habebat,
1502 2270 1656 2302 Minoem

950 2323 993 2354 ad
1021 2321 1223 2363 colloquium
1251 2321 1399 2352 vocavit.
1455 2320 1560 2350 Venit
1584 2320 1656 2354 ille,

950 2373 1092 2405 Tamdiu
1109 2376 1224 2403 autem
1248 2371 1364 2411 jussus
1389 2371 1422 2400 in
1443 2370 1582 2400 thermis
1598 2379 1656 2400 ex-

953 2428 1095 2464 pectare
1123 2420 1233 2462 quoad
1265 2419 1444 2459 vaporibus
1470 2418 1655 2450 calidarum

953 2482 1112 2514 aquarum
1131 2475 1182 2501 est
1198 2469 1388 2500 extinctus:
1413 2468 1512 2508 cujus
1541 2473 1656 2499 tamen

954 2532 1076 2562 corpus
1093 2521 1282 2551 exanimum
1299 2518 1380 2558 suis,
1395 2523 1556 2560 tanquam
1575 2528 1660 2550 casu

953 2573 985 2603 in
1002 2581 1105 2612 aquas
1126 2572 1240 2611 lapsus
1257 2574 1362 2607 esset,
1385 2569 1455 2599 sine
1472 2579 1566 2600 mora
1580 2569 1656 2600 red-

954 2623 1071 2652 ditum.
1116 2620 1182 2651 Sed
1209 2620 1307 2650 aliter
1332 2625 1434 2660 atque
1457 2619 1556 2651 aliter
1572 2630 1592 2652 a
1607 2619 1657 2651 di-

953 2672 1058 2703 versis
1074 2681 1116 2702 ea
1128 2669 1244 2701 fabula
1261 2675 1431 2701 narratur.

996 2725 1058 2753 293
1086 2721 1158 2752 Non
1172 2721 1311 2761 impune]
1335 2721 1414 2754 Nou
1428 2721 1578 2762 impune,
1591 2722 1655 2752 sei-

953 2773 1048 2812 licet,
1065 2774 1099 2802 et
1116 2770 1247 2802 viscera
1262 2770 1443 2803 vellicabat
1469 2774 1505 2802 et
1521 2771 1655 2811 sangui-
