1877 3193
226 151 341 194 2786
713 164 754 192 P.
787 160 946 191 ovmn
980 160 1195 191 NAsoms

225 256 500 310 Pectoraque
517 259 733 298 unxerunt
749 255 928 296 Erebeae
951 254 1051 295 felle
1071 254 1294 298 colubrae:

282 324 456 378 Terque
479 328 726 364 cruentatas
744 324 997 376 increpuere
1017 335 1173 363 manus
1191 337 1201 365 :
1599 321 1683 363 230

226 391 504 445 Gutturaque
522 392 770 431 imbuerunt
789 390 969 431 infantia
988 390 1103 430 lacte
1125 390 1298 431 canino.

284 459 377 500 Hic
396 459 563 512 primus
584 459 707 512 pueri
731 458 846 499 venit
866 459 910 499 in
932 471 1008 498 ora
1030 459 1168 498 cibus.

227 526 426 567 Perbibit
446 525 546 566 inde
563 538 654 566 suae
677 525 842 565 rabiem
863 525 1044 565 nutricis
1067 526 1293 579 alumnus3

284 592 433 634 Latrat
451 597 494 633 et
513 593 558 633 in
580 595 674 632 toto
696 593 830 632 verba
851 592 1009 632 canina
1030 592 1139 633 foro.

227 660 518 712 Membraque
539 660 768 699 vinxerunt
788 659 937 699 tinctis
956 659 1173 711 ferrugine
1194 661 1373 713 pannis,
1599 659 1684 701 235

284 726 326 767 A
346 728 459 767 male
479 727 650 767 deserto
670 738 785 778 quos
807 738 996 778 rapuere
1017 738 1142 777 rogo.

227 793 297 841 Et,
319 806 373 834 ne
392 807 478 834 non
497 793 651 833 fultum
672 791 792 833 nuda
813 792 963 833 tellure
976 793 1158 845 jaceret,

286 861 425 901 Molle
447 874 579 914 super
599 860 746 901 silices
768 861 1016 913 imposuere
1037 864 1190 913 caput.

226 929 416 983 Jamque
435 941 677 969 recessurae
700 927 827 968 viridi
848 928 900 968 de
923 928 1069 981 stipite
1087 927 1228 969 factas

284 995 527 1037 Admorunt
547 996 690 1037 oculis
712 1007 852 1048 usque
871 995 951 1035 sub
973 1007 1049 1035 ora
1069 993 1209 1035 faces.
1598 997 1687 1039 249

228 1063 396 1114 Flebat,
418 1068 467 1105 ut
487 1068 557 1105 est
576 1063 715 1104 infans
737 1063 869 1103 fumis
891 1066 1120 1104 contaetus
1142 1063 1331 1117 amaris3

286 1131 355 1172 De
376 1132 515 1172 tribus
537 1134 603 1172 est
623 1144 722 1172 cum
745 1130 809 1171 sic
829 1143 918 1170 una
935 1130 1089 1172 locuta
1109 1130 1266 1171 Soror:

225 1245 301 1273 runt
313 1245 421 1282 pectus
435 1241 513 1278 selle
535 1241 648 1279 anguis
675 1241 788 1271 Erebei
800 1251 811 1276 ‚⁴
833 1244 863 1271 et
879 1244 927 1271 ter
945 1242 1127 1280 plauserunt
1151 1240 1292 1272 manibus
1306 1240 1572 1279 sanguinolentis:
1593 1244 1684 1282 atque

226 1285 428 1323 impleverunt
443 1293 498 1313 ora
523 1283 659 1320 infantia
683 1284 761 1313 Lacte
776 1284 895 1314 canino.
941 1284 1012 1313 Hoc
1023 1284 1159 1322 primum
1174 1284 1354 1314 alimentum
1369 1283 1453 1313 venit
1467 1283 1500 1314 in
1514 1283 1620 1315 buccas
1636 1286 1685 1314 in-

218 1326 334 1363 fantis.
382 1325 456 1356 Inde
471 1327 611 1355 alumnus
628 1324 762 1355 imbutus
777 1328 822 1355 est
836 1325 922 1354 rabie
936 1335 999 1354 suae
1015 1325 1159 1363 nutricis,
1174 1329 1202 1355 et
1220 1326 1317 1355 latrat
1330 1336 1421 1356 voces
1431 1326 1559 1356 caninas
1575 1327 1608 1357 in
1621 1330 1684 1357 toto

221 1369 302 1407 foro.
346 1368 447 1408 Atque
461 1368 659 1398 coercuerunt
684 1370 771 1397 artus
786 1367 892 1397 linteis
916 1365 1041 1403 infectis
1058 1367 1236 1405 ferrugine,
1260 1377 1326 1406 quoe
1349 1369 1539 1397 sustulerunt
1554 1378 1594 1399 ex
1608 1378 1683 1406 rogo

227 1412 304 1442 male
318 1412 446 1442 deserto.
495 1411 536 1440 Et
559 1420 596 1440 πε
617 1419 674 1439 non
683 1409 802 1445 fultum
817 1409 940 1446 jaceret
957 1409 988 1438 in
1003 1412 1090 1438 terr-a
1106 1410 1198 1447 nuda,
1213 1409 1422 1448 imposuerunt
1437 1413 1529 1449 caput
1545 1413 1683 1441 tenerum

226 1463 314 1493 super
328 1463 415 1483 saxa.
461 1453 506 1482 Et
524 1451 593 1489 jam
616 1450 802 1490 profectur-ce
828 1452 1026 1480 admoverunt
1045 1460 1135 1489 usque
1151 1451 1245 1480 oculis
1257 1451 1312 1480 sub
1327 1461 1379 1481 ora
1401 1454 1497 1482 toedas
1513 1452 1620 1488 factas
1645 1462 1685 1483 ea:

226 1499 334 1526 trunco
349 1494 453 1526 viridi.
499 1494 666 1533 Postquam
682 1503 759 1533 puer
772 1496 817 1523 est
831 1495 990 1522 contactus
996 1491 1101 1529 fumis
1110 1492 1242 1532 acerbis,
1258 1493 1447 1533 lacrymatus
1462 1497 1521 1534 est,
1541 1504 1608 1526 cum
1620 1505 1687 1526 una-

837 1586 1071 1598 eeeeeeeeeeee

228 1655 347 1687 Heins.
361 1655 449 1695 conj.
465 1656 666 1693 vaga—229
689 1652 854 1685 Quaedam
872 1651 959 1682 Edd.
983 1651 1115 1682 Pectora
1131 1650 1297 1682 vinxerunt
1314 1652 1459 1682 Ε.-231
1478 1652 1582 1682 Multi
1602 1653 1684 1684 Gut-

228 1703 329 1738 turaq.
353 1698 526 1728 inmuerant
551 1696 719 1734 inst—2:33
744 1695 811 1725 Alii
842 1694 951 1725 Ebibit
976 1694 1041 1725 ind.
1065 1699 1101 1725 et
1129 1698 1194 1724 tres
1221 1694 1297 1725 libri
1322 1694 1581 1726 Praemia—235
1615 1696 1690 1727 Prot

227 1741 394 1771 vinxerunt
410 1741 525 1770 multae
543 1739 630 1769 Edd.
648 1739 847 1776 ιγἰιη.ἰ·εἰ’ῑιηέ;
871 1747 952 1767 unus
968 1736 1090 1767 Heius.
1114 1737 1295 1767 tinxerunt:
1320 1746 1403 1767 uuus
1426 1738 1465 1767 R.
1479 1737 1683 1776 irruent-erunt,-

228 1782 359 1814 vitiose.
406 1783 489 1813 Mox
506 1781 690 1818 Fnjunctts
703 1790 763 1820 pro
779 1779 1004 1810 tinctis—'239
1028 1779 1123 1810 Unus
1139 1779 1255 1810 Heius.
1271 1784 1305 1809 et
1321 1779 1375 1810 Fr.
1389 1780 1426 1810 de
1442 1779 1684 1818 cespitefact.-—

228 1828 292 1856 240
315 1825 383 1855 Pro
397 1835 491 1865 usque
507 1824 608 1865 aliqui
626 1823 732 1854 Codd.
745 1826 860 1863 atque;
884 1822 1004 1853 Heius.
1024 1822 1112 1862 conj.
1138 1825 1208 1852 usta
1223 1822 1277 1852 vel
1288 1825 1370 1852 atra.
1396 1821 1494 1853 Alter
1507 1822 1547 1853 R.
1562 1823 1616 1852 sub
1632 1833 1684 1854 ore

218 1868 392 1904 face—241
418 1869 473 1899 Sa.
490 1872 525 1898 et
539 1872 605 1898 tres
621 1866 677 1897 alii
685 1865 786 1903 fariis
802 1875 863 1906 pro
881 1864 991 1902 famis.
1037 1865 1132 1895 Unus
1148 1865 1251 1896 etiam
1275 1864 1395 1895 Heius.
1411 1868 1569 1896 contortus
1583 1875 1686 1896 amar.

887 1966 1031 2000 NOTAE

271 2047 335 2077 229
362 2043 505 2083 Erebeoe]
536 2044 590 2074 Ex
625 2042 750 2074 Inferis
787 2043 927 2082 petitae:
983 2046 1101 2082 tatem,
1118 2048 1156 2073 ut
1172 2051 1214 2073 ex
1231 2042 1372 2083 singuiis
1390 2041 1490 2073 rebus
1508 2040 1689 2082 quodlibet

230 2095 360 2126 Erebus
377 2104 523 2136 namque
543 2095 634 2125 Deus
660 2093 842 2134 saepissime
867 2102 929 2133 pro
983 2092 1088 2132 possit
1116 2092 1158 2122 ad
1185 2102 1324 2132 scopum
1351 2092 1526 2130 derivare3
1551 2091 1684 2132 qualem

229 2142 353 2174 Inferis
369 2144 450 2183 ipsis
469 2145 608 2184 positus.
981 2142 1116 2182 quidem
1147 2142 1180 2172 in
1210 2142 1348 2173 Nasone
1377 2142 1537 2172 videmus.
1589 2141 1683 2171 Male

272 2195 335 2223 230
370 2193 443 2232 Ter]
477 2194 524 2223 Ut
552 2203 708 2223 numerus
738 2194 795 2223 ilie
823 2203 930 2233 sacer,
981 2198 1092 2223 autem
1117 2193 1289 2223 desertum
1318 2203 1436 2232 rogum
1461 2191 1627 2230 intellige,
1649 2190 1691 2220 in.

229 2243 337 2274 scilic.
352 2244 492 2281 magio-212
510 2244 557 2272 rei
576 2253 674 2282 qnam
690 2243 926 2273 machinabau-
980 2253 1045 2283 quo
1083 2243 1277 2273 semiustum
1314 2243 1460 2274 cadaver
1492 2240 1682 2271 vulturibus

230 2298 286 2324 tur
301 2293 472 2323 horrorem
490 2298 598 2322 ratum
614 2291 750 2321 faceret.
982 2292 1106 2321 deiude
1123 2292 1316 2321 laniandum
1334 2292 1490 2321 relictum
1507 2289 1562 2319 sit.

271 2345 334 2373 232
353 2341 494 2381 Primus]
516 2341 651 2380 Quique
666 2340 751 2369 adeo
766 2339 927 2369 altissime
1024 2344 1086 2371 238
1104 2342 1204 2380 Super
1218 2340 1333 2379 silices]
1354 2341 1411 2376 Ut,
1428 2338 1574 2376 scilicet,
1590 2337 1683 2368 duri-

228 2394 261 2424 in
278 2391 385 2423 Ibidis
405 2392 593 2432 praecordia
617 2390 776 2429 delapsus
792 2389 838 2419 ilii
856 2395 928 2419 tau-
983 2390 1064 2420 tiem
1082 2397 1114 2419 et
1128 2390 1291 2419 saevitiam
1308 2389 1353 2418 ibi
1369 2388 1508 2426 primum
1523 2387 1683 2418 disceret.

230 2449 298 2474 tam
315 2442 492 2473 mordendi
510 2440 687 2481 inspiravit
704 2440 842 2470 rabiem,
1025 2442 1088 2469 2:39
1130 2438 1250 2476 Vir-idi]
1290 2438 1430 2468 Fumido
1460 2437 1610 2478 adeoque
1646 2441 1684 2469 et

273 2494 334 2523 235
362 2491 546 2531 Ferrugine]
573 2491 639 2523 Qui
655 2491 747 2521 color
763 2489 877 2519 feralis
893 2494 928 2519 et
982 2488 1060 2519 mali
1077 2489 1208 2526 ominis,
1224 2494 1260 2519 ut
1278 2488 1456 2518 Furiarum
1473 2487 1580 2518 taedas
1607 2496 1681 2517 esse

231 2543 382 2574 Erebeus
405 2552 448 2573 ex
479 2542 658 2583 poetarum
690 2539 930 2580 phantasmati·
982 2539 1108 2570 decuit.

233 2593 304 2624 bus.
1025 2592 1086 2619 242
1107 2588 1233 2628 Tribus]
1256 2588 1308 2618 De
1326 2588 1458 2626 Parcis,
1473 2596 1540 2618 non
1557 2586 1599 2617 de
1617 2587 1686 2617 Fu·-

237 2634 241 2637 ’
274 2644 337 2671 236
357 2643 379 2671 Α
393 2640 486 2680 mate]
501 2641 567 2672 Vix
582 2641 724 2672 credere
738 2644 789 2671 est
804 2639 935 2670 homini
982 2638 1050 2678 riis,
1061 2639 1232 2678 intellige:
1250 2639 1381 2668 illarum
1399 2645 1540 2678 namque
1554 2641 1605 2668 est
1615 2636 1691 2667 sin·-

232 2691 385 2734 euiquam
410 2697 539 2724 tantam
562 2702 635 2724 esse
658 2691 809 2732 tingendi
825 2689 929 2721 facul·
983 2687 1070 2729 gulis
1083 2687 1155 2718 fata
1168 2698 1227 2719 sua
1243 2697 1412 2719 asserere.
