<?xml version="1.0" encoding="UTF-8"?>
<!DOCTYPE html PUBLIC "-//W3C//DTD XHTML 1.0 Transitional//EN"
    "http://www.w3.org/TR/xhtml1/DTD/xhtml1-transitional.dtd">
<html xmlns="http://www.w3.org/1999/xhtml" xml:lang="en" lang="en">
 <head>
  <title>
</title>
<meta http-equiv="Content-Type" content="text/html;charset=utf-8" />
  <meta name='ocr-system' content='tesseract 3.04.00' />
  <meta name='ocr-capabilities' content='ocr_page ocr_carea ocr_par ocr_line ocrx_word'/>
</head>
<body>
  <div class='ocr_page' id='page_1' title='image "./operaomniaexedit05oviduoft/operaomniaexedit05oviduoft_0313.png"; bbox 0 0 1877 3193; ppageno 0'>
   <div class='ocr_carea' id='block_1_1' title="bbox 580 155 1664 200">
    <p class='ocr_par' dir='ltr' id='par_1_1' title="bbox 580 155 1664 200">
     <span class='ocr_line' id='line_1_1' title="bbox 580 155 1664 200; baseline 0.006 -6"><span class='ocrx_word' id='word_1_1' title='bbox 580 164 731 196; x_wconf 77' lang='lat' dir='ltr'>EPIS&#39;I&#39;.</span> <span class='ocrx_word' id='word_1_2' title='bbox 766 165 831 195; x_wconf 80' lang='lat' dir='ltr'>Ex</span> <span class='ocrx_word' id='word_1_3' title='bbox 867 166 1155 197; x_wconf 72' lang='lat' dir='ltr'>PONTO-L1B.</span> <span class='ocrx_word' id='word_1_4' title='bbox 1189 166 1218 197; x_wconf 87' lang='lat'>1.</span> <span class='ocrx_word' id='word_1_5' title='bbox 1248 155 1291 196; x_wconf 87' lang='grc'>3.</span> <span class='ocrx_word' id='word_1_6' title='bbox 1549 158 1664 200; x_wconf 69' lang='lat'>‘2517</span> 
     </span>
    </p>
   </div>
   <div class='ocr_carea' id='block_1_2' title="bbox 203 246 1695 1318">
    <p class='ocr_par' dir='ltr' id='par_1_2' title="bbox 203 246 1695 1318">
     <span class='ocr_line' id='line_1_2' title="bbox 209 246 1467 315; baseline -0.002 -14"><span class='ocrx_word' id='word_1_7' title='bbox 209 259 331 311; x_wconf 83' lang='lat' dir='ltr'>Quid</span> <span class='ocrx_word' id='word_1_8' title='bbox 352 246 505 301; x_wconf 81' lang='lat' dir='ltr'>melius</span> <span class='ocrx_word' id='word_1_9' title='bbox 519 259 704 310; x_wconf 76' lang='lat' dir='ltr'>Roma?</span> <span class='ocrx_word' id='word_1_10' title='bbox 766 261 978 315; x_wconf 83' lang='lat' dir='ltr'>Scythico</span> <span class='ocrx_word' id='word_1_11' title='bbox 999 261 1106 315; x_wconf 89' lang='lat' dir='ltr'>quid</span> <span class='ocrx_word' id='word_1_12' title='bbox 1125 261 1286 315; x_wconf 83' lang='lat' dir='ltr'>frigore</span> <span class='ocrx_word' id='word_1_13' title='bbox 1305 258 1467 313; x_wconf 63' lang='lat' dir='ltr'>pejus?</span> 
     </span>
     <span class='ocr_line' id='line_1_3' title="bbox 267 327 1215 382; baseline 0.002 -14"><span class='ocrx_word' id='word_1_14' title='bbox 267 327 373 368; x_wconf 92' lang='lat' dir='ltr'>Huc</span> <span class='ocrx_word' id='word_1_15' title='bbox 392 333 536 368; x_wconf 83' lang='lat' dir='ltr'>tamen</span> <span class='ocrx_word' id='word_1_16' title='bbox 557 341 613 368; x_wconf 82' lang='lat' dir='ltr'>ex</span> <span class='ocrx_word' id='word_1_17' title='bbox 635 329 710 369; x_wconf 86' lang='lat' dir='ltr'>illa</span> <span class='ocrx_word' id='word_1_18' title='bbox 730 331 941 370; x_wconf 89' lang='lat' dir='ltr'>barbarus</span> <span class='ocrx_word' id='word_1_19' title='bbox 962 331 1067 370; x_wconf 89' lang='lat' dir='ltr'>urbe</span> <span class='ocrx_word' id='word_1_20' title='bbox 1088 330 1215 382; x_wconf 85' lang='lat' dir='ltr'>fugit.</span> 
     </span>
     <span class='ocr_line' id='line_1_4' title="bbox 210 393 1282 446; baseline 0.001 -10"><span class='ocrx_word' id='word_1_21' title='bbox 210 393 322 436; x_wconf 90' lang='lat' dir='ltr'>Cum</span> <span class='ocrx_word' id='word_1_22' title='bbox 342 396 447 436; x_wconf 87' lang='lat' dir='ltr'>bene</span> <span class='ocrx_word' id='word_1_23' title='bbox 468 395 526 435; x_wconf 88' lang='lat' dir='ltr'>sit</span> <span class='ocrx_word' id='word_1_24' title='bbox 546 395 712 436; x_wconf 82' lang='lat' dir='ltr'>clausae</span> <span class='ocrx_word' id='word_1_25' title='bbox 734 409 872 437; x_wconf 86' lang='lat' dir='ltr'>cavea</span> <span class='ocrx_word' id='word_1_26' title='bbox 891 396 1119 436; x_wconf 83' lang='lat' dir='ltr'>Pandione</span> <span class='ocrx_word' id='word_1_27' title='bbox 1142 400 1252 437; x_wconf 86' lang='lat' dir='ltr'>natae</span> <span class='ocrx_word' id='word_1_28' title='bbox 1270 409 1282 446; x_wconf 90' lang='lat'>;</span> 
     </span>
     <span class='ocr_line' id='line_1_5' title="bbox 265 461 1664 514; baseline -0.001 -12"><span class='ocrx_word' id='word_1_29' title='bbox 265 462 427 502; x_wconf 81' lang='lat' dir='ltr'>Nititur</span> <span class='ocrx_word' id='word_1_30' title='bbox 446 461 491 501; x_wconf 92' lang='lat' dir='ltr'>in</span> <span class='ocrx_word' id='word_1_31' title='bbox 514 462 662 514; x_wconf 83' lang='lat' dir='ltr'><strong>sylvas</strong></span> <span class='ocrx_word' id='word_1_32' title='bbox 684 463 759 502; x_wconf 89' lang='lat' dir='ltr'>illa</span> <span class='ocrx_word' id='word_1_33' title='bbox 777 463 917 502; x_wconf 86' lang='lat' dir='ltr'>redire</span> <span class='ocrx_word' id='word_1_34' title='bbox 938 474 1057 502; x_wconf 83' lang='lat' dir='ltr'>suas.</span> <span class='ocrx_word' id='word_1_35' title='bbox 1608 463 1664 501; x_wconf 68' lang='lat'>40</span> 
     </span>
     <span class='ocr_line' id='line_1_6' title="bbox 208 527 1098 577; baseline -0.003 -7"><span class='ocrx_word' id='word_1_36' title='bbox 208 527 424 570; x_wconf 83' lang='lat' dir='ltr'>Assuetos</span> <span class='ocrx_word' id='word_1_37' title='bbox 446 529 559 568; x_wconf 87' lang='lat' dir='ltr'>tauri</span> <span class='ocrx_word' id='word_1_38' title='bbox 582 529 735 577; x_wconf 85' lang='lat' dir='ltr'>saltus,</span> <span class='ocrx_word' id='word_1_39' title='bbox 759 532 937 568; x_wconf 86' lang='lat' dir='ltr'>assueta</span> <span class='ocrx_word' id='word_1_40' title='bbox 952 528 1098 568; x_wconf 85' lang='lat' dir='ltr'>leones</span> 
     </span>
     <span class='ocr_line' id='line_1_7' title="bbox 261 594 1241 651; baseline -0.002 -15"><span class='ocrx_word' id='word_1_41' title='bbox 261 596 331 651; x_wconf 92' lang='lat' dir='ltr'>(N</span> <span class='ocrx_word' id='word_1_42' title='bbox 333 609 381 636; x_wconf 91' lang='lat' dir='ltr'>ec</span> <span class='ocrx_word' id='word_1_43' title='bbox 401 595 548 636; x_wconf 87' lang='lat' dir='ltr'>feritas</span> <span class='ocrx_word' id='word_1_44' title='bbox 569 595 668 635; x_wconf 88' lang='lat' dir='ltr'>illos</span> <span class='ocrx_word' id='word_1_45' title='bbox 691 594 894 649; x_wconf 87' lang='lat' dir='ltr'>impedit)</span> <span class='ocrx_word' id='word_1_46' title='bbox 925 598 1049 634; x_wconf 89' lang='lat' dir='ltr'>antra</span> <span class='ocrx_word' id='word_1_47' title='bbox 1069 598 1241 648; x_wconf 88' lang='lat' dir='ltr'>petunt.</span> 
     </span>
     <span class='ocr_line' id='line_1_8' title="bbox 206 663 1177 716; baseline -0.002 -12"><span class='ocrx_word' id='word_1_48' title='bbox 206 663 275 704; x_wconf 89' lang='lat' dir='ltr'>Tu</span> <span class='ocrx_word' id='word_1_49' title='bbox 298 668 441 704; x_wconf 84' lang='lat' dir='ltr'>tamen</span> <span class='ocrx_word' id='word_1_50' title='bbox 461 663 587 703; x_wconf 89' lang='lat' dir='ltr'>exilii</span> <span class='ocrx_word' id='word_1_51' title='bbox 602 675 770 703; x_wconf 86' lang='lat' dir='ltr'>morsus</span> <span class='ocrx_word' id='word_1_52' title='bbox 787 676 811 703; x_wconf 91' lang='lat' dir='ltr'>e</span> <span class='ocrx_word' id='word_1_53' title='bbox 831 666 1009 716; x_wconf 84' lang='lat' dir='ltr'>pectore</span> <span class='ocrx_word' id='word_1_54' title='bbox 1028 665 1177 702; x_wconf 90' lang='lat' dir='ltr'>nostro</span> 
     </span>
     <span class='ocr_line' id='line_1_9' title="bbox 264 729 1118 783; baseline 0.002 -15"><span class='ocrx_word' id='word_1_55' title='bbox 264 729 492 770; x_wconf 88' lang='lat' dir='ltr'>Fomentis</span> <span class='ocrx_word' id='word_1_56' title='bbox 513 743 667 783; x_wconf 83' lang='lat' dir='ltr'>speras</span> <span class='ocrx_word' id='word_1_57' title='bbox 688 730 840 770; x_wconf 84' lang='lat' dir='ltr'>cedere</span> <span class='ocrx_word' id='word_1_58' title='bbox 859 742 994 783; x_wconf 85' lang='lat' dir='ltr'>posse</span> <span class='ocrx_word' id='word_1_59' title='bbox 1016 729 1118 770; x_wconf 86' lang='lat' dir='ltr'>tuis.</span> 
     </span>
     <span class='ocr_line' id='line_1_10' title="bbox 206 795 1664 851; baseline 0.001 -15"><span class='ocrx_word' id='word_1_60' title='bbox 206 795 356 846; x_wconf 89' lang='lat' dir='ltr'>Effice,</span> <span class='ocrx_word' id='word_1_61' title='bbox 377 809 460 837; x_wconf 86' lang='lat' dir='ltr'>vos</span> <span class='ocrx_word' id='word_1_62' title='bbox 479 798 564 851; x_wconf 90' lang='lat' dir='ltr'>ipsi</span> <span class='ocrx_word' id='word_1_63' title='bbox 587 811 640 838; x_wconf 91' lang='lat' dir='ltr'>ne</span> <span class='ocrx_word' id='word_1_64' title='bbox 661 801 749 838; x_wconf 84' lang='lat' dir='ltr'>tarn</span> <span class='ocrx_word' id='word_1_65' title='bbox 769 798 874 837; x_wconf 88' lang='lat' dir='ltr'>mihi</span> <span class='ocrx_word' id='word_1_66' title='bbox 895 798 992 837; x_wconf 90' lang='lat' dir='ltr'>sitis</span> <span class='ocrx_word' id='word_1_67' title='bbox 1012 796 1202 846; x_wconf 82' lang='lat' dir='ltr'>amandi,</span> <span class='ocrx_word' id='word_1_68' title='bbox 1606 797 1664 837; x_wconf 72' lang='lat'>45</span> 
     </span>
     <span class='ocr_line' id='line_1_11' title="bbox 259 863 1172 905; baseline 0.001 -1"><span class='ocrx_word' id='word_1_69' title='bbox 259 863 447 905; x_wconf 83' lang='lat' dir='ltr'>Talibus</span> <span class='ocrx_word' id='word_1_70' title='bbox 469 870 517 904; x_wconf 90' lang='lat' dir='ltr'>ut</span> <span class='ocrx_word' id='word_1_71' title='bbox 538 865 677 905; x_wconf 88' lang='lat' dir='ltr'>levius</span> <span class='ocrx_word' id='word_1_72' title='bbox 699 865 755 904; x_wconf 92' lang='lat' dir='ltr'>sit</span> <span class='ocrx_word' id='word_1_73' title='bbox 777 865 975 905; x_wconf 83' lang='lat' dir='ltr'>caruisse</span> <span class='ocrx_word' id='word_1_74' title='bbox 996 864 1172 905; x_wconf 86' lang='lat' dir='ltr'>malum.</span> 
     </span>
     <span class='ocr_line' id='line_1_12' title="bbox 204 929 1308 985; baseline 0 -14"><span class='ocrx_word' id='word_1_75' title='bbox 204 929 278 981; x_wconf 86' lang='lat' dir='ltr'>At,</span> <span class='ocrx_word' id='word_1_76' title='bbox 302 936 428 985; x_wconf 86' lang='lat' dir='ltr'>puto,</span> <span class='ocrx_word' id='word_1_77' title='bbox 450 945 537 984; x_wconf 88' lang='lat' dir='ltr'>qua</span> <span class='ocrx_word' id='word_1_78' title='bbox 557 931 723 972; x_wconf 87' lang='lat' dir='ltr'>sueram</span> <span class='ocrx_word' id='word_1_79' title='bbox 744 932 932 984; x_wconf 83' lang='lat' dir='ltr'>genitus,</span> <span class='ocrx_word' id='word_1_80' title='bbox 956 931 1108 972; x_wconf 88' lang='lat' dir='ltr'>tellure</span> <span class='ocrx_word' id='word_1_81' title='bbox 1130 930 1308 980; x_wconf 87' lang='lat' dir='ltr'>carenti,</span> 
     </span>
     <span class='ocr_line' id='line_1_13' title="bbox 260 998 1139 1052; baseline 0 -13"><span class='ocrx_word' id='word_1_82' title='bbox 260 998 312 1039; x_wconf 94' lang='lat' dir='ltr'>In</span> <span class='ocrx_word' id='word_1_83' title='bbox 333 1003 478 1040; x_wconf 86' lang='lat' dir='ltr'>tamen</span> <span class='ocrx_word' id='word_1_84' title='bbox 497 1000 682 1039; x_wconf 85' lang='lat' dir='ltr'>humano</span> <span class='ocrx_word' id='word_1_85' title='bbox 703 999 887 1052; x_wconf 84' lang='lat' dir='ltr'>contigit</span> <span class='ocrx_word' id='word_1_86' title='bbox 905 1012 1001 1039; x_wconf 88' lang='lat' dir='ltr'>esse</span> <span class='ocrx_word' id='word_1_87' title='bbox 1021 999 1139 1039; x_wconf 88' lang='lat' dir='ltr'>loco.</span> 
     </span>
     <span class='ocr_line' id='line_1_14' title="bbox 204 1063 1146 1119; baseline 0 -14"><span class='ocrx_word' id='word_1_88' title='bbox 204 1063 333 1106; x_wconf 87' lang='lat' dir='ltr'>Orbis</span> <span class='ocrx_word' id='word_1_89' title='bbox 354 1067 398 1106; x_wconf 91' lang='lat' dir='ltr'>in</span> <span class='ocrx_word' id='word_1_90' title='bbox 419 1067 599 1107; x_wconf 78' lang='lat' dir='ltr'>extremi</span> <span class='ocrx_word' id='word_1_91' title='bbox 613 1066 745 1119; x_wconf 85' lang='lat' dir='ltr'>jaceo</span> <span class='ocrx_word' id='word_1_92' title='bbox 767 1066 964 1106; x_wconf 85' lang='lat' dir='ltr'>desertus</span> <span class='ocrx_word' id='word_1_93' title='bbox 986 1066 1146 1115; x_wconf 88' lang='lat' dir='ltr'>arenis,</span> 
     </span>
     <span class='ocr_line' id='line_1_15' title="bbox 259 1132 1695 1187; baseline -0.001 -15"><span class='ocrx_word' id='word_1_94' title='bbox 259 1132 361 1174; x_wconf 88' lang='lat' dir='ltr'>Fert</span> <span class='ocrx_word' id='word_1_95' title='bbox 382 1134 456 1173; x_wconf 90' lang='lat' dir='ltr'>ubi</span> <span class='ocrx_word' id='word_1_96' title='bbox 475 1137 709 1187; x_wconf 85' lang='lat' dir='ltr'>perpetuas</span> <span class='ocrx_word' id='word_1_97' title='bbox 731 1134 888 1173; x_wconf 89' lang='lat' dir='ltr'>obruta</span> <span class='ocrx_word' id='word_1_98' title='bbox 906 1137 1018 1173; x_wconf 86' lang='lat' dir='ltr'>terra</span> <span class='ocrx_word' id='word_1_99' title='bbox 1037 1133 1175 1173; x_wconf 83' lang='lat' dir='ltr'>niveS.</span> <span class='ocrx_word' id='word_1_100' title='bbox 1606 1133 1662 1173; x_wconf 80' lang='lat'>50</span> <span class='ocrx_word' id='word_1_101' title='bbox 1692 1182 1695 1183; x_wconf 19' lang='lat'><em>⁷</em></span> 
     </span>
     <span class='ocr_line' id='line_1_16' title="bbox 203 1198 1355 1252; baseline -0.003 -12"><span class='ocrx_word' id='word_1_102' title='bbox 203 1198 304 1240; x_wconf 79' lang='lat' dir='ltr'>Non</span> <span class='ocrx_word' id='word_1_103' title='bbox 326 1213 426 1252; x_wconf 85' lang='lat' dir='ltr'>ager</span> <span class='ocrx_word' id='word_1_104' title='bbox 447 1201 516 1240; x_wconf 92' lang='lat' dir='ltr'>hic</span> <span class='ocrx_word' id='word_1_105' title='bbox 539 1212 733 1252; x_wconf 89' lang='lat' dir='ltr'>pomum,</span> <span class='ocrx_word' id='word_1_106' title='bbox 754 1212 845 1238; x_wconf 92' lang='lat' dir='ltr'>non</span> <span class='ocrx_word' id='word_1_107' title='bbox 866 1198 1016 1239; x_wconf 90' lang='lat' dir='ltr'>dulces</span> <span class='ocrx_word' id='word_1_108' title='bbox 1038 1198 1199 1238; x_wconf 87' lang='lat' dir='ltr'>educat</span> <span class='ocrx_word' id='word_1_109' title='bbox 1218 1209 1355 1238; x_wconf 87' lang='lat' dir='ltr'>uvas:</span> 
     </span>
     <span class='ocr_line' id='line_1_17' title="bbox 259 1265 1192 1318; baseline -0.003 -12"><span class='ocrx_word' id='word_1_110' title='bbox 259 1266 360 1306; x_wconf 90' lang='lat' dir='ltr'>Non</span> <span class='ocrx_word' id='word_1_111' title='bbox 378 1266 539 1306; x_wconf 85' lang='lat' dir='ltr'>salices</span> <span class='ocrx_word' id='word_1_112' title='bbox 560 1266 673 1318; x_wconf 88' lang='lat' dir='ltr'>ripa,</span> <span class='ocrx_word' id='word_1_113' title='bbox 695 1266 851 1306; x_wconf 89' lang='lat' dir='ltr'>robora</span> <span class='ocrx_word' id='word_1_114' title='bbox 871 1269 1020 1305; x_wconf 87' lang='lat' dir='ltr'>monte</span> <span class='ocrx_word' id='word_1_115' title='bbox 1040 1265 1192 1306; x_wconf 84' lang='lat' dir='ltr'>virent.</span> 
     </span>
    </p>
   </div>
   <div class='ocr_carea' id='block_1_3' title="bbox 187 1367 1660 1707">
    <p class='ocr_par' dir='ltr' id='par_1_3' title="bbox 187 1367 1660 1707">
     <span class='ocr_line' id='line_1_18' title="bbox 197 1367 1659 1412; baseline 0.001 -13"><span class='ocrx_word' id='word_1_116' title='bbox 197 1367 324 1400; x_wconf 76' lang='lat' dir='ltr'>Roma?</span> <span class='ocrx_word' id='word_1_117' title='bbox 347 1370 420 1410; x_wconf 71' lang='lat' dir='ltr'>quid</span> <span class='ocrx_word' id='word_1_118' title='bbox 433 1371 520 1410; x_wconf 75' lang='lat' dir='ltr'>pejus</span> <span class='ocrx_word' id='word_1_119' title='bbox 535 1371 643 1402; x_wconf 75' lang='lat' dir='ltr'>littore</span> <span class='ocrx_word' id='word_1_120' title='bbox 670 1369 842 1412; x_wconf 79' lang='lat' dir='ltr'>Scythico?</span> <span class='ocrx_word' id='word_1_121' title='bbox 888 1371 1052 1403; x_wconf 82' lang='lat' dir='ltr'>Barbarus</span> <span class='ocrx_word' id='word_1_122' title='bbox 1076 1373 1181 1401; x_wconf 82' lang='lat' dir='ltr'>tamen</span> <span class='ocrx_word' id='word_1_123' title='bbox 1194 1370 1253 1401; x_wconf 86' lang='lat' dir='ltr'>huc</span> <span class='ocrx_word' id='word_1_124' title='bbox 1275 1368 1408 1400; x_wconf 83' lang='lat' dir='ltr'>recurrit</span> <span class='ocrx_word' id='word_1_125' title='bbox 1431 1378 1470 1400; x_wconf 75' lang='lat' dir='ltr'>ex</span> <span class='ocrx_word' id='word_1_126' title='bbox 1493 1369 1547 1400; x_wconf 81' lang='lat' dir='ltr'>illa</span> <span class='ocrx_word' id='word_1_127' title='bbox 1572 1368 1659 1401; x_wconf 84' lang='lat' dir='ltr'>urbe.</span> 
     </span>
     <span class='ocr_line' id='line_1_19' title="bbox 198 1411 1659 1455; baseline 0.001 -13"><span class='ocrx_word' id='word_1_128' title='bbox 198 1412 381 1452; x_wconf 81' lang='lat' dir='ltr'>Quanquam</span> <span class='ocrx_word' id='word_1_129' title='bbox 397 1412 470 1443; x_wconf 83' lang='lat' dir='ltr'>bene</span> <span class='ocrx_word' id='word_1_130' title='bbox 485 1414 526 1444; x_wconf 86' lang='lat' dir='ltr'>sit</span> <span class='ocrx_word' id='word_1_131' title='bbox 532 1414 617 1455; x_wconf 83' lang='lat' dir='ltr'>filioe</span> <span class='ocrx_word' id='word_1_132' title='bbox 634 1414 807 1445; x_wconf 77' lang='lat' dir='ltr'>Pandionis</span> <span class='ocrx_word' id='word_1_133' title='bbox 823 1424 914 1445; x_wconf 77' lang='lat' dir='ltr'>cavea</span> <span class='ocrx_word' id='word_1_134' title='bbox 929 1415 1053 1453; x_wconf 78' lang='lat' dir='ltr'>clausoe,</span> <span class='ocrx_word' id='word_1_135' title='bbox 1065 1414 1122 1444; x_wconf 82' lang='lat' dir='ltr'>illa</span> <span class='ocrx_word' id='word_1_136' title='bbox 1135 1417 1265 1443; x_wconf 82' lang='lat' dir='ltr'>conatur</span> <span class='ocrx_word' id='word_1_137' title='bbox 1280 1412 1396 1442; x_wconf 78' lang='lat' dir='ltr'>reverti</span> <span class='ocrx_word' id='word_1_138' title='bbox 1411 1411 1444 1442; x_wconf 87' lang='lat' dir='ltr'>in</span> <span class='ocrx_word' id='word_1_139' title='bbox 1458 1421 1513 1442; x_wconf 82' lang='lat' dir='ltr'>sua</span> <span class='ocrx_word' id='word_1_140' title='bbox 1525 1422 1659 1444; x_wconf 82' lang='lat' dir='ltr'>nemora.</span> 
     </span>
     <span class='ocr_line' id='line_1_20' title="bbox 198 1453 1660 1496; baseline 0 -12"><span class='ocrx_word' id='word_1_141' title='bbox 198 1454 295 1485; x_wconf 82' lang='lat' dir='ltr'>Tauri</span> <span class='ocrx_word' id='word_1_142' title='bbox 309 1457 475 1487; x_wconf 68' lang='lat' dir='ltr'>concedunt</span> <span class='ocrx_word' id='word_1_143' title='bbox 490 1456 523 1487; x_wconf 86' lang='lat' dir='ltr'>in</span> <span class='ocrx_word' id='word_1_144' title='bbox 537 1457 634 1487; x_wconf 82' lang='lat' dir='ltr'>saltus</span> <span class='ocrx_word' id='word_1_145' title='bbox 654 1457 760 1487; x_wconf 78' lang='lat' dir='ltr'>solitos</span> <span class='ocrx_word' id='word_1_146' title='bbox 773 1468 784 1493; x_wconf 91' lang='lat'>,·</span> <span class='ocrx_word' id='word_1_147' title='bbox 807 1459 906 1487; x_wconf 84' lang='lat' dir='ltr'>leones</span> <span class='ocrx_word' id='word_1_148' title='bbox 922 1458 955 1487; x_wconf 83' lang='lat' dir='ltr'>in</span> <span class='ocrx_word' id='word_1_149' title='bbox 970 1458 1130 1496; x_wconf 77' lang='lat' dir='ltr'>speluncas</span> <span class='ocrx_word' id='word_1_150' title='bbox 1149 1456 1268 1493; x_wconf 78' lang='lat' dir='ltr'>solitas,</span> <span class='ocrx_word' id='word_1_151' title='bbox 1285 1463 1379 1493; x_wconf 77' lang='lat' dir='ltr'>neque</span> <span class='ocrx_word' id='word_1_152' title='bbox 1395 1453 1516 1490; x_wconf 82' lang='lat' dir='ltr'>feritas</span> <span class='ocrx_word' id='word_1_153' title='bbox 1530 1455 1595 1484; x_wconf 79' lang='lat' dir='ltr'>illis</span> <span class='ocrx_word' id='word_1_154' title='bbox 1609 1455 1660 1484; x_wconf 89' lang='lat' dir='ltr'>ob-</span> 
     </span>
     <span class='ocr_line' id='line_1_21' title="bbox 191 1495 1658 1538; baseline 0.001 -12"><span class='ocrx_word' id='word_1_155' title='bbox 191 1500 267 1528; x_wconf 76' lang='lat' dir='ltr'>stat.</span> <span class='ocrx_word' id='word_1_156' title='bbox 313 1498 360 1529; x_wconf 84' lang='lat' dir='ltr'>Tu</span> <span class='ocrx_word' id='word_1_157' title='bbox 386 1501 487 1529; x_wconf 84' lang='lat' dir='ltr'>tamen</span> <span class='ocrx_word' id='word_1_158' title='bbox 503 1499 603 1529; x_wconf 83' lang='lat' dir='ltr'>credis</span> <span class='ocrx_word' id='word_1_159' title='bbox 615 1500 792 1529; x_wconf 71' lang='lat' dir='ltr'>anxietates</span> <span class='ocrx_word' id='word_1_160' title='bbox 812 1500 902 1529; x_wconf 66' lang='lat' dir='ltr'>exilii</span> <span class='ocrx_word' id='word_1_161' title='bbox 915 1509 1002 1538; x_wconf 83' lang='lat' dir='ltr'>posse</span> <span class='ocrx_word' id='word_1_162' title='bbox 1019 1498 1133 1536; x_wconf 79' lang='lat' dir='ltr'>fugari</span> <span class='ocrx_word' id='word_1_163' title='bbox 1148 1507 1187 1527; x_wconf 77' lang='lat' dir='ltr'>ex</span> <span class='ocrx_word' id='word_1_164' title='bbox 1202 1500 1303 1527; x_wconf 86' lang='lat' dir='ltr'>nostro</span> <span class='ocrx_word' id='word_1_165' title='bbox 1319 1497 1410 1526; x_wconf 82' lang='lat' dir='ltr'>corde</span> <span class='ocrx_word' id='word_1_166' title='bbox 1425 1496 1489 1526; x_wconf 76' lang='lat' dir='ltr'>tuis</span> <span class='ocrx_word' id='word_1_167' title='bbox 1495 1495 1658 1533; x_wconf 80' lang='lat' dir='ltr'>fomentis.</span> 
     </span>
     <span class='ocr_line' id='line_1_22' title="bbox 195 1538 1658 1580; baseline 0 -11"><span class='ocrx_word' id='word_1_168' title='bbox 195 1540 260 1569; x_wconf 86' lang='lat' dir='ltr'>Fac</span> <span class='ocrx_word' id='word_1_169' title='bbox 275 1549 311 1571; x_wconf 85' lang='lat' dir='ltr'>ne</span> <span class='ocrx_word' id='word_1_170' title='bbox 326 1550 378 1570; x_wconf 74' lang='lat' dir='ltr'>vos</span> <span class='ocrx_word' id='word_1_171' title='bbox 394 1541 454 1580; x_wconf 77' lang='lat' dir='ltr'>ipsi</span> <span class='ocrx_word' id='word_1_172' title='bbox 468 1541 539 1570; x_wconf 84' lang='lat' dir='ltr'>sitis</span> <span class='ocrx_word' id='word_1_173' title='bbox 554 1540 630 1570; x_wconf 86' lang='lat' dir='ltr'>mihi</span> <span class='ocrx_word' id='word_1_174' title='bbox 645 1543 709 1570; x_wconf 85' lang='lat' dir='ltr'>tam</span> <span class='ocrx_word' id='word_1_175' title='bbox 724 1540 880 1578; x_wconf 79' lang='lat' dir='ltr'>amabiles,</span> <span class='ocrx_word' id='word_1_176' title='bbox 898 1545 931 1571; x_wconf 78' lang='lat' dir='ltr'>ut</span> <span class='ocrx_word' id='word_1_177' title='bbox 946 1543 1047 1572; x_wconf 82' lang='lat' dir='ltr'>minus</span> <span class='ocrx_word' id='word_1_178' title='bbox 1061 1540 1103 1570; x_wconf 87' lang='lat' dir='ltr'>sit</span> <span class='ocrx_word' id='word_1_179' title='bbox 1118 1541 1265 1569; x_wconf 84' lang='lat' dir='ltr'>damnum</span> <span class='ocrx_word' id='word_1_180' title='bbox 1278 1538 1412 1569; x_wconf 80' lang='lat' dir='ltr'>caruisse</span> <span class='ocrx_word' id='word_1_181' title='bbox 1427 1538 1554 1569; x_wconf 79' lang='lat' dir='ltr'>talibus.</span> <span class='ocrx_word' id='word_1_182' title='bbox 1602 1540 1658 1578; x_wconf 79' lang='lat' dir='ltr'>At,</span> 
     </span>
     <span class='ocr_line' id='line_1_23' title="bbox 192 1580 1659 1622; baseline 0 -11"><span class='ocrx_word' id='word_1_183' title='bbox 192 1582 295 1620; x_wconf 76' lang='lat' dir='ltr'>credo,</span> <span class='ocrx_word' id='word_1_184' title='bbox 310 1582 423 1620; x_wconf 83' lang='lat' dir='ltr'>obtigit</span> <span class='ocrx_word' id='word_1_185' title='bbox 440 1583 519 1612; x_wconf 87' lang='lat' dir='ltr'>mihi</span> <span class='ocrx_word' id='word_1_186' title='bbox 535 1583 653 1612; x_wconf 84' lang='lat' dir='ltr'>carenti</span> <span class='ocrx_word' id='word_1_187' title='bbox 670 1583 731 1612; x_wconf 85' lang='lat' dir='ltr'>solo</span> <span class='ocrx_word' id='word_1_188' title='bbox 748 1582 781 1612; x_wconf 91' lang='lat' dir='ltr'>in</span> <span class='ocrx_word' id='word_1_189' title='bbox 798 1593 855 1622; x_wconf 83' lang='lat' dir='ltr'>quo</span> <span class='ocrx_word' id='word_1_190' title='bbox 863 1583 991 1621; x_wconf 80' lang='lat' dir='ltr'>fueram</span> <span class='ocrx_word' id='word_1_191' title='bbox 1006 1586 1107 1620; x_wconf 79' lang='lat' dir='ltr'>natus,</span> <span class='ocrx_word' id='word_1_192' title='bbox 1123 1591 1186 1612; x_wconf 85' lang='lat' dir='ltr'>esse</span> <span class='ocrx_word' id='word_1_193' title='bbox 1201 1581 1349 1612; x_wconf 82' lang='lat' dir='ltr'>tamenin</span> <span class='ocrx_word' id='word_1_194' title='bbox 1364 1582 1427 1610; x_wconf 80' lang='lat' dir='ltr'>loco</span> <span class='ocrx_word' id='word_1_195' title='bbox 1442 1580 1524 1611; x_wconf 86' lang='lat' dir='ltr'>miti.</span> <span class='ocrx_word' id='word_1_196' title='bbox 1562 1580 1659 1612; x_wconf 83' lang='lat' dir='ltr'>Jaceo</span> 
     </span>
     <span class='ocr_line' id='line_1_24' title="bbox 194 1623 1659 1663; baseline 0.001 -10"><span class='ocrx_word' id='word_1_197' title='bbox 194 1624 360 1654; x_wconf 71' lang='lat' dir='ltr'>destitutus</span> <span class='ocrx_word' id='word_1_198' title='bbox 376 1625 407 1654; x_wconf 79' lang='lat' dir='ltr'>in</span> <span class='ocrx_word' id='word_1_199' title='bbox 423 1625 526 1654; x_wconf 83' lang='lat' dir='ltr'>arenis</span> <span class='ocrx_word' id='word_1_200' title='bbox 541 1624 642 1655; x_wconf 82' lang='lat' dir='ltr'>ultimi</span> <span class='ocrx_word' id='word_1_201' title='bbox 658 1625 752 1663; x_wconf 87' lang='lat' dir='ltr'>orbis,</span> <span class='ocrx_word' id='word_1_202' title='bbox 768 1625 818 1655; x_wconf 84' lang='lat' dir='ltr'>ubi</span> <span class='ocrx_word' id='word_1_203' title='bbox 835 1627 924 1656; x_wconf 61' lang='lat' dir='ltr'>tellus</span> <span class='ocrx_word' id='word_1_204' title='bbox 939 1626 1047 1656; x_wconf 80' lang='lat' dir='ltr'>obruta</span> <span class='ocrx_word' id='word_1_205' title='bbox 1064 1624 1134 1662; x_wconf 87' lang='lat' dir='ltr'>sert</span> <span class='ocrx_word' id='word_1_206' title='bbox 1150 1625 1236 1655; x_wconf 82' lang='lat' dir='ltr'>nives</span> <span class='ocrx_word' id='word_1_207' title='bbox 1249 1623 1399 1654; x_wconf 78' lang='lat' dir='ltr'>assiduas.</span> <span class='ocrx_word' id='word_1_208' title='bbox 1447 1624 1584 1663; x_wconf 81' lang='lat' dir='ltr'>Campus</span> <span class='ocrx_word' id='word_1_209' title='bbox 1598 1633 1659 1654; x_wconf 83' lang='lat' dir='ltr'>non</span> 
     </span>
     <span class='ocr_line' id='line_1_25' title="bbox 187 1665 1659 1707; baseline 0.001 -12"><span class='ocrx_word' id='word_1_210' title='bbox 187 1666 255 1703; x_wconf 79' lang='lat' dir='ltr'>fert</span> <span class='ocrx_word' id='word_1_211' title='bbox 270 1666 318 1696; x_wconf 79' lang='lat' dir='ltr'>hic</span> <span class='ocrx_word' id='word_1_212' title='bbox 331 1676 466 1706; x_wconf 79' lang='lat' dir='ltr'>pomum,</span> <span class='ocrx_word' id='word_1_213' title='bbox 484 1676 578 1707; x_wconf 78' lang='lat' dir='ltr'>neque</span> <span class='ocrx_word' id='word_1_214' title='bbox 594 1667 683 1698; x_wconf 82' lang='lat' dir='ltr'>mites</span> <span class='ocrx_word' id='word_1_215' title='bbox 697 1677 853 1699; x_wconf 81' lang='lat' dir='ltr'>racemos.-</span> <span class='ocrx_word' id='word_1_216' title='bbox 877 1669 984 1699; x_wconf 79' lang='lat' dir='ltr'>salices</span> <span class='ocrx_word' id='word_1_217' title='bbox 999 1678 1058 1699; x_wconf 82' lang='lat' dir='ltr'>non</span> <span class='ocrx_word' id='word_1_218' title='bbox 1073 1667 1229 1698; x_wconf 76' lang='lat' dir='ltr'>virescunt</span> <span class='ocrx_word' id='word_1_219' title='bbox 1243 1666 1278 1697; x_wconf 81' lang='lat' dir='ltr'>in</span> <span class='ocrx_word' id='word_1_220' title='bbox 1292 1665 1382 1706; x_wconf 78' lang='lat' dir='ltr'>ripis,</span> <span class='ocrx_word' id='word_1_221' title='bbox 1403 1674 1514 1707; x_wconf 87' lang='lat' dir='ltr'>neque</span> <span class='ocrx_word' id='word_1_222' title='bbox 1528 1674 1659 1706; x_wconf 75' lang='lat' dir='ltr'>quercus</span> 
     </span>
    </p>
   </div>
   <div class='ocr_carea' id='block_1_4' title="bbox 808 1740 1045 1752">
    <p class='ocr_par' dir='ltr' id='par_1_4' title="bbox 808 1740 1045 1752">
     <span class='ocr_line' id='line_1_26' title="bbox 808 1740 1045 1752; baseline -0.004 0"><span class='ocrx_word' id='word_1_223' title='bbox 808 1740 1045 1752; x_wconf 66' lang='lat' dir='ltr'>eeeeeeeeeeee</span> 
     </span>
    </p>
   </div>
   <div class='ocr_carea' id='block_1_5' title="bbox 190 1782 1656 2292">
    <p class='ocr_par' dir='ltr' id='par_1_5' title="bbox 190 1782 1656 2292">
     <span class='ocr_line' id='line_1_27' title="bbox 196 1782 1656 1824; baseline -0.001 -11"><span class='ocrx_word' id='word_1_224' title='bbox 196 1786 294 1814; x_wconf 81' lang='lat' dir='ltr'>notat</span> <span class='ocrx_word' id='word_1_225' title='bbox 320 1783 402 1814; x_wconf 86' lang='lat' dir='ltr'>alios</span> <span class='ocrx_word' id='word_1_226' title='bbox 428 1784 550 1815; x_wconf 81' lang='lat' dir='ltr'>habere</span> <span class='ocrx_word' id='word_1_227' title='bbox 569 1785 692 1824; x_wconf 81' lang='lat' dir='ltr'>Nectit,</span> <span class='ocrx_word' id='word_1_228' title='bbox 707 1789 761 1822; x_wconf 85' lang='lat' dir='ltr'>et;</span> <span class='ocrx_word' id='word_1_229' title='bbox 785 1786 867 1817; x_wconf 85' lang='lat' dir='ltr'>alios</span> <span class='ocrx_word' id='word_1_230' title='bbox 894 1787 1028 1817; x_wconf 80' lang='lat' dir='ltr'>Detinet</span> <span class='ocrx_word' id='word_1_231' title='bbox 1052 1786 1272 1817; x_wconf 83' lang='lat' dir='ltr'>immem.-—37</span> <span class='ocrx_word' id='word_1_232' title='bbox 1298 1784 1382 1815; x_wconf 86' lang='lat' dir='ltr'>Cod.</span> <span class='ocrx_word' id='word_1_233' title='bbox 1405 1783 1567 1823; x_wconf 84' lang='lat' dir='ltr'>Scaliger.</span> <span class='ocrx_word' id='word_1_234' title='bbox 1582 1782 1656 1823; x_wconf 79' lang='lat' dir='ltr'>quid</span> 
     </span>
     <span class='ocr_line' id='line_1_28' title="bbox 195 1825 1654 1869; baseline -0.001 -13"><span class='ocrx_word' id='word_1_235' title='bbox 195 1827 302 1856; x_wconf 81' lang='lat' dir='ltr'>littore</span> <span class='ocrx_word' id='word_1_236' title='bbox 324 1826 471 1866; x_wconf 80' lang='lat' dir='ltr'>pej.-38</span> <span class='ocrx_word' id='word_1_237' title='bbox 496 1828 550 1857; x_wconf 88' lang='lat' dir='ltr'>Fr.</span> <span class='ocrx_word' id='word_1_238' title='bbox 579 1832 614 1857; x_wconf 82' lang='lat' dir='ltr'>et</span> <span class='ocrx_word' id='word_1_239' title='bbox 641 1828 789 1869; x_wconf 83' lang='lat' dir='ltr'>quinque</span> <span class='ocrx_word' id='word_1_240' title='bbox 808 1829 864 1860; x_wconf 89' lang='lat' dir='ltr'>alii</span> <span class='ocrx_word' id='word_1_241' title='bbox 890 1829 963 1859; x_wconf 84' lang='lat' dir='ltr'>urbe</span> <span class='ocrx_word' id='word_1_242' title='bbox 992 1830 1175 1860; x_wconf 78' lang='lat' dir='ltr'>venit.—39</span> <span class='ocrx_word' id='word_1_243' title='bbox 1196 1828 1253 1858; x_wconf 86' lang='lat' dir='ltr'>Sic</span> <span class='ocrx_word' id='word_1_244' title='bbox 1270 1827 1432 1867; x_wconf 89' lang='lat' dir='ltr'>Mycillus</span> <span class='ocrx_word' id='word_1_245' title='bbox 1454 1825 1596 1865; x_wconf 83' lang='lat' dir='ltr'>corrigit</span> <span class='ocrx_word' id='word_1_246' title='bbox 1612 1833 1654 1855; x_wconf 81' lang='lat' dir='ltr'>ex</span> 
     </span>
     <span class='ocr_line' id='line_1_29' title="bbox 196 1868 1656 1911; baseline 0.001 -13"><span class='ocrx_word' id='word_1_247' title='bbox 196 1868 311 1899; x_wconf 79' lang='lat' dir='ltr'>Aldin.</span> <span class='ocrx_word' id='word_1_248' title='bbox 331 1868 392 1899; x_wconf 81' lang='lat' dir='ltr'>Ed.</span> <span class='ocrx_word' id='word_1_249' title='bbox 419 1879 493 1910; x_wconf 89' lang='lat' dir='ltr'>quae</span> <span class='ocrx_word' id='word_1_250' title='bbox 520 1869 623 1900; x_wconf 87' lang='lat' dir='ltr'>habet</span> <span class='ocrx_word' id='word_1_251' title='bbox 646 1870 688 1900; x_wconf 83' lang='lat' dir='ltr'>sit</span> <span class='ocrx_word' id='word_1_252' title='bbox 716 1872 818 1902; x_wconf 82' lang='lat' dir='ltr'>clausa</span> <span class='ocrx_word' id='word_1_253' title='bbox 839 1882 864 1902; x_wconf 90' lang='lat' dir='ltr'>c.</span> <span class='ocrx_word' id='word_1_254' title='bbox 882 1872 1034 1902; x_wconf 76' lang='lat' dir='ltr'>P.n‹11a.·</span> <span class='ocrx_word' id='word_1_255' title='bbox 1059 1872 1149 1911; x_wconf 84' lang='lat' dir='ltr'>vulg.</span> <span class='ocrx_word' id='word_1_256' title='bbox 1178 1870 1242 1900; x_wconf 82' lang='lat' dir='ltr'>sint</span> <span class='ocrx_word' id='word_1_257' title='bbox 1267 1870 1377 1900; x_wconf 79' lang='lat' dir='ltr'>clausae</span> <span class='ocrx_word' id='word_1_258' title='bbox 1403 1880 1431 1899; x_wconf 87' lang='lat' dir='ltr'>c.</span> <span class='ocrx_word' id='word_1_259' title='bbox 1456 1868 1495 1898; x_wconf 89' lang='lat' dir='ltr'>P.</span> <span class='ocrx_word' id='word_1_260' title='bbox 1517 1870 1656 1899; x_wconf 57' lang='lat' dir='ltr'>natae.-</span> 
     </span>
     <span class='ocr_line' id='line_1_30' title="bbox 194 1910 1656 1953; baseline -0.001 -12"><span class='ocrx_word' id='word_1_261' title='bbox 194 1913 236 1941; x_wconf 67' lang='lat'>40</span> <span class='ocrx_word' id='word_1_262' title='bbox 260 1911 337 1942; x_wconf 87' lang='lat' dir='ltr'>Pol.</span> <span class='ocrx_word' id='word_1_263' title='bbox 369 1911 442 1943; x_wconf 70' lang='lat' dir='ltr'>Mt.</span> <span class='ocrx_word' id='word_1_264' title='bbox 470 1913 509 1942; x_wconf 79' lang='lat' dir='ltr'>ad</span> <span class='ocrx_word' id='word_1_265' title='bbox 533 1913 652 1952; x_wconf 73' lang='lat' dir='ltr'>sylvam</span> <span class='ocrx_word' id='word_1_266' title='bbox 677 1923 804 1953; x_wconf 81' lang='lat' dir='ltr'>quoeque</span> <span class='ocrx_word' id='word_1_267' title='bbox 828 1914 932 1944; x_wconf 83' lang='lat' dir='ltr'>redire</span> <span class='ocrx_word' id='word_1_268' title='bbox 956 1923 1054 1946; x_wconf 83' lang='lat' dir='ltr'>suam.</span> <span class='ocrx_word' id='word_1_269' title='bbox 1102 1913 1261 1951; x_wconf 84' lang='lat' dir='ltr'>Vulgatae</span> <span class='ocrx_word' id='word_1_270' title='bbox 1289 1911 1377 1942; x_wconf 88' lang='lat' dir='ltr'>Edd.</span> <span class='ocrx_word' id='word_1_271' title='bbox 1402 1910 1505 1941; x_wconf 86' lang='lat' dir='ltr'>etiam</span> <span class='ocrx_word' id='word_1_272' title='bbox 1528 1910 1656 1940; x_wconf 83' lang='lat' dir='ltr'>habent</span> 
     </span>
     <span class='ocr_line' id='line_1_31' title="bbox 194 1953 1655 1995; baseline -0.001 -12"><span class='ocrx_word' id='word_1_273' title='bbox 194 1963 340 1993; x_wconf 77' lang='lat' dir='ltr'>quaeque:</span> <span class='ocrx_word' id='word_1_274' title='bbox 371 1963 413 1984; x_wconf 88' lang='lat' dir='ltr'>ex</span> <span class='ocrx_word' id='word_1_275' title='bbox 444 1954 527 1995; x_wconf 85' lang='lat' dir='ltr'>Arg.</span> <span class='ocrx_word' id='word_1_276' title='bbox 553 1959 588 1985; x_wconf 85' lang='lat' dir='ltr'>et</span> <span class='ocrx_word' id='word_1_277' title='bbox 618 1955 737 1986; x_wconf 88' lang='lat' dir='ltr'>decem</span> <span class='ocrx_word' id='word_1_278' title='bbox 765 1956 840 1986; x_wconf 89' lang='lat' dir='ltr'>aliis</span> <span class='ocrx_word' id='word_1_279' title='bbox 865 1956 984 1986; x_wconf 83' lang='lat' dir='ltr'>Heins.</span> <span class='ocrx_word' id='word_1_280' title='bbox 1009 1955 1140 1995; x_wconf 81' lang='lat' dir='ltr'>profert</span> <span class='ocrx_word' id='word_1_281' title='bbox 1167 1955 1242 1985; x_wconf 79' lang='lat' dir='ltr'>illa.-</span> <span class='ocrx_word' id='word_1_282' title='bbox 1266 1954 1358 1993; x_wconf 83' lang='lat' dir='ltr'>conj.</span> <span class='ocrx_word' id='word_1_283' title='bbox 1382 1953 1486 1983; x_wconf 81' lang='lat' dir='ltr'>etiam</span> <span class='ocrx_word' id='word_1_284' title='bbox 1506 1961 1655 1991; x_wconf 78' lang='lat' dir='ltr'>usque.—</span> 
     </span>
     <span class='ocr_line' id='line_1_32' title="bbox 196 1994 1656 2039; baseline -0.001 -14"><span class='ocrx_word' id='word_1_285' title='bbox 196 1998 234 2025; x_wconf 72' lang='lat'>43</span> <span class='ocrx_word' id='word_1_286' title='bbox 261 1996 290 2025; x_wconf 88' lang='grc' dir='ltr'><em>Ε</em></span> <span class='ocrx_word' id='word_1_287' title='bbox 318 1999 438 2035; x_wconf 83' lang='lat' dir='ltr'>pectore</span> <span class='ocrx_word' id='word_1_288' title='bbox 468 2007 542 2028; x_wconf 85' lang='lat' dir='ltr'>cum</span> <span class='ocrx_word' id='word_1_289' title='bbox 575 1997 782 2029; x_wconf 80' lang='lat' dir='ltr'>melioribus.</span> <span class='ocrx_word' id='word_1_290' title='bbox 817 1999 932 2039; x_wconf 88' lang='lat' dir='ltr'>[Vulg.</span> <span class='ocrx_word' id='word_1_291' title='bbox 963 2009 981 2028; x_wconf 84' lang='lat' dir='ltr'>a</span> <span class='ocrx_word' id='word_1_292' title='bbox 1009 1997 1107 2038; x_wconf 57' lang='lat' dir='ltr'>pert]</span> <span class='ocrx_word' id='word_1_293' title='bbox 1144 1998 1213 2028; x_wconf 87' lang='lat' dir='ltr'>Pro</span> <span class='ocrx_word' id='word_1_294' title='bbox 1244 1997 1349 2027; x_wconf 85' lang='lat' dir='ltr'>cedere</span> <span class='ocrx_word' id='word_1_295' title='bbox 1376 2005 1474 2025; x_wconf 86' lang='lat' dir='ltr'>versu</span> <span class='ocrx_word' id='word_1_296' title='bbox 1502 1994 1656 2034; x_wconf 81' lang='lat' dir='ltr'>proximo</span> 
     </span>
     <span class='ocr_line' id='line_1_33' title="bbox 193 2036 1655 2080; baseline 0 -13"><span class='ocrx_word' id='word_1_297' title='bbox 193 2047 279 2068; x_wconf 89' lang='lat' dir='ltr'>unus</span> <span class='ocrx_word' id='word_1_298' title='bbox 310 2039 494 2069; x_wconf 76' lang='lat' dir='ltr'>Vaticanus</span> <span class='ocrx_word' id='word_1_299' title='bbox 526 2041 636 2070; x_wconf 77' lang='lat' dir='ltr'>reltere</span> <span class='ocrx_word' id='word_1_300' title='bbox 669 2050 729 2079; x_wconf 86' lang='lat' dir='ltr'>pro</span> <span class='ocrx_word' id='word_1_301' title='bbox 768 2041 900 2080; x_wconf 82' lang='lat' dir='ltr'>pellere.-</span> <span class='ocrx_word' id='word_1_302' title='bbox 936 2046 972 2072; x_wconf 87' lang='lat' dir='ltr'>et</span> <span class='ocrx_word' id='word_1_303' title='bbox 1002 2046 1073 2071; x_wconf 86' lang='lat' dir='ltr'>tum</span> <span class='ocrx_word' id='word_1_304' title='bbox 1108 2040 1151 2072; x_wconf 91' lang='lat' dir='ltr'>Te</span> <span class='ocrx_word' id='word_1_305' title='bbox 1186 2049 1248 2079; x_wconf 86' lang='lat' dir='ltr'>pro</span> <span class='ocrx_word' id='word_1_306' title='bbox 1287 2039 1335 2069; x_wconf 81' lang='lat' dir='ltr'>Tu</span> <span class='ocrx_word' id='word_1_307' title='bbox 1375 2038 1420 2068; x_wconf 86' lang='lat' dir='ltr'>sit</span> <span class='ocrx_word' id='word_1_308' title='bbox 1460 2036 1655 2077; x_wconf 80' lang='lat' dir='ltr'>legendum.</span> 
     </span>
     <span class='ocr_line' id='line_1_34' title="bbox 196 2079 1651 2123; baseline -0.001 -13"><span class='ocrx_word' id='word_1_309' title='bbox 196 2080 306 2111; x_wconf 83' lang='lat' dir='ltr'>Heins.</span> <span class='ocrx_word' id='word_1_310' title='bbox 362 2081 493 2120; x_wconf 82' lang='lat' dir='ltr'>Mycill.</span> <span class='ocrx_word' id='word_1_311' title='bbox 525 2083 628 2112; x_wconf 74' lang='lat' dir='ltr'>otiam</span> <span class='ocrx_word' id='word_1_312' title='bbox 659 2083 792 2123; x_wconf 77' lang='lat' dir='ltr'>Gryph.</span> <span class='ocrx_word' id='word_1_313' title='bbox 822 2084 954 2114; x_wconf 81' lang='lat' dir='ltr'>Bersm.</span> <span class='ocrx_word' id='word_1_314' title='bbox 985 2089 1021 2113; x_wconf 89' lang='lat' dir='ltr'>et</span> <span class='ocrx_word' id='word_1_315' title='bbox 1051 2083 1107 2113; x_wconf 86' lang='lat' dir='ltr'>alii</span> <span class='ocrx_word' id='word_1_316' title='bbox 1146 2092 1184 2113; x_wconf 77' lang='lat' dir='ltr'>ex</span> <span class='ocrx_word' id='word_1_317' title='bbox 1211 2083 1430 2121; x_wconf 61' lang='lat' dir='ltr'>pectora—44</span> <span class='ocrx_word' id='word_1_318' title='bbox 1458 2080 1513 2110; x_wconf 86' lang='lat' dir='ltr'>Fr.</span> <span class='ocrx_word' id='word_1_319' title='bbox 1546 2079 1651 2110; x_wconf 90' lang='lat' dir='ltr'>Fomi-</span> 
     </span>
     <span class='ocr_line' id='line_1_35' title="bbox 192 2122 1655 2167; baseline -0.001 -14"><span class='ocrx_word' id='word_1_320' title='bbox 192 2122 276 2153; x_wconf 77' lang='lat' dir='ltr'>tibus</span> <span class='ocrx_word' id='word_1_321' title='bbox 305 2127 468 2163; x_wconf 63' lang='lat' dir='ltr'>spen—45</span> <span class='ocrx_word' id='word_1_322' title='bbox 508 2125 585 2155; x_wconf 85' lang='lat' dir='ltr'>Bas.</span> <span class='ocrx_word' id='word_1_323' title='bbox 630 2126 750 2166; x_wconf 82' lang='lat' dir='ltr'>Efficite</span> <span class='ocrx_word' id='word_1_324' title='bbox 787 2136 856 2156; x_wconf 83' lang='lat' dir='ltr'>vos:</span> <span class='ocrx_word' id='word_1_325' title='bbox 894 2126 937 2156; x_wconf 90' lang='lat' dir='ltr'>V.</span> <span class='ocrx_word' id='word_1_326' title='bbox 962 2125 1086 2167; x_wconf 80' lang='lat' dir='ltr'>Efficite</span> <span class='ocrx_word' id='word_1_327' title='bbox 1115 2125 1169 2155; x_wconf 82' lang='lat' dir='ltr'>hoc</span> <span class='ocrx_word' id='word_1_328' title='bbox 1199 2126 1348 2155; x_wconf 79' lang='lat' dir='ltr'>vos.—-46</span> <span class='ocrx_word' id='word_1_329' title='bbox 1372 2123 1468 2154; x_wconf 85' lang='lat' dir='ltr'>Unus</span> <span class='ocrx_word' id='word_1_330' title='bbox 1494 2122 1578 2153; x_wconf 86' lang='lat' dir='ltr'>liber</span> <span class='ocrx_word' id='word_1_331' title='bbox 1605 2132 1655 2153; x_wconf 87' lang='lat' dir='ltr'>ca-</span> 
     </span>
     <span class='ocr_line' id='line_1_36' title="bbox 192 2165 1652 2203; baseline 0 -9"><span class='ocrx_word' id='word_1_332' title='bbox 192 2166 292 2195; x_wconf 79' lang='lat' dir='ltr'>rnisse</span> <span class='ocrx_word' id='word_1_333' title='bbox 316 2166 504 2196; x_wconf 55' lang='lat' dir='ltr'>mulia—48</span> <span class='ocrx_word' id='word_1_334' title='bbox 530 2167 623 2197; x_wconf 84' lang='lat' dir='ltr'>Unus</span> <span class='ocrx_word' id='word_1_335' title='bbox 650 2177 712 2198; x_wconf 84' lang='lat' dir='ltr'>esse</span> <span class='ocrx_word' id='word_1_336' title='bbox 736 2168 897 2199; x_wconf 62' lang='lat' dir='ltr'>sola—40</span> <span class='ocrx_word' id='word_1_337' title='bbox 923 2168 962 2199; x_wconf 85' lang='lat' dir='ltr'>In</span> <span class='ocrx_word' id='word_1_338' title='bbox 991 2168 1139 2198; x_wconf 79' lang='lat' dir='ltr'>extremis</span> <span class='ocrx_word' id='word_1_339' title='bbox 1166 2166 1237 2197; x_wconf 83' lang='lat' dir='ltr'>fere</span> <span class='ocrx_word' id='word_1_340' title='bbox 1268 2175 1397 2203; x_wconf 87' lang='lat' dir='ltr'>omnes,</span> <span class='ocrx_word' id='word_1_341' title='bbox 1420 2169 1507 2196; x_wconf 87' lang='lat' dir='ltr'>teste</span> <span class='ocrx_word' id='word_1_342' title='bbox 1535 2165 1652 2195; x_wconf 88' lang='lat' dir='ltr'>Burm.</span> 
     </span>
     <span class='ocr_line' id='line_1_37' title="bbox 191 2207 1653 2250; baseline 0 -13"><span class='ocrx_word' id='word_1_343' title='bbox 191 2207 278 2237; x_wconf 90' lang='lat' dir='ltr'>Tum</span> <span class='ocrx_word' id='word_1_344' title='bbox 296 2208 352 2238; x_wconf 80' lang='lat' dir='ltr'>Fr.</span> <span class='ocrx_word' id='word_1_345' title='bbox 371 2207 438 2245; x_wconf 81' lang='lat' dir='ltr'>jac.</span> <span class='ocrx_word' id='word_1_346' title='bbox 461 2209 615 2248; x_wconf 77' lang='lat' dir='ltr'>projectus</span> <span class='ocrx_word' id='word_1_347' title='bbox 640 2213 808 2241; x_wconf 69' lang='lat' dir='ltr'>arem-51</span> <span class='ocrx_word' id='word_1_348' title='bbox 835 2209 918 2250; x_wconf 82' lang='lat' dir='ltr'>Arg.</span> <span class='ocrx_word' id='word_1_349' title='bbox 941 2214 976 2241; x_wconf 86' lang='lat' dir='ltr'>et</span> <span class='ocrx_word' id='word_1_350' title='bbox 991 2210 1090 2241; x_wconf 86' lang='lat' dir='ltr'>multi</span> <span class='ocrx_word' id='word_1_351' title='bbox 1115 2210 1172 2241; x_wconf 89' lang='lat' dir='ltr'>alii</span> <span class='ocrx_word' id='word_1_352' title='bbox 1193 2210 1279 2240; x_wconf 83' lang='lat' dir='ltr'>educ.</span> <span class='ocrx_word' id='word_1_353' title='bbox 1295 2207 1414 2239; x_wconf 81' lang='lat' dir='ltr'>herbas.</span> <span class='ocrx_word' id='word_1_354' title='bbox 1437 2207 1553 2238; x_wconf 83' lang='lat' dir='ltr'>ssurm.</span> <span class='ocrx_word' id='word_1_355' title='bbox 1576 2217 1653 2237; x_wconf 76' lang='lat' dir='ltr'>uvas</span> 
     </span>
     <span class='ocr_line' id='line_1_38' title="bbox 190 2249 1651 2292; baseline 0 -11"><span class='ocrx_word' id='word_1_356' title='bbox 190 2250 329 2290; x_wconf 80' lang='lat' dir='ltr'>retinet,</span> <span class='ocrx_word' id='word_1_357' title='bbox 353 2251 432 2292; x_wconf 87' lang='lat' dir='ltr'>quia</span> <span class='ocrx_word' id='word_1_358' title='bbox 445 2255 545 2291; x_wconf 82' lang='lat' dir='ltr'>putat</span> <span class='ocrx_word' id='word_1_359' title='bbox 559 2251 737 2291; x_wconf 83' lang='lat' dir='ltr'>epitheton</span> <span class='ocrx_word' id='word_1_360' title='bbox 761 2253 769 2269; x_wconf 91' lang='lat'>‘</span> <span class='ocrx_word' id='word_1_361' title='bbox 786 2252 914 2284; x_wconf 80' lang='lat' dir='ltr'>dulces’</span> <span class='ocrx_word' id='word_1_362' title='bbox 937 2253 986 2284; x_wconf 87' lang='lat' dir='ltr'>eis</span> <span class='ocrx_word' id='word_1_363' title='bbox 1008 2253 1127 2284; x_wconf 88' lang='lat' dir='ltr'>melius</span> <span class='ocrx_word' id='word_1_364' title='bbox 1152 2251 1348 2291; x_wconf 86' lang='lat' dir='ltr'>convenire,</span> <span class='ocrx_word' id='word_1_365' title='bbox 1370 2259 1467 2291; x_wconf 85' lang='lat' dir='ltr'>quam</span> <span class='ocrx_word' id='word_1_366' title='bbox 1484 2249 1651 2282; x_wconf 79' lang='lat' dir='ltr'>herbis.-</span> 
     </span>
    </p>
   </div>
   <div class='ocr_carea' id='block_1_6' title="bbox 854 2337 994 2369">
    <p class='ocr_par' dir='ltr' id='par_1_6' title="bbox 854 2337 994 2369">
     <span class='ocr_line' id='line_1_39' title="bbox 854 2337 994 2369; baseline 0 -1"><span class='ocrx_word' id='word_1_367' title='bbox 854 2337 994 2369; x_wconf 83' lang='lat' dir='ltr'>NOTAE</span> 
     </span>
    </p>
   </div>
   <div class='ocr_carea' id='block_1_7' title="bbox 188 2406 1651 2698">
    <p class='ocr_par' dir='ltr' id='par_1_7' title="bbox 188 2406 1651 2698">
     <span class='ocr_line' id='line_1_40' title="bbox 233 2406 1650 2454; baseline -0.003 -14"><span class='ocrx_word' id='word_1_368' title='bbox 233 2412 275 2440; x_wconf 80' lang='lat'>39</span> <span class='ocrx_word' id='word_1_369' title='bbox 299 2410 460 2441; x_wconf 80' lang='lat' dir='ltr'>Pandione</span> <span class='ocrx_word' id='word_1_370' title='bbox 489 2411 585 2451; x_wconf 66' lang='grc' dir='ltr'>παίω]</span> <span class='ocrx_word' id='word_1_371' title='bbox 624 2412 675 2443; x_wconf 82' lang='lat' dir='ltr'>De</span> <span class='ocrx_word' id='word_1_372' title='bbox 702 2412 893 2444; x_wconf 85' lang='lat' dir='ltr'>Philomela</span> <span class='ocrx_word' id='word_1_373' title='bbox 990 2418 1032 2446; x_wconf 82' lang='grc'>46</span> <span class='ocrx_word' id='word_1_374' title='bbox 1058 2413 1199 2454; x_wconf 77' lang='lat' dir='ltr'>Talibus]</span> <span class='ocrx_word' id='word_1_375' title='bbox 1226 2411 1413 2447; x_wconf 82' lang='lat' dir='ltr'>Fidelibus,</span> <span class='ocrx_word' id='word_1_376' title='bbox 1440 2406 1650 2449; x_wconf 77' lang='lat' dir='ltr'>amabilibus,</span> 
     </span>
     <span class='ocr_line' id='line_1_41' title="bbox 190 2456 1651 2505; baseline -0.003 -15"><span class='ocrx_word' id='word_1_377' title='bbox 190 2459 274 2498; x_wconf 79' lang='lat' dir='ltr'>agit,</span> <span class='ocrx_word' id='word_1_378' title='bbox 284 2460 466 2492; x_wconf 87' lang='lat' dir='ltr'>Pandionis</span> <span class='ocrx_word' id='word_1_379' title='bbox 480 2461 691 2493; x_wconf 80' lang='lat' dir='ltr'>Athenarum</span> <span class='ocrx_word' id='word_1_380' title='bbox 706 2464 796 2504; x_wconf 83' lang='lat' dir='ltr'>regis</span> <span class='ocrx_word' id='word_1_381' title='bbox 810 2463 892 2505; x_wconf 85' lang='lat' dir='ltr'>filia,</span> <span class='ocrx_word' id='word_1_382' title='bbox 948 2468 1011 2497; x_wconf 83' lang='lat' dir='ltr'>&amp;c.</span> <span class='ocrx_word' id='word_1_383' title='bbox 1036 2465 1189 2496; x_wconf 85' lang='lat' dir='ltr'>Venuste</span> <span class='ocrx_word' id='word_1_384' title='bbox 1206 2469 1318 2494; x_wconf 82' lang='lat' dir='ltr'>autem</span> <span class='ocrx_word' id='word_1_385' title='bbox 1338 2465 1440 2499; x_wconf 85' lang='lat' dir='ltr'>atquc</span> <span class='ocrx_word' id='word_1_386' title='bbox 1457 2456 1651 2488; x_wconf 81' lang='lat' dir='ltr'>amabiliter</span> 
     </span>
     <span class='ocr_line' id='line_1_42' title="bbox 191 2506 1649 2556; baseline -0.002 -18"><span class='ocrx_word' id='word_1_387' title='bbox 191 2517 267 2548; x_wconf 76' lang='lat' dir='ltr'>quae</span> <span class='ocrx_word' id='word_1_388' title='bbox 287 2509 320 2538; x_wconf 87' lang='lat' dir='ltr'>in</span> <span class='ocrx_word' id='word_1_389' title='bbox 338 2510 509 2543; x_wconf 81' lang='lat' dir='ltr'>lusciniam</span> <span class='ocrx_word' id='word_1_390' title='bbox 536 2517 682 2552; x_wconf 86' lang='lat' dir='ltr'>mutata,</span> <span class='ocrx_word' id='word_1_391' title='bbox 707 2520 892 2556; x_wconf 83' lang='lat' dir='ltr'>utcumque</span> <span class='ocrx_word' id='word_1_392' title='bbox 948 2515 980 2545; x_wconf 88' lang='lat' dir='ltr'>id</span> <span class='ocrx_word' id='word_1_393' title='bbox 998 2515 1087 2556; x_wconf 84' lang='lat' dir='ltr'>quod</span> <span class='ocrx_word' id='word_1_394' title='bbox 1115 2513 1260 2544; x_wconf 78' lang='lat' dir='ltr'>maxime</span> <span class='ocrx_word' id='word_1_395' title='bbox 1283 2509 1473 2546; x_wconf 88' lang='lat' dir='ltr'>amandum,</span> <span class='ocrx_word' id='word_1_396' title='bbox 1491 2506 1649 2547; x_wconf 80' lang='lat' dir='ltr'>quodque</span> 
     </span>
     <span class='ocr_line' id='line_1_43' title="bbox 191 2557 1507 2602; baseline 0.003 -16"><span class='ocrx_word' id='word_1_397' title='bbox 191 2557 336 2587; x_wconf 83' lang='lat' dir='ltr'>maxima</span> <span class='ocrx_word' id='word_1_398' title='bbox 366 2568 447 2590; x_wconf 83' lang='lat' dir='ltr'>cura</span> <span class='ocrx_word' id='word_1_399' title='bbox 474 2562 506 2592; x_wconf 91' lang='lat' dir='ltr'>in</span> <span class='ocrx_word' id='word_1_400' title='bbox 538 2572 643 2594; x_wconf 86' lang='lat' dir='ltr'>cavea</span> <span class='ocrx_word' id='word_1_401' title='bbox 680 2565 802 2602; x_wconf 79' lang='lat' dir='ltr'>alatur,</span> <span class='ocrx_word' id='word_1_402' title='bbox 835 2565 891 2595; x_wconf 88' lang='lat' dir='ltr'>vix</span> <span class='ocrx_word' id='word_1_403' title='bbox 948 2566 1091 2596; x_wconf 84' lang='lat' dir='ltr'>maxime</span> <span class='ocrx_word' id='word_1_404' title='bbox 1109 2573 1166 2594; x_wconf 92' lang='lat' dir='ltr'>cor</span> <span class='ocrx_word' id='word_1_405' title='bbox 1182 2564 1316 2601; x_wconf 85' lang='lat' dir='ltr'>urgeat,</span> <span class='ocrx_word' id='word_1_406' title='bbox 1331 2557 1507 2589; x_wconf 75' lang='lat' dir='ltr'>indicavit·</span> 
     </span>
     <span class='ocr_line' id='line_1_44' title="bbox 190 2606 1649 2654; baseline 0.001 -18"><span class='ocrx_word' id='word_1_407' title='bbox 190 2607 286 2640; x_wconf 84' lang='lat' dir='ltr'>nulla</span> <span class='ocrx_word' id='word_1_408' title='bbox 298 2606 345 2638; x_wconf 86' lang='lat' dir='ltr'>ibi</span> <span class='ocrx_word' id='word_1_409' title='bbox 361 2617 427 2638; x_wconf 90' lang='lat' dir='ltr'>non</span> <span class='ocrx_word' id='word_1_410' title='bbox 442 2611 596 2651; x_wconf 80' lang='lat' dir='ltr'>moritur,</span> <span class='ocrx_word' id='word_1_411' title='bbox 609 2619 712 2654; x_wconf 80' lang='lat' dir='ltr'>atque</span> <span class='ocrx_word' id='word_1_412' title='bbox 729 2615 762 2645; x_wconf 88' lang='lat' dir='ltr'>in</span> <span class='ocrx_word' id='word_1_413' title='bbox 779 2615 891 2654; x_wconf 80' lang='lat' dir='ltr'>sylvas</span> <span class='ocrx_word' id='word_1_414' title='bbox 989 2619 1030 2646; x_wconf 73' lang='lat'>&lt;18</span> <span class='ocrx_word' id='word_1_415' title='bbox 1055 2612 1216 2652; x_wconf 82' lang='lat' dir='ltr'>Humano]</span> <span class='ocrx_word' id='word_1_416' title='bbox 1268 2610 1382 2641; x_wconf 84' lang='lat' dir='ltr'>Facile</span> <span class='ocrx_word' id='word_1_417' title='bbox 1421 2617 1501 2639; x_wconf 82' lang='lat' dir='ltr'>vero</span> <span class='ocrx_word' id='word_1_418' title='bbox 1528 2607 1649 2638; x_wconf 80' lang='lat' dir='ltr'>fuisset</span> 
     </span>
     <span class='ocr_line' id='line_1_45' title="bbox 188 2656 1647 2698; baseline 0.001 -11"><span class='ocrx_word' id='word_1_419' title='bbox 188 2656 306 2688; x_wconf 54' lang='lat' dir='ltr'>studet</span> <span class='ocrx_word' id='word_1_420' title='bbox 323 2666 455 2697; x_wconf 82' lang='lat' dir='ltr'>semper</span> <span class='ocrx_word' id='word_1_421' title='bbox 469 2660 614 2691; x_wconf 86' lang='lat' dir='ltr'>evolare.</span> <span class='ocrx_word' id='word_1_422' title='bbox 947 2667 1133 2696; x_wconf 78' lang='lat' dir='ltr'>Romanam</span> <span class='ocrx_word' id='word_1_423' title='bbox 1155 2661 1383 2692; x_wconf 82' lang='lat' dir='ltr'>urbanitatem</span> <span class='ocrx_word' id='word_1_424' title='bbox 1409 2658 1473 2689; x_wconf 85' lang='lat' dir='ltr'>alia</span> <span class='ocrx_word' id='word_1_425' title='bbox 1489 2667 1647 2698; x_wconf 72' lang='lat' dir='ltr'>compen»</span> 
     </span>
    </p>
   </div>
   <div class='ocr_carea' id='block_1_8' title="bbox 185 2706 1646 2755">
    <p class='ocr_par' dir='ltr' id='par_1_8' title="bbox 185 2706 1646 2755">
     <span class='ocr_line' id='line_1_46' title="bbox 185 2706 1646 2755; baseline -0.001 -14"><span class='ocrx_word' id='word_1_426' title='bbox 185 2741 189 2744; x_wconf 86' lang='grc'><strong>,</strong></span> <span class='ocrx_word' id='word_1_427' title='bbox 232 2709 272 2750; x_wconf 69' lang='grc'>44</span> <span class='ocrx_word' id='word_1_428' title='bbox 298 2706 470 2751; x_wconf 70' lang='lat' dir='ltr'>Fomentis]</span> <span class='ocrx_word' id='word_1_429' title='bbox 494 2708 803 2755; x_wconf 75' lang='lat' dir='ltr'>consolationibus,</span> <span class='ocrx_word' id='word_1_430' title='bbox 818 2715 889 2748; x_wconf 79' lang='lat' dir='ltr'>scil,</span> <span class='ocrx_word' id='word_1_431' title='bbox 945 2724 1033 2753; x_wconf 64' lang='lat' dir='ltr'>sare2</span> <span class='ocrx_word' id='word_1_432' title='bbox 1053 2713 1078 2744; x_wconf 77' lang='lat' dir='ltr'>si</span> <span class='ocrx_word' id='word_1_433' title='bbox 1096 2712 1285 2754; x_wconf 77' lang='lat' dir='ltr'>obtigisset.</span> <span class='ocrx_word' id='word_1_434' title='bbox 1329 2710 1456 2742; x_wconf 77' lang='lat' dir='ltr'>Verum</span> <span class='ocrx_word' id='word_1_435' title='bbox 1480 2707 1555 2742; x_wconf 78' lang='lat' dir='ltr'>ideo</span> <span class='ocrx_word' id='word_1_436' title='bbox 1575 2712 1646 2742; x_wconf 51' lang='lat' dir='ltr'>tana</span> 
     </span>
    </p>
   </div>
  </div>
 </body>
</html>
