1877 3193
202 168 317 211 2602
695 181 737 209 p,
768 179 927 210 ovmu
960 179 1174 210 NAsoms

203 272 333 327 Saepe
354 273 496 314 solent
512 272 714 327 hyemem
733 271 954 325 placidam
975 273 1134 314 sentire
1154 273 1338 315 carinae:

261 339 365 381 Non
387 341 549 381 Ithacae
572 340 711 393 puppi
733 339 893 380 saevior
911 339 1029 381 unda
1049 339 1146 382 fuit.

203 406 346 449 Recta
365 408 472 448 fides
492 407 699 448 comitum
718 410 890 460 poterat
909 409 1026 448 mala
1042 411 1163 449 tanta
1181 407 1324 449 levare
1340 420 1348 446 :

260 474 413 516 Ditata
434 478 500 515 est
520 473 676 527 spoliis
695 472 861 526 perfida
878 475 1007 514 turba
1025 475 1148 514 meis.

205 538 365 582 Mitius
384 542 565 582 exilium
585 540 754 581 faciunt
779 540 907 581 loca:
938 541 1100 582 tristior
1120 541 1205 581 ista

262 606 397 648 Terra
418 609 500 649 sub
521 607 737 648 ambobus
757 619 844 647 non
858 607 978 660 jacet
997 607 1091 648 ulla
1109 607 1242 660 polis.

206 671 287 714 Est
305 674 471 727 aliquid
491 673 647 726 patriis
664 672 859 712 vicinum
879 672 1039 714 finibus
1059 687 1154 714 esse
1171 686 1181 714 z

262 737 431 780 Ultima
449 752 518 779 me
536 738 683 786 tellus,
701 737 883 777 ultimus
902 739 1021 778 orbis
1037 738 1184 779 habet.

205 804 398 847 Praestat
416 811 461 846 et
480 805 683 846 exulibus
704 816 861 858 pacem
881 807 955 844 tua
974 805 1139 854 laurea,
1163 804 1336 846 Caesar:

263 872 453 913 Pontica
472 872 657 913 finitimo
677 875 791 912 terra
809 872 888 912 sub
909 871 1034 912 hoste
1047 871 1188 925 jacet.

204 937 402 991 Tempus
423 940 467 979 in
488 951 686 991 agrorum
707 938 829 979 cultu
849 950 1103 979 consumere
1124 938 1254 980 dulce
1273 941 1361 980 est:

262 1004 364 1046 Non
381 1005 543 1058 patitur
561 1004 673 1045 verti
693 1005 907 1046 barbarus
926 1005 1065 1046 hostis
1086 1005 1277 1047 humum.

213 1071 439 1125 Pemperie
459 1071 563 1112 coeli
583 1084 833 1125 corpusque
855 1072 1113 1125 animusque
1128 1072 1343 1126 juvantur
1361 1085 1370 1114 ε

265 1139 440 1192 Frigore
461 1142 675 1191 perpetuo
697 1138 915 1180 Sarmatis
935 1151 1014 1179 ora
1031 1139 1156 1192 riget.

208 1204 287 1246 Est
305 1206 347 1246 in
369 1217 487 1257 aqua
507 1204 622 1245 dulci
644 1217 733 1245 non
754 1205 975 1247 invidiosa
993 1207 1202 1260 voluptas
1222 1219 1232 1247 ε

264 1273 490 1329 AEquoreo
510 1271 672 1311 bibitur
693 1283 793 1311 cum
815 1271 905 1311 sale
923 1272 1064 1313 mixta
1084 1274 1224 1325 palus,

1601 341 1656 382 60

1603 672 1659 713 65

1607 1006 1662 1045 70

209 1401 300 1424 naves
328 1394 546 1422 consueverunt
575 1390 712 1431 experiri
733 1391 871 1431 hyemem
893 1390 1009 1421 lenem:
1033 1400 1112 1430 aqua
1137 1400 1197 1421 non
1217 1388 1288 1428 fuit
1315 1389 1453 1429 asperior
1476 1389 1549 1421 navi
1578 1390 1663 1421 Itha-

209 1433 303 1465 censi.
327 1434 421 1464 Fides
447 1434 633 1463 intemerata
655 1434 808 1463 sociorum
826 1435 950 1471 poterat
973 1433 1109 1462 minuere
1134 1435 1254 1463 nostros
1278 1431 1417 1462 labores.-
1439 1433 1596 1463 scelestum
1612 1444 1667 1471 ag-

209 1486 278 1506 men
304 1478 427 1505 auctum
453 1478 498 1504 est
528 1474 602 1504 meis
617 1474 733 1513 spoliis.
778 1474 861 1503 Loca
885 1475 1018 1504 reddunt
1038 1473 1153 1512 fugam
1181 1474 1283 1504 minus
1313 1483 1473 1512 asperam3
1497 1475 1580 1505 nulla
1605 1479 1667 1506 ter-

210 1527 246 1547 ra
277 1521 324 1548 est
344 1517 399 1546 sub
428 1519 558 1555 utroque
587 1524 647 1545 axe
676 1515 812 1546 moestior
838 1515 912 1545 ista.
959 1516 1018 1545 Est
1044 1515 1163 1554 aliquid
1191 1524 1254 1545 esse
1281 1515 1458 1554 proximum
1469 1516 1590 1556 finibus
1612 1528 1667 1556 pu-

210 1558 304 1590 triz‘s:
331 1558 534 1589 remotissima
563 1560 661 1596 terra,
683 1566 759 1597 pars
788 1557 895 1587 mundi
919 1557 1126 1587 remotissima
1154 1560 1237 1587 tenet
1268 1566 1325 1586 me.
1385 1556 1450 1586 Tua
1479 1558 1583 1589 laurea
1608 1569 1670 1589 cer-

209 1605 275 1633 tam
292 1600 373 1639 fucit
406 1609 512 1640 pacem
536 1599 692 1640 profugis,
721 1601 843 1630 Coesar:
867 1602 952 1629 terra
972 1599 1107 1630 Pontica
1136 1602 1181 1629 est
1207 1599 1263 1629 sub
1283 1598 1369 1629 hoste
1392 1599 1546 1638 proximo.
1589 1600 1669 1631 Suu-

211 1653 246 1674 ve
276 1647 321 1674 est
347 1644 507 1673 traducere
531 1645 650 1682 tempus
678 1643 713 1672 in
736 1642 948 1681 agricultura:
971 1641 1068 1672 hostis
1083 1640 1245 1672 Barbarus
1260 1650 1318 1671 non
1331 1641 1409 1671 sinit
1424 1645 1541 1672 terram
1554 1642 1669 1681 subigi.

215 1686 335 1724 Corpus
374 1688 404 1715 et
443 1685 564 1715 animus
600 1684 818 1715 exhilarantur
848 1687 1058 1724 temperatura
1087 1683 1188 1714 aeris.-
1222 1684 1310 1722 regz'o
1339 1683 1516 1715 Sarnmtica
1543 1685 1670 1715 indura-

212 1731 247 1758 ta
276 1731 321 1759 est
358 1727 502 1757 continuo
534 1725 671 1766 frigore.
715 1727 775 1757 Est
810 1726 950 1766 voluptas
984 1736 1044 1757 non
1079 1726 1232 1757 invidiosa
1267 1726 1301 1757 in
1333 1736 1411 1766 aqua
1446 1727 1549 1759 dulci:
1584 1728 1673 1768 palus

826 1798 1057 1810 eeeeeeeeeeee

215 1853 394 1894 superiori,
406 1853 459 1884 hic
473 1851 556 1884 ferri
572 1862 639 1883 non
655 1851 796 1893 potest!
822 1852 934 1884 Heius.
960 1853 1076 1884 Tristis
1089 1863 1206 1894 quoque
1221 1853 1403 1885 Leid.-61
1432 1854 1534 1885 Tanta
1554 1854 1671 1886 Burin.

215 1895 311 1927 dedit
327 1905 369 1927 ex
386 1897 428 1926 V.
455 1905 515 1935 pro
543 1896 634 1935 vulg.
658 1897 862 1926 ‘nostrae—62
887 1895 982 1926 Unus
1010 1896 1097 1926 liber
1123 1896 1205 1935 perf.
1233 1899 1319 1927 terra
1344 1896 1516 1927 meis.-—65
1540 1895 1579 1926 In
1597 1905 1672 1927 voc.

208 1938 324 1978 finibus
335 1938 463 1968 variant
476 1937 583 1968 Codd.
596 1936 652 1967 alii
663 1936 823 1976 moenibus,
834 1938 989 1977 partibus,
998 1937 1154 1976 fontibtts,
1166 1938 1398 1969 turribus—67
1413 1939 1507 1968 Serv.
1519 1939 1550 1969 in
1563 1948 1623 1978 pro
1631 1942 1671 1969 et.

215 1983 299 2011 -68
322 1980 404 2013 Jun.
420 1980 474 2010 sub
490 1990 549 2010 axe
562 1980 670 2018 jacet‚·
694 1984 728 2010 et
744 1979 839 2011 Serv.
851 1980 905 2010 suh
920 1980 1005 2010 hoste
1027 1980 1210 2020 riget.——70
1234 1981 1391 2020 Quinque
1408 1980 1486 2010 libri
1508 1981 1593 2011 rer-ri
1609 1991 1671 2020 pro

214 2022 390 2054 vertL—TI
415 2022 498 2062 Arg.
519 2023 584 2053 coel.
611 2025 785 2062 tempusque
801 2021 954 2063 animusq.
976 2024 1060 2054 Tum
1084 2032 1199 2053 omnes
1215 2021 1285 2054 fere
1301 2022 1432 2063 scripti,
1448 2027 1538 2054 teste
1555 2023 1672 2054 Burin.

872 2101 1014 2132 NOTAE

258 2164 300 2192 60
324 2161 456 2200 Ithacoe]
480 2161 614 2201 Ulyssis
638 2162 842 2203 Ithacensis,
859 2164 915 2204 qui
969 2164 1013 2195 ob
1023 2164 1105 2195 alias
1119 2164 1268 2195 rationes
1280 2162 1485 2203 navigationi
1498 2172 1569 2193 sese
1582 2172 1669 2193 com-

217 2219 278 2250 per
293 2210 491 2242 decennium
509 2212 650 2250 erravit,
672 2217 707 2243 et
730 2213 837 2243 multa
858 2213 915 2243 ad·
969 2214 1144 2244 miserant.

218 2269 314 2292 versa
344 2260 496 2301 pertulit,
537 2261 733 2301 priusquam
760 2261 915 2292 Ithacam

217 2319 310 2341 suam
326 2314 468 2350 tangere
482 2314 607 2349 posset.
637 2310 787 2341 Insulam
802 2315 915 2341 autem

218 2360 309 2390 illam
334 2360 367 2390 in
386 2360 482 2391 Ionio
505 2360 585 2390 muri
610 2359 725 2399 fuisse,
742 2369 760 2391 e
778 2360 915 2399 regione

219 2408 434 2448 Acarnaniae,
449 2409 529 2440 nihil
545 2419 628 2449 opus
650 2415 715 2449 est,
737 2409 853 2448 credo,
870 2413 917 2440 to-

220 2460 282 2491 ties
299 2464 469 2500 repetere.

261 2509 396 2549 Saevior]
412 2511 520 2542 Quam
535 2509 611 2540 mihi
626 2508 702 2550 fuit,
715 2510 847 2551 supple,
859 2514 918 2541 aut

218 2560 295 2591 navi
311 2570 377 2600 qua
394 2565 509 2591 vectus
524 2570 605 2591 sum.

262 2612 301 2640 61
330 2609 500 2649 Comitum]
525 2611 579 2641 De
604 2609 719 2641 amicis
738 2619 803 2641 non
820 2609 919 2640 intel-

220 2658 350 2694 lexem,
378 2668 493 2689 verum
520 2659 562 2689 (le
588 2659 627 2690 iis
648 2660 835 2691 hominibus
862 2659 920 2700 qui

222 2715 298 2739 cum
315 2706 438 2747 Poeta,
461 2708 509 2740 rei
532 2707 699 2741 facieudae
726 2719 840 2750 causa,
862 2714 921 2742 aut

1012 2265 1053 2292 64
1076 2260 1247 2299 Ambobus]
1273 2260 1424 2298 Arctico,
1443 2259 1516 2290 scil.
1536 2264 1572 2290 et
1584 2260 1669 2291 Ant-

971 2314 1113 2344 arctico.

1012 2366 1051 2394 67
1077 2362 1213 2402 Laurea]
1237 2363 1403 2393 Coronam
1429 2372 1471 2392 ex
1497 2363 1590 2394 lauro
1608 2374 1669 2404 pro

971 2413 1115 2444 Caesaris
1129 2412 1235 2453 gloria
1251 2417 1286 2443 et
1298 2412 1437 2452 imperio
1451 2413 1576 2453 posuit,
1591 2414 1669 2454 quia

972 2464 1027 2495 illa
1043 2463 1259 2494 victoriarum
1278 2467 1314 2493 et
1330 2463 1444 2503 gloriae
1461 2463 1604 2503 signum.

1012 2515 1054 2544 72
1077 2512 1246 2553 Sarmatis]
1267 2513 1391 2543 Tomos
1414 2513 1446 2543 in
1472 2514 1668 2545 Sarmatiam

972 2564 1157 2602 relegatum
1174 2562 1319 2594 Poetam
1336 2564 1466 2594 centies
1483 2563 1638 2595 vidimus.

1013 2616 1054 2645 73
1080 2614 1151 2644 Non
1180 2613 1348 2653 invidiosa]
1397 2613 1485 2646 Quia
1515 2614 1668 2645 omnibus

972 2663 1104 2695 haurire
1120 2664 1212 2695 licet.

1016 2715 1057 2745 74
1081 2713 1194 2755 Palus]
1217 2712 1317 2756 Aqua
1333 2713 1502 2754 palustris.
