1877 3193
555 178 707 210 Eris'r.
742 179 806 210 Ex
844 179 1001 210 rouro
1037 179 1128 210 ΜΒ,
1158 179 1231 209 υς,
1264 168 1306 209 23.
1542 170 1655 211 2647>

202 275 361 316 Stabat
382 272 518 315 Amor
536 275 674 325 vultu,
695 288 781 317 non
802 289 889 330 quo
911 276 1034 330 prius
1056 287 1156 317 esse
1177 274 1362 324 solebat,

262 341 424 383 Fulcra
441 346 594 383 tenens
615 342 731 384 laeva
750 343 886 384 tristis
908 356 1069 384 acerna
1087 354 1219 383 manu
1237 355 1247 382 :

204 410 303 451 Nec
323 414 521 463 torquem
544 410 674 459 collo,
694 423 774 451 nec
793 411 956 450 habens
975 411 1137 450 crinale
1158 409 1331 463 capillis
1349 422 1361 461 ;
1604 410 1660 451 15

263 477 361 518 Nec
381 479 491 517 bene
512 476 754 529 dispositas
774 478 960 525 comtus,
980 482 1030 516 ut
1050 479 1166 524 ante,
1189 488 1350 516 comas.

205 544 404 586 Horrida
426 543 675 596 pendebant
692 542 846 582 molles
866 555 1001 595 super
1020 554 1099 582 ora
1119 543 1295 595 capilli3

263 611 320 652 Et
338 611 436 651 visa
454 613 523 650 est
542 609 685 649 oculis
706 608 879 649 horrida
898 621 1041 662 penna
1062 609 1201 651 meis:

207 677 363 729 Qualis
384 678 427 717 in
447 676 578 718 a'elriae
596 681 718 730 tergo
741 677 852 718 solet
872 690 970 718 esse
991 677 1226 727 columbae,

261 745 544 786 Tractantum
563 746 712 786 multae
735 757 865 797 quam
884 744 1062 797 tetigere
1080 756 1249 785 manus.
1606 742 1660 784 ‘30

205 812 358 862 Hunc,
381 813 511 853 simul
529 813 702 865 agnovi,
723 811 883 866 (neque
904 813 1020 852 enim
1039 812 1144 852 mihi
1164 812 1307 853 notior
1329 810 1475 865 alter,)

261 879 448 920 Talibus
470 878 604 919 affata
624 882 691 918 est
712 879 848 919 libera
867 879 1019 932 lingua
1038 880 1160 920 sonis
1178 893 1187 920 ε

206 943 245 986 O
267 960 391 1001 puer,
414 947 536 987 exilii
557 946 745 1000 decepto
768 960 904 988 causa
924 948 1150 1000 magistro,

266 1013 412 1064 Quem
433 1014 514 1054 fuit
535 1014 682 1054 utilius
704 1028 788 1055 non
811 1015 1016 1056 docuisse
1037 1015 1140 1055 mihi
1159 1028 1171 1066 ;

209 1081 315 1122 Huc
340 1093 512 1134 quoque
533 1081 709 1130 venisti,
730 1095 825 1135 pax
847 1085 912 1122 est
932 1082 1008 1122 ubi
1031 1087 1222 1134 tempore
1242 1082 1374 1133 nullo,

266 1151 324 1192 Et
343 1152 432 1192 coit
454 1150 643 1191 astrictis
665 1151 878 1192 barbarus
898 1151 1015 1192 Ister
1037 1151 1162 1204 aquis
1180 1152 1197 1190 i

1600 1079 1657 1120 a

208 1294 266 1315 non
282 1293 340 1323 quo
355 1286 427 1312 unte
440 1285 648 1320 consueverat,
665 1286 791 1314 moestus
805 1286 945 1314 tractans
959 1293 1050 1314 manu
1063 1283 1194 1313 sinistra
1210 1282 1375 1322 scipionem
1386 1291 1528 1312 acernum
1540 1291 1551 1317 ;
1572 1290 1666 1320 neque

208 1326 319 1357 habens
333 1328 471 1363 torquem
487 1325 519 1354 in
535 1326 620 1361 collo,
636 1334 731 1364 neque
746 1327 861 1356 crinale
877 1327 909 1356 in
925 1326 1056 1366 capillis,
1073 1336 1167 1365 neque
1184 1326 1281 1355 crines
1295 1325 1366 1355 benc
1382 1324 1563 1363 compositos
1578 1333 1668 1353 omui·

206 1372 254 1399 tos
269 1372 304 1398 ut
318 1367 416 1407 pri'uS.
465 1367 573 1397 Crines
593 1367 719 1398 delicati
739 1368 885 1408 fluebant
913 1379 1004 1409 super
1022 1368 1141 1406 faciem
1167 1368 1319 1407 hispidam
1331 1378 1342 1403 ;
1365 1370 1395 1397 et
1412 1368 1468 1397 ula?
1496 1367 1568 1396 cisoe
1593 1369 1664 1396 sunt

206 1410 340 1441 nwdidoe
361 1409 455 1439 oculis
470 1410 565 1440 meis:
589 1411 691 1449 quales
705 1411 801 1441 solent
816 1421 879 1441 esse
901 1411 933 1441 in
951 1415 1038 1448 tergo
1053 1411 1196 1441 columboe
1217 1410 1323 1447 aerico,
1339 1419 1428 1449 quum
1443 1410 1546 1439 multa:
1562 1417 1668 1439 manus

207 1453 412 1485 tractantium
424 1452 607 1490 tetigerunt.
641 1454 718 1482 Cum
734 1455 867 1492 primum
882 1454 1021 1491 cognovi,
1035 1454 1153 1491 (neque
1169 1453 1249 1482 enim
1264 1454 1343 1482 ulius
1358 1450 1669 1489 mihifimziliarior‚)

206 1496 315 1535 lingua
330 1505 405 1526 mea
420 1494 517 1524 libera
533 1498 578 1524 est
595 1495 725 1524 allocuta
752 1504 828 1524 eum
845 1495 1017 1531 hujusmodi
1033 1495 1152 1523 vocibus
1165 1505 1174 1523 ,·
1203 1496 1231 1523 0
1246 1504 1322 1533 puer
1346 1504 1436 1523 cuusu
1456 1492 1547 1531 suga:
1564 1494 1667 1523 deluso

205 1538 402 1580 proeceptori‚
419 1546 505 1576 quem
515 1537 586 1573 fuit
603 1536 678 1565 mihi
694 1537 877 1566 commodius
890 1547 949 1566 non
965 1536 1143 1571 erudivisse,
1158 1536 1312 1565 accessisti
1328 1536 1420 1565 etium
1436 1536 1504 1573 huc,
1521 1534 1572 1565 ubi
1588 1546 1668 1566 nun-

209 1590 302 1621 quam
314 1590 379 1620 pax
394 1581 498 1617 datur,
520 1581 550 1608 et
567 1577 735 1608 Danubius
751 1577 897 1608 barbarus
912 1579 1077 1609 concrescit
1090 1579 1205 1617 gelidis
1227 1576 1339 1618 aquis?
1387 1580 1463 1613 Qucc
1490 1578 1549 1608 tibi
1576 1588 1668 1609 causa

826 1661 938 1672 ‘W
942 1661 1058 1672 emme·

213 1716 253 1745 12
278 1714 411 1745 Decem
440 1714 514 1744 libri
543 1718 573 1744 et
600 1725 618 1744 α
649 1717 815 1754 ἰωὴ-14
839 1715 881 1745 In
905 1714 1051 1754 vulgatis
1080 1714 1202 1754 Sceptr.
1229 1718 1291 1746 ten.
1317 1715 1401 1746 Cod.
1429 1715 1551 1755 Scalig.
1568 1715 1669 1747 babe-

212 1757 274 1787 bat
304 1756 414 1795 Fulva,
436 1757 525 1787 unde
551 1757 608 1787 ille
625 1758 741 1788 Fulcra
767 1757 853 1797 conj.
884 1758 974 1798 quod
1003 1762 1038 1787 et
1066 1758 1106 1787 V.
1138 1758 1253 1797 primae
1271 1762 1361 1788 notae
1392 1758 1667 1789 coufirmat—45

212 1799 356 1830 Plurimi
373 1801 449 1830 crin.
465 1800 672 1839 cupida—16
698 1800 879 1839 Dispositas
892 1810 934 1830 ex
961 1799 1068 1830 Codd.
1096 1800 1272 1830 Fabricius
1296 1800 1447 1840 profert:
1476 1801 1564 1840 vulg.
1589 1811 1668 1831 com-

208 1841 335 1881 positas.
358 1842 445 1872 Tum
461 1842 556 1872 Serv.
573 1843 670 1872 cultus
685 1852 744 1882 pro
761 1845 970 1873 comtus.-—17
996 1842 1179 1882 Repetitur
1193 1853 1233 1872 ea
1245 1853 1309 1872 vox
1324 1843 1450 1872 horrida
1466 1852 1558 1873 versu
1571 1853 1668 1882 prox—

211 1885 292 1923 imo,
307 1893 413 1924 quare
430 1885 541 1914 malim
571 1885 733 1924 Squullidu
749 1894 802 1914 ora
819 1885 871 1915 liic
888 1885 966 1923 legi.
1011 1885 1099 1915 Vide
1126 1885 1234 1915 Notas
1248 1885 1280 1914 in
1299 1885 1484 1924 Epioe-dion
1499 1885 1604 1915 Drusi
1621 1894 1669 1915 vs.

213 1929 266 1957 86.
289 1927 353 1957 nisi
372 1936 469 1957 versu
489 1927 639 1967 proximo
655 1927 778 1957 sordida
790 1927 895 1966 pluma
914 1936 1069 1966 reponas,
1094 1927 1207 1957 Heius.
1248 1927 1414 1966 Mollesque
1426 1927 1481 1956 sub
1496 1937 1550 1957 oru
1565 1928 1669 1967 capilli

211 1968 323 1999 Servii
340 1969 470 2000 codex:
496 1970 584 1999 unde
612 1978 691 1999 vero
717 1969 798 1999 illud
816 1969 941 1999 humida
955 1978 1054 2009 penna
1081 1969 1221 2008 petierit
1248 1969 1406 1999 Heinsius
1424 1974 1530 2009 tacet,
1542 1979 1605 2000 nec
1621 1969 1669 2000 in-

214 2011 305 2048 veni,
320 2011 384 2041 nisi
401 2012 434 2041 in
451 2021 516 2041 uno
529 2011 675 2043 Juniano
690 2022 698 2049 3
722 2011 849 2042 horrida
864 2011 957 2041 barba
974 2012 1099 2041 Mureti
1115 2022 1121 2040 :
1147 2011 1205 2041 sed
1219 2011 1375 2042 imberbis
1394 2012 1540 2052 Cupido.
1578 2011 1668 2042 Illud

214 2052 340 2083 humida
368 2063 435 2084 non
453 2055 611 2084 convenit
638 2054 880 2094 sequentibus:
907 2063 973 2085 non
991 2054 1079 2084 enim
1105 2054 1269 2084 columbae
1288 2059 1419 2094 tergum
1444 2054 1614 2085 humidum
1630 2053 1670 2085 fit

215 2099 426 2126 tractantum
443 2106 555 2136 manu,
582 2096 640 2126 sed
657 2097 842 2135 horridum,
859 2106 935 2127 cum
961 2097 1083 2136 plumae
1100 2100 1201 2126 autea
1216 2102 1374 2136 aequatae,
1390 2097 1534 2136 Ιιοννίάιε,
1550 2097 1583 2128 id
1606 2102 1670 2136 est,

213 2137 315 2168 hirtae
332 2138 426 2178 quasi
438 2144 472 2169 et
484 2139 638 2178 lrispidae,
653 2138 759 2169 fiunt:
785 2138 818 2168 id
836 2140 924 2169 enim
944 2139 1081 2179 proprie
1105 2140 1113 2155 ‘
1128 2139 1294 2169 horridus'
1320 2144 1427 2170 notat.
1453 2140 1529 2170 Vid.
1547 2139 1588 2169 ad
1605 2139 1670 2169 Pe-

214 2183 301 2211 tron.
318 2190 393 2220 cap.
420 2184 473 2212 99.
499 2182 724 2222 Relinquatur
738 2191 819 2222 ergo
834 2181 1019 2221 repetitum
1036 2191 1078 2212 ex
1096 2191 1187 2211 more
1205 2181 1320 2211 Ovidii
1338 2182 1489 2212 verbum.
1513 2182 1670 2212 Burin.—

215 2224 257 2253 20
284 2222 485 2254 Tractantmn
510 2224 630 2255 Heius.
648 2224 783 2263 reponit
798 2232 840 2253 ex
867 2224 944 2253 Pol.
972 2228 1008 2254 et
1036 2228 1181 2264 quatuor
1207 2223 1304 2261 aliis;
1330 2225 1419 2263 vulg.
1438 2224 1670 2255 Tractatum.—

216 2266 257 2296 22
280 2265 393 2306 Affuta
409 2275 452 2296 ex
468 2266 606 2306 scriptis
622 2266 718 2298 dedit
736 2266 854 2297 Heius.
873 2266 930 2296 alii
945 2265 1138 2307 effata—24
1164 2267 1241 2297 Duo
1257 2266 1335 2297 libri
1352 2266 1544 2305 Quemsoret
1560 2266 1671 2298 utile—

871 2362 1011 2395 NOTAE

262 2440 302 2468 13
329 2437 437 2478 Amor]
461 2436 593 2478 Cupido
608 2439 714 2470 Deus.
1017 2440 1057 2469 23
1081 2437 1255 2477 Magistro]
1295 2436 1354 2468 Me
1371 2433 1670 2467 OvidioAmorum

264 2489 303 2516 14
328 2486 458 2527 Fulcra]
485 2487 650 2519 Baculum
661 2498 703 2519 ex
717 2487 920 2528 acereligno
974 2488 1124 2519 doctore.

221 2534 364 2566 factum.
1016 2540 1055 2568 24
1092 2536 1258 2575 Docuisse]
1303 2534 1504 2574 Cupidinem
1539 2533 1671 2566 Amoris

266 2586 304 2614 15
331 2582 475 2623 Crinale]
503 2584 665 2625 Fasciam,
682 2596 748 2626 qua
763 2586 919 2618 cobibeu-
973 2586 1171 2626 magistrum
1186 2584 1306 2615 habuit
1322 2584 1427 2623 Naso,
1445 2584 1583 2615 scilicet.

222 2638 278 2665 tur
294 2632 468 2671 crines‚ne
486 2633 520 2663 in
536 2643 572 2664 os
587 2634 749 2668 defluant.
1017 2640 1055 2667 25
1082 2635 1170 2675 Huc]
1194 2635 1234 2665 In
1251 2635 1422 2674 Scythiam
1440 2635 1494 2665 ubi
1511 2637 1618 2668 exulo.

267 2685 307 2714 16
331 2680 430 2720 Ante]
460 2681 536 2713 Quo
564 2688 716 2725 tempore
744 2685 920 2718 Amatoria
1016 2689 1058 2718 26
1079 2686 1244 2726 Astu-ictis]
1277 2685 1365 2716 Gelu
1383 2687 1579 2727 compactis.

224 2733 354 2767 Nasoni
367 2731 541 2765 suadebat.
