1877 3193
222 156 339 200 2:346
710 167 752 198 P.
785 165 944 196 ovrnn
978 161 1191 195 NAsoms

226 263 310 311 Ille
330 275 496 304 memor
515 261 658 315 magni
679 260 866 314 generis,
886 260 1046 299 virtute
1069 257 1189 311 quod
1210 259 1350 310 auget,

283 329 489 370 Protinus
511 331 732 370 innumero
751 327 888 367 milite
909 328 1079 367 cinctus
1100 324 1239 366 adest.

227 395 326 439 Nec
347 399 467 451 prius
486 397 716 444 abscessit,
734 395 886 435 merita
909 408 1043 448 quam
1067 393 1192 434 caede
1213 394 1450 433 nocentum

283 464 340 505 Se
362 465 486 505 nimis
508 465 727 504 ulciscens
748 462 896 502 extitit
916 463 1014 515 ipse
1036 474 1219 502 nocens.
1625 458 1680 500 20

224 531 287 573 At
307 532 405 581 tibi,
435 532 532 572 Rex
556 544 670 579 aevo,
693 531 831 579 detur,
854 531 1093 570 fortissime
1116 534 1283 578 nostro,

284 598 463 652 Semper
484 599 695 638 honorata
718 603 894 650 sceptra
916 606 1060 637 tenere
1081 609 1231 636 manu.

224 666 391 720 Teque,
414 666 531 719 quod
554 671 594 705 et
614 670 808 717 praestat,
829 665 956 718 (quid
977 666 1088 704 enim
1111 665 1187 704 tibi
1211 662 1381 717 plenius
1401 664 1551 716 optem
1567 658 1611 715 7)

285 733 452 773 Martia
473 745 572 772 eum
594 743 751 782 magno
775 729 955 770 Caesare
976 730 1122 771 Roma
1140 731 1313 784 probet.

226 800 313 841 Sed
332 813 493 840 memor
513 798 625 838 unde
642 798 745 846 abii,
769 809 942 850 queror,
967 809 993 836 o
1009 796 1205 849 jucunde
1227 798 1410 848 sodalis,
1628 797 1684 838 95

285 867 516 908 Accedant
537 867 700 905 nostris
721 877 846 905 saeva
867 864 985 918 quod
1007 877 1128 905 arma
1147 864 1293 906 malis.

227 933 291 975 Ut
311 946 437 974 careo
459 932 604 980 vobis,
625 931 799 986 Stygias
822 931 1025 972 detrusus
1044 932 1091 972 in
1111 944 1226 982 orem,

284 1000 482 1052 Quatuor
504 1003 737 1040 autumnos
758 999 907 1040 Pleias
930 1004 1026 1041 orta
1041 999 1164 1041 facit.

223 1120 362 1160 generis,
377 1121 454 1158 quod
470 1119 637 1160 amplificat
656 1119 793 1157 Virtute,
814 1119 956 1150 continuo
978 1120 1114 1151 accurrit
1127 1119 1263 1160 stipatus
1278 1119 1456 1158 ingentibus
1468 1118 1575 1160 copiis.
1622 1119 1687 1149 Ne-

226 1174 284 1203 que
295 1164 385 1202 prius
399 1162 535 1199 recessit,
558 1172 648 1201 quum
672 1163 735 1201 ipse
754 1162 823 1200 fuit
850 1172 959 1193 nocens
984 1163 1130 1194 ulciscens
1151 1172 1184 1193 se
1208 1173 1301 1203 supra
1325 1163 1445 1193 modum
1471 1163 1551 1192 coede
1574 1162 1688 1193 merita

225 1206 398 1236 noxiorum.
444 1204 501 1240 At,
517 1214 533 1233 ο
552 1204 621 1234 Rex
637 1204 848 1234 strenuissime
862 1209 967 1235 nostro
981 1210 1127 1245 tempore,
1141 1207 1231 1236 detur
1246 1205 1304 1235 tibi
1321 1208 1456 1235 tractare
1471 1214 1588 1245 semper
1602 1213 1687 1244 seep-

226 1251 277 1277 tra
293 1257 383 1277 manu
400 1247 561 1282 honorata,
585 1249 615 1275 et
642 1247 740 1276 Roma
757 1247 877 1276 Martia
901 1258 969 1278 cum
992 1248 1113 1286 ingenti
1141 1248 1264 1278 Caesare
1290 1248 1348 1278 tibi
1363 1247 1487 1285 faveat,
1513 1245 1686 1288 quodfacit

225 1290 331 1327 etiam,
356 1288 451 1328 (quid
467 1289 547 1319 euim
563 1288 621 1318 tibi
637 1298 760 1318 vot-eam
775 1289 907 1328 amplius
917 1288 956 1328 ?)
1005 1290 1117 1319 Verum
1132 1299 1193 1320 non
1208 1290 1320 1320 oblitus
1343 1291 1421 1320 unde
1436 1292 1595 1329 digressus
1609 1299 1688 1327 sum,

226 1341 349 1372 queror,
365 1342 381 1361 o
395 1335 487 1369 grate
512 1332 620 1369 amice,
643 1332 721 1371 quod
736 1332 872 1361 crudelia
894 1341 981 1362 arma
1004 1331 1195 1368 adjiciantur
1219 1332 1335 1361 nostris
1355 1332 1452 1362 malis.
1499 1332 1604 1361 Pleias
1617 1334 1687 1361 orla

218 1374 303 1412 facit
319 1378 450 1415 quatuor
466 1374 652 1413 Aulumuos,
676 1383 715 1404 ex
728 1383 784 1414 quo
800 1383 859 1405 non
868 1374 963 1412 fruor
980 1373 1066 1404 vobis
1078 1374 1184 1414 pulsus
1199 1375 1232 1403 z'n
1253 1383 1323 1403 oras
1340 1373 1482 1413 Stygias.
1528 1373 1635 1413 Neque
1652 1376 1687 1403 tu

840 1445 1075 1457 ›eeooeeaeoeee

228 1489 430 1531 quibusdam
445 1490 538 1520 Hanc
553 1492 628 1519 trux
643 1490 808 1519 Gan—17
837 1488 917 1519 Gen.
935 1498 1040 1527 magn.
1063 1489 1095 1518 in
1111 1489 1290 1520 nonnullis,
1335 1489 1507 1520 Twisden.
1520 1499 1610 1520 mem.
1632 1500 1688 1529 ge·

226 1533 321 1570 πενίε,
346 1542 458 1571 magna
474 1533 637 1562 virt-20
662 1531 730 1561 Alii
746 1531 798 1561 ille
814 1540 876 1571 pro
890 1531 976 1569 ipse.-
1001 1530 1098 1560 Leid.
1113 1531 1282 1561 inde.—23
1310 1530 1408 1570 Teque
1422 1533 1498 1570 quod
1514 1536 1544 1562 et
1558 1542 1615 1572 par
1631 1537 1688 1572 est,

228 1575 366 1606 volebat
385 1575 461 1605 olim
483 1575 665 1604 Heinsius:
692 1583 755 1613 ego
779 1573 907 1612 malim,
929 1573 971 1602 Te
992 1582 1120 1612 quoque,
1142 1573 1221 1612 quod
1235 1576 1352 1603 restat:
1377 1573 1461 1604 Cum
1477 1582 1538 1604 nos
1556 1575 1590 1604 in
1605 1575 1687 1614 Scy-

228 1617 299 1648 thia
316 1619 498 1658 probemus
523 1622 556 1647 te
588 1621 623 1647 et
651 1617 813 1653 colamus,
837 1620 958 1653 restat,
983 1620 1019 1645 ut
1041 1616 1147 1645 Roma
1162 1624 1238 1646 cum
1257 1615 1392 1646 Caesare
1411 1620 1445 1646 te
1462 1615 1595 1655 probet.
1642 1617 1686 1648 Te

227 1669 343 1700 quoque
359 1667 411 1691 est
428 1660 461 1690 in
477 1664 607 1699 septem
624 1659 731 1689 libris.
756 1658 952 1689 Burm.—27
978 1656 1112 1698 Stygias
1128 1657 1246 1688 Heius.
1265 1657 1438 1698 rescripsit
1464 1667 1507 1688 ex
1533 1659 1584 1689 Sa.
1611 1658 1686 1690 Pol.

228 1701 311 1742 Arg.
331 1702 449 1733 Comb.
465 1707 503 1733 et
522 1702 630 1733 tribus
649 1701 723 1732 aliis
750 1710 811 1741 pro
837 1701 926 1740 vulg.
951 1699 1126 1741 Scythicus.
1173 1700 1257 1731 Mox
1284 1710 1370 1731 unus
1396 1699 1484 1731 liber
1507 1701 1622 1732 deeras.
1647 1702 1687 1732 ud

892 1791 1030 1822 NOTAE

229 1855 377 1896 Odrysa,
389 1856 543 1887 'rhu-aciae
560 1856 656 1895 urbe,
672 1855 832 1887 oriundis.

270 1905 394 1945 Marte]
423 1905 551 1936 Praelio
568 1905 802 1946 inexpectato.

271 1958 312 1987 17
341 1955 481 1996 Virtute]
512 1956 650 1988 Scilicet
679 1957 796 1998 generi
826 1956 930 1987 virtus

228 2005 444 2046 splendorem
463 2006 571 2047 addit,
596 2017 662 2048 qua
688 2008 758 2038 sola
775 2016 856 2038 vera
875 2016 931 2048 pa-

228 2059 323 2087 ratur
340 2056 514 2087 nobilitas.

271 2107 313 2135 20
338 2105 474 2145 Nocens]
504 2107 583 2137 Non
607 2107 765 2148 equidem
794 2118 858 2148 ego
875 2118 931 2139 no-

229 2158 362 2184 centem
374 2153 505 2190 dixem,
516 2156 571 2195 qui
580 2162 769 2194 grassantes
779 2159 931 2189 latrones

228 2202 271 2233 ad
289 2212 390 2231 unum
407 2204 592 2234 sustulerit.

272 2253 311 2282 21
337 2251 382 2282 At
411 2251 484 2290 tibi]
523 2252 720 2284 Sermonem
745 2254 785 2284 ad
815 2264 930 2294 regem

229 2300 342 2339 istum,
359 2311 426 2342 uoq
448 2302 562 2341 inepta
588 2302 629 2333 ad
651 2313 789 2344 scopum
811 2303 932 2343 figura,

229 2354 349 2381 cautus
371 2352 459 2380 maso
473 2352 654 2382 convertit.

271 2402 312 2431 24
332 2400 468 2439 Martia]
490 2401 564 2431 Non
576 2401 675 2433 modo
690 2402 767 2442 quia
782 2403 930 2433 Martem

230 2450 363 2491 generis
386 2452 435 2480 sui
461 2456 632 2481 auctorem
651 2457 791 2492 propter
811 2454 931 2483 Romu-

230 2501 299 2531 lum
317 2501 490 2541 jactalmt,
513 2500 571 2532 sed
590 2511 706 2532 revera
725 2502 803 2533 belli
826 2503 930 2533 studi-

231 2550 384 2581 osissima
400 2556 485 2581 erat.

274 2602 313 2629 25
344 2600 446 2640 Unde]
477 2599 507 2631 A
534 2601 761 2641 querimoniis,
787 2602 932 2642 scilicet,

233 2649 276 2680 ad
292 2650 379 2681 illius
394 2653 481 2693 regis
492 2653 606 2685 laudes
618 2654 675 2696 qui
687 2664 826 2696 regnum
837 2665 931 2687 suum

232 2698 370 2732 sortiter
385 2703 541 2736 asseruit.

1028 1858 1070 1886 26
1092 1855 1206 1895 Arma]
1235 1855 1320 1888 Quae
1338 1854 1488 1886 inferunt
1499 1855 1600 1887 Getae
1615 1854 1687 1887 fini-

987 1905 1072 1937 timi.

1026 1959 1068 1987 27
1092 1956 1240 1997 Stygias]
1269 1955 1417 1987 Perinde
1430 1956 1521 1986 Naso
1532 1956 1573 1987 de
1585 1955 1687 1987 exilio

984 2016 1043 2038 suo
1070 2007 1232 2048 loquitur,
1248 2017 1287 2037 ac
1305 2006 1331 2037 si
1359 2006 1401 2037 ad
1423 2005 1557 2037 Inferos
1573 2006 1688 2038 detur-

985 2058 1083 2089 batus
1113 2063 1214 2090 esset.
1270 2058 1389 2089 Sciunt
1415 2058 1543 2098 quippe
1574 2066 1689 2090 omnes

985 2110 1124 2148 Stygem
1137 2107 1329 2140 Inferorum
1347 2108 1502 2147 paludem
1516 2117 1601 2139 esse.

1027 2162 1068 2189 28
1092 2159 1279 2198 Aulumuos]
1309 2159 1379 2188 Pro
1395 2158 1488 2188 anuis
1505 2158 1630 2198 posuit.

1029 2209 1148 2248 Pleias]
1174 2210 1229 2239 De
1246 2219 1285 2239 eo
1301 2209 1410 2238 sidere
1423 2209 1511 2248 quod
1529 2208 1686 2239 feceruut

984 2256 1135 2286 Atlantis
1153 2256 1308 2296 filiaejam
1324 2266 1415 2296 s‘aepe
1432 2257 1574 2288 dictum.
1607 2257 1685 2289 Ori-

984 2311 1208 2337 untur-autem
1220 2309 1252 2336 4.
1283 2306 1395 2336 Nonas
1409 2306 1544 2346 Apriles
1560 2307 1685 2339 ovidio

986 2355 1145 2393 coslun-e,
1161 2360 1196 2385 ut
1213 2355 1286 2394 ipse
1303 2355 1405 2386 docet
1423 2357 1454 2386 in
1471 2357 1593 2388 Fastis.
1615 2358 1684 2389 Sed

985 2405 1040 2434 hic
1062 2404 1105 2434 de
1123 2403 1313 2444 Acronym,
1328 2415 1425 2445 quem
1444 2413 1578 2446 vocant,
1595 2417 1686 2438 com-

985 2454 1117 2484 modius
1141 2455 1324 2494 inu-lliqu
1340 2465 1404 2495 quo
1423 2458 1555 2496 vesperi
1583 2467 1685 2497 supra

987 2508 1110 2534 terram
1124 2503 1288 2535 feruutur.
1335 2506 1374 2535 Id
1387 2507 1473 2536 ouini
1488 2506 1527 2537 fit
1541 2507 1685 2539 Autum-

986 2564 1040 2591 no,
1057 2563 1121 2594 quo
1148 2559 1301 2594 tempore
1327 2558 1439 2595 pulsus
1468 2557 1568 2588 Naso.
1615 2558 1684 2590 Per

986 2609 1079 2634 ortus
1111 2615 1189 2635 vero
1217 2612 1318 2646 atque
1346 2617 1488 2638 occasus
1514 2613 1683 2640 astrorum

986 2659 1140 2694 tempora
1181 2656 1338 2687 arstimari
1375 2662 1478 2698 atque
1517 2658 1684 2690 numerari

985 2705 1067 2737 nihil
1083 2710 1136 2738 est
1151 2716 1235 2747 opus
1250 2712 1287 2738 ut
1303 2707 1553 2741 admoneamus.
