1877 3193
621 170 863 202 'rius'rmM
897 169 993 201 ΜΒ.
1025 168 1092 202 1v.
1117 160 1160 201 2.

1507 160 1621 204 2389

167 262 454 316 Invenietque
474 262 607 312 viam,
629 276 719 316 qua
740 276 894 304 currus
916 267 1085 318 spectet
1106 265 1314 306 eburnos.

223 331 297 372 Sic
321 335 437 371 certe
458 331 500 370 in
518 331 660 383 patria
680 345 761 384 per
776 333 907 372 breve
927 337 1102 386 tempus
1126 345 1216 373 ero.

167 398 288 439 Vera
307 403 451 440 tamen
473 398 665 450 populus
687 400 831 451 capiet
852 400 1110 452 spectacula
1129 399 1235 440 felix
1256 414 1266 440 ε

1565 399 1620 439 65

225 465 438 518 Laetaque
458 465 536 505 erit
556 478 755 517 praesens
778 478 877 506 cum
907 465 1026 506 Duce
1046 467 1177 506 turba
1198 478 1297 507 suo.

167 534 229 575 At
245 534 351 574 mihi
371 533 544 584 fingenti
563 537 742 582 tantum,
764 533 977 585 longeque
997 536 1180 583 remoto,

222 599 412 641 Auribus
431 600 500 640 hic
521 600 684 640 fructus
704 599 1012 653 percipiendus
1032 599 1125 641 erit.

167 667 311 720 Atque
331 666 485 719 procul
506 667 632 707 Latio
652 667 873 708 diversum
892 667 1059 707 missus
1077 667 1123 708 in
1144 668 1293 708 orbem

224 733 312 784 Qui
332 739 478 775 narret
497 734 678 787 cupido,
700 734 779 775 vix
800 735 896 784 erit,
918 735 1006 775 ista
1026 734 1146 774 mihi.

165 802 213 843 Is
233 815 408 856 quoque
424 802 518 855 jam
539 815 683 842 serum
703 802 854 842 referet
873 805 1149 854 veteremque
1169 801 1447 856 triumphum.

222 869 324 920 Quo
344 874 490 910 tamen
510 869 689 910 audiero
710 874 920 922 tempore,
940 869 1068 910 laetus
1090 882 1178 910 ero.

167 937 248 979 Illa
267 937 361 978 dies
380 937 542 986 veniet,
566 950 667 977 mea
686 950 777 990 qua
792 937 994 989 lugubria
1014 949 1174 990 ponam
1193 950 1205 989 ;

225 1003 459 1058 Causaque
482 1004 659 1057 privata
680 1003 862 1057 publica
880 1004 1022 1057 major
1041 1003 1133 1044 erit.

168 1147 332 1188 2·iam‚qua
347 1149 449 1179 videat
464 1157 573 1179 currus
587 1148 726 1180 eburnos.
773 1149 825 1178 Ita
855 1151 936 1179 certe
960 1158 1010 1178 ero
1038 1149 1069 1177 in
1096 1147 1201 1186 patria
1228 1157 1284 1187 per
1306 1147 1455 1186 exiguum
1480 1146 1625 1187 spatium.

170 1190 287 1220 Beatus
304 1200 371 1221 rer-0
384 1192 513 1230 populus
519 1190 650 1227 fruetur
664 1192 746 1221 veris
760 1190 961 1229 spectaculis:
983 1192 1013 1219 et
1039 1199 1148 1227 agmen
1170 1190 1464 1228 proesensfeslz'vum
1481 1191 1542 1220 erit
1556 1199 1626 1219 cum

167 1233 240 1263 duce
253 1242 317 1263 suo.
363 1234 407 1263 At
422 1243 457 1263 ca
471 1234 608 1272 voluptas
624 1233 683 1263 erit
697 1233 841 1263 sumenda
857 1231 983 1261 auribus
998 1234 1119 1261 tantum
1135 1231 1212 1261 mihi
1228 1231 1416 1270 imaginanti
1431 1235 1520 1271 utque
1535 1232 1625 1270 longe

165 1275 286 1305 dissito.
337 1275 456 1313 Vixque
482 1275 543 1304 erit
569 1275 632 1314 qui,
658 1274 768 1304 missus
788 1274 823 1303 in
838 1277 985 1304 remotam
999 1273 1155 1312 regionem
1172 1275 1260 1312 longe
1275 1285 1294 1304 α
1312 1274 1416 1313 Latio,
1431 1273 1550 1311 referat
1563 1275 1627 1304 ista

167 1317 241 1347 milii
255 1317 355 1346 arido.
401 1317 460 1346 Ille
483 1317 607 1356 insuper
633 1316 773 1346 narrabit
799 1316 991 1355 triumphum
1012 1325 1126 1355 serum,
1142 1316 1249 1354 etjam
1263 1320 1408 1347 veterem.
1452 1317 1558 1347 Loetus
1573 1325 1626 1347 ero

165 1362 264 1388 tamen
279 1368 334 1398 quo
351 1362 485 1398 tempore
500 1368 653 1398 accepero.
699 1359 760 1389 Illa
786 1359 851 1389 dies
871 1358 986 1395 aderit,
1009 1368 1069 1399 qua
1091 1358 1232 1390 omittam
1249 1369 1317 1390 mea
1331 1359 1440 1390 tristia
1452 1370 1464 1397 ,·
1487 1362 1519 1389 et
1534 1367 1627 1389 causa

165 1401 329 1431 communis
344 1401 404 1431 erit
416 1401 521 1441 potior
533 1401 670 1441 privata.

782 1463 800 1473 o

996 1463 1014 1473 o

165 1509 204 1538 63
230 1507 321 1538 Olim
337 1507 517 1547 legebatur
535 1508 733 1547 Invenietque
747 1508 868 1538 animus
884 1517 942 1547 qua
958 1517 1038 1539 eurr.
1067 1508 1076 1524 ‘
1097 1508 1276 1548 lnvenitque
1293 1508 1485 1548 Hamburg.
1502 1511 1539 1538 et
1555 1512 1624 1539 tres

167 1549 223 1581 alii
249 1560 326 1581 cum
352 1550 603 1580 Arundeliano:
631 1550 830 1588 Intenintque
858 1550 1046 1581 Richelian.
1082 1550 1276 1589 lnveniesqne
1293 1551 1396 1581 alius:
1424 1550 1625 1589 Inveniesque

166 1602 266 1623 urcem
282 1593 531 1632 Rottendorpli.
577 1592 673 1629 Tres,
700 1591 900 1630 Inveniesque
921 1592 1026 1627 tiam;
1051 1596 1088 1622 ut
1110 1593 1198 1631 apud
1214 1593 1336 1631 Virgil.
1358 1596 1366 1610 ⁴
1385 1592 1520 1631 Inveni,
1538 1592 1626 1623 Ger-

167 1643 279 1673 mana,
295 1634 405 1664 viam.'
429 1635 495 1665 Sed
515 1634 591 1674 quia
606 1634 643 1663 τὸ
658 1634 709 1664 via
727 1634 827 1673 paulo
840 1638 920 1664 ante
936 1634 1127 1674 praecessit,
1140 1634 1262 1672 scribe,
1281 1635 1480 1674 Invenietque
1495 1634 1625 1665 aditum.

169 1676 278 1716 Supra
295 1677 409 1713 etiam,
432 1678 572 1714 deducet,
597 1682 631 1707 ct
647 1677 737 1707 sinet.
761 1676 880 1706 Heius.
913 1677 1109 1717 Invenietque
1135 1677 1258 1707 animus
1283 1687 1391 1708 currus
1413 1687 1486 1717 quos
1509 1679 1626 1716 spectet

169 1718 318 1749 Be.-64
343 1719 403 1748 Be.
422 1720 453 1749 in
475 1720 708 1759 patrium—65
734 1719 803 1749 Pro
818 1718 906 1755 felix
922 1719 1012 1749 Mor.
1029 1720 1133 1750 habet
1156 1730 1311 1759 proesens;
1335 1725 1371 1751 et
1386 1729 1457 1760 seq.
1475 1729 1522 1750 vs.
1539 1718 1625 1757 felix

168 1769 230 1801 pro
245 1764 473 1800 praesens.—67
500 1761 595 1792 Leid.
617 1761 691 1792 mih.
707 1762 850 1800 surgenti
865 1764 1034 1793 taut.—68
1058 1762 1295 1801 Percipiendus‚
1319 1762 1410 1803 quod
1428 1762 1527 1793 estin
1544 1770 1625 1792 non-

169 1803 283 1841 nullis,
306 1803 498 1842 Naugerius
525 1809 655 1835 rectum
686 1808 805 1844 putat3
829 1804 920 1844 vulg.
942 1804 1187 1845 praecipiendus:
1224 1805 1318 1836 Leid.
1339 1805 1626 1845 perspiciendus·—

168 1847 210 1875 69
238 1845 339 1885 thue
365 1850 511 1885 quatuor
534 1847 676 1886 scripti3
703 1847 820 1877 Heius.
845 1847 936 1887 conj.
960 1847 1141 1887 Aque.—7l
1168 1847 1332 1888 Excerpt.
1350 1848 1445 1879 Voss.
1471 1847 1546 1878 Tam
1562 1855 1625 1887 pro

160 1888 327 1926 jam—73
352 1888 421 1919 Pro
438 1889 538 1919 veniet
555 1888 671 1919 Heius.
687 1889 902 1919 scribendum
921 1893 1020 1929 putat
1035 1891 1151 1929 veniat,
1167 1895 1206 1921 ut
1222 1890 1266 1920 sit
1282 1890 1443 1930 optantis.

828 1971 968 2003 NOTAE

170 2045 373 2086 Quanquam
411 2046 557 2076 maxima
594 2050 645 2077 est
678 2044 871 2076 differentia

169 2096 257 2126 inter
270 2095 406 2126 modum
424 2106 489 2136 quo
511 2106 604 2127 mens
620 2096 794 2137 quidpiam
817 2106 872 2127 co-

925 2044 1014 2075 modi
1036 2044 1141 2076 oculis
1157 2047 1301 2084 usurpat
1323 2043 1530 2084 spectacula.
1576 2043 1626 2073 Ea

925 2096 1012 2126 enim
1027 2095 1178 2126 rudiores
1194 2095 1354 2126 videntur
1368 2095 1484 2133 larvae,
1504 2092 1626 2134 quibus

169 2145 256 2186 gitat
271 2150 374 2185 atque
390 2155 465 2176 eum
483 2155 549 2186 quo
565 2146 699 2177 fruitur.

212 2198 254 2226 60
271 2195 372 2235 Fuga]
388 2196 457 2226 Pro
471 2196 544 2236 ipsa
556 2197 678 2227 mentis
692 2195 869 2227 celeritate

170 2250 228 2277 aut
244 2251 349 2276 motu.

211 2299 251 2327 63
278 2296 434 2336 Eburnos]
471 2296 624 2336 Propter
639 2296 757 2326 sellam
774 2305 872 2327 curu-

170 2347 237 2379 lem
249 2347 445 2383 eburneam,
462 2346 604 2377 scilicet.

212 2399 253 2428 64
276 2397 347 2437 Sic]
379 2389 582 2436 Co'gitando,
608 2400 711 2437 atque
739 2396 871 2436 singula

172 2447 356 2477 evolvendo
381 2456 456 2486 quae
483 2446 599 2477 Romae
625 2456 687 2486 per
710 2446 871 2487 triumphi

174 2500 306 2535 tempus
322 2502 478 2534 aguntur.

216 2547 256 2573 65
285 2545 377 2585 Vera]
393 2546 480 2577 Quia
492 2556 557 2577 non
573 2546 668 2576 vanis
685 2545 870 2577 simulacris

177 2602 302 2630 rerum,
328 2595 426 2625 sicuti
454 2596 571 2634 Poeta,
588 2596 647 2626 scd
673 2596 773 2627 rebus
789 2596 870 2636 ipsis

175 2642 381 2685 perfruetur.
440 2646 638 2687 Quanquam
676 2647 764 2677 haud
802 2647 871 2678 scio

176 2702 287 2724 aunon
312 2692 430 2733 majori
453 2695 627 2734 voluptate
646 2697 793 2736 gaudeat
814 2696 871 2737 qui

176 2743 264 2776 bene
279 2742 428 2783 cogitare
439 2742 569 2785 didicit,
580 2754 678 2785 quam
691 2747 747 2788 qui
761 2747 872 2788 hujus-

924 2146 1060 2176 minime
1079 2149 1234 2177 movetur
1249 2145 1304 2186 qui
1320 2144 1483 2176 interiora
1495 2147 1625 2175 scruta-

926 2200 991 2226 tur.

967 2248 1008 2275 68
1031 2244 1184 2285 Auribus]
1212 2244 1316 2275 Fama
1332 2242 1532 2284 accipiendo
1547 2252 1623 2285 quae

926 2296 1040 2327 Romae
1059 2299 1134 2325 acta
1150 2294 1289 2326 fuerint.

967 2348 1009 2376 72
1046 2344 1168 2384 Loetus]
1211 2344 1366 2376 Conficta
1400 2344 1473 2376 haec
1502 2344 1626 2382 omnia,

925 2394 1058 2426 Tiberio
1074 2395 1129 2425 vel
1145 2395 1250 2435 magis
1262 2394 1418 2435 Augusto
1429 2392 1625 2425 assentandi

925 2445 1047 2485 gratia.

967 2498 1006 2526 73
1032 2495 1126 2536 Dies]
1169 2495 1247 2527 Qua
1272 2493 1314 2524 de
1343 2492 1514 2532 triumpho
1543 2490 1624 2521 mihi

924 2544 1103 2576 referetur.

968 2598 1009 2626 74
1027 2593 1148 2633 Major]
1169 2593 1218 2624 Ut
1234 2593 1276 2624 de
1295 2592 1431 2633 publico
1447 2591 1624 2624 commodo

927 2646 1104 2687 gaudeam,
1128 2644 1263 2675 tametsi
1289 2643 1395 2684 magis
1420 2643 1463 2675 ob
1490 2643 1623 2684 privata

926 2697 1014 2729 mala
1028 2694 1212 2737 lugendum
1229 2693 1331 2726 foret.
