1863 3193
207 193 323 236 2:346
692 205 733 236 P.
765 204 925 235 ovmn
958 203 1172 235 NASOle

211 288 279 331 En
298 301 394 341 ege,
417 301 516 330 cum
538 289 681 343 patria
702 301 886 337 caream,
912 289 1138 341 vobisque,
1160 288 1406 342 domoque3
1605 290 1662 331 45

265 354 503 409 Raptaque
526 357 625 404 51111,
649 357 783 396 adimi
804 369 903 408 quae
926 362 1120 408 potuere,
1142 356 1269 408 mihi;

211 421 393 475 Ingenio
412 428 555 463 tamen
578 424 670 476 ipse
692 436 788 463 meo
809 423 1081 476 comitorque
1104 422 1329 476 fruorque:

269 489 422 530 Caesar
438 491 478 529 in
502 491 583 530 hoc
606 492 745 542 potuit
761 491 871 543 juris
890 491 1048 530 habere
1070 491 1190 531 1111111.

213 556 411 607 Quilibet
427 558 536 597 hanc
559 571 680 597 saevo
703 558 837 597 vitam
861 558 960 597 mihi
986 559 1104 597 liniat
1126 570 1250 609 ense;

269 623 346 664 Me
366 629 507 664 tamen
530 626 727 664 extincto
749 625 864 665 fama
885 632 1103 678 superstes
1124 627 1220 666 erit.
1607 622 1665 662 50

212 690 421 744 Dumque
445 693 535 731 suis
556 692 713 730 victrix
733 704 900 731 0111116111
923 693 976 731 (16
993 694 1211 732 montibus
1233 692 1381 732 orbem

268 758 516 810 Prospiciet
537 758 752 797 domitum
774 756 942 796 Martia
964 757 1121 807 Roma,
1137 759 1272 810 legar.

213 825 285 866 Tu
305 838 498 877 quoquc,
526 838 659 877 quam
682 823 817 864 studii
838 828 1015 863 mancat
1036 823 1204 864 felicior
1224 837 1346 873 usus,

269 890 424 943 Effuge
446 897 662 940 venturos,
684 904 771 944 qua
792 895 934 944 potes,
954 904 1096 942 usque
1118 903 1263 942 rogOS.

211 1001 326 1032 mentis
339 1004 368 1031 et
384 1001 515 1039 ingenii.
563 1002 655 1038 Ecce,
671 1011 738 1031 cum
753 1010 809 1039 ego
823 1000 883 1030 sim
908 1000 1050 1039 privatus
1069 1000 1188 1039 patria,
1214 999 1366 1039 vobisque,
1380 1000 1537 1039 domoque,
1552 1001 1583 1028 et
1598 1009 1665 1040 quae

208 1047 381 1084 potueruut
397 1044 472 1073 mihi
489 1044 556 1074 tolli
577 1047 647 1073 sunt
663 1043 807 1077 sumnum
830 1053 884 1081 ego
902 1046 1005 1073 lamen
1020 1052 1086 1073 sum
1109 1043 1244 1082 stipatus
1267 1052 1332 1072 meo
1347 1042 1482 1080 ingenio,
1502 1044 1533 1072 et
1547 1042 1666 1080 fruor.-

215 1086 322 1116 Coesar
337 1085 416 1116 nihil
438 1086 539 1125 potuit
556 1085 665 1116 habere
679 1086 841 1125 potestatis
856 1086 887 1115 in
903 1085 989 1117 illud.
1035 1084 1148 1119 Quivis
1168 1085 1243 1115 mihi
1265 1084 1383 1114 adimat
1398 1084 1475 1114 hanc
1489 1084 1586 1115 vitam
1593 1083 1668 1121 fero

210 1128 329 1168 gladio,
345 1127 435 1165 fama
451 1132 552 1158 tamen
567 1129 628 1158 erit
643 1129 758 1167 reliqua
773 1138 819 1158 me
835 1127 964 1158 sublato.
1013 1128 1056 1158 Et
1084 1129 1170 1165 legar
1191 1127 1337 1167 quamdiu
1354 1127 1453 1156 Roma
1470 1126 1594 1157 IlIartia
1605 1127 1669 1157 vic-

213 1171 281 1200 trix
295 1170 458 1210 prospiciet
472 1171 646 1201 universum
662 1171 806 1200 mundum
821 1170 935 1199 rictum
949 1179 989 1199 em
999 1170 1064 1200 suis
1077 1170 1211 1201 collibus.
1258 1171 1304 1200 Tu
1320 1169 1426 1205 etiam,
1438 1178 1530 1209 quam
1538 1168 1667 1207 fructus

213 1212 316 1242 loetz'or
329 1213 428 1242 studii
443 1216 576 1252 maneat,
590 1214 668 1251 vita,
684 1216 830 1252 quantum
844 1214 940 1250 potes,
945 1211 1094 1250 flmnmas
1100 1211 1240 1249 futuras.
1297 1226 1302 1227 ⁷

821 1293 955 1305 “““““

960 1293 1056 1305 eeeee

215 1347 356 1387 Sing.⁷1e
371 1348 430 1386 ref.
455 1349 538 1379 Mox
555 1348 639 1378 Lov.
656 1348 701 1378 nil
723 1348 991 1378 immortale—49
1017 1347 1155 1382 Quilibet
1180 1348 1332 1387 reposuit
1358 1347 1481 1379 Heins.
1507 1358 1550 1379 ex
1565 1358 1669 1380 mem-

214 1389 329 1421 branis
347 1391 517 1431 plerisque
533 1395 567 1422 et
597 1394 680 1420 vett.
699 1389 787 1420 Edd.
815 1391 904 1429 vulg.
931 1390 996 1424 Qui
1012 1391 1180 1420 licea—50
1204 1390 1320 1420 Comb.
1338 1390 1424 1420 Dum
1448 1393 1564 1430 septem
1578 1391 1668 1422 υἱοῖν.

214 1441 293 1463 omn.
316 1433 364 1463 de.
387 1433 428 1463 V.
447 1433 551 1463 etiam
568 1443 643 1463 cum
661 1432 736 1462 Pol.
761 1432 836 1462 Pal.
853 1437 888 1462 et
904 1431 1103 1472 quibusdam
1129 1432 1202 1463 aliis
1225 1442 1365 1469 omnem;
1389 1432 1480 1473 vulg.
1497 1432 1587 1463 enim
1602 1442 1668 1473 sep-

212 1476 294 1504 tem:
317 1475 384 1505 duo
399 1478 592 1507 totum—54
615 1474 706 1505 Octo
723 1478 805 1505 vett.
822 1484 911 1514 quam
927 1483 987 1514 pro
1003 1484 1074 1514 qua.

867 1567 1008 1600 NOTAE

257 1654 298 1683 47
324 1652 477 1692 Comiter]
502 1652 651 1684 Passive.
689 1654 808 1685 Comes
833 1662 914 1684 vero

216 1701 359 1741 quisque
374 1701 424 1731 sui
437 1702 582 1742 optimus
596 1702 915 1743 etjucundissimus‚

217 1749 274 1789 qui
291 1749 361 1779 sine
378 1750 577 1790 cujusquam
594 1760 658 1790 ope
676 1761 804 1792 suoque
821 1752 914 1792 inge-

217 1798 275 1829 nio
292 1798 355 1829 sibi
373 1799 583 1839 voluptatem
599 1800 775 1832 honestam
792 1801 915 1832 omnia-

218 1858 284 1889 que
310 1847 399 1879 bona
426 1852 588 1888 praestare
613 1859 689 1880 cum
718 1850 807 1882 bono
837 1852 914 1882 Deo

217 1897 347 1929 didicit.
390 1897 480 1928 Illud
503 1908 605 1929 unum
629 1908 774 1940 namque
801 1909 914 1931 sumus

217 1946 308 1988 quod
330 1947 419 1987 apud
446 1957 507 1979 nos
531 1948 746 1990 Cogitamus:
770 1959 916 1991 cumque

217 2007 278 2028 nos
313 2007 459 2028 amemus
484 1998 644 2038 maxime,
684 1998 816 2031 beatior
844 1999 916 2040 quis

216 2055 292 2078 esse
319 2047 423 2086 possit
439 2057 538 2088 quam
556 2049 613 2089 qui
636 2049 710 2089 ipse
735 2050 860 2082 idonea
880 2054 916 2082 et

219 2094 323 2127 Amat
338 2099 374 2126 61
399 2096 548 2136 Cogitat,
577 2101 613 2128 et
637 2098 712 2128 Scit
732 2103 767 2129 et
792 2099 917 2130 Potest

219 2144 344 2176 Amare
370 2148 406 2176 et
429 2145 609 2184 Cogitate?
644 2147 805 2177 Ceterum
840 2147 915 2178 haze

218 2194 334 2224 omnia
348 2192 464 2232 verba,
480 2198 515 2223 et
528 2193 562 2224 id
578 2198 719 2225 tantum.
747 2195 815 2225 Vix
831 2203 916 2225 unus

218 2244 255 2272 et
270 2241 356 2271 alter
369 2249 442 2271 sese
458 2242 611 2273 inlutum
627 2242 753 2282 passim
767 2242 916 2283 abjicere

219 2300 285 2322 nou
299 2289 474 2322 festinant.

262 2340 305 2373 50
329 2340 442 2384 Fama]
464 2340 601 2374 Tollere
621 2341 793 2376 interdum
817 2343 916 2385 spirl-

970 1654 1024 1682 tus
1054 1650 1189 1681 videtur
1222 1649 1329 1689 Naso,
1356 1650 1477 1681 animae
1508 1649 1670 1681 videlicet

968 1700 1149 1731 immortali
1167 1709 1227 1739 spe
1241 1700 1354 1740 aliqua
1371 1699 1514 1730 ductus:
1531 1699 1670 1730 atenim

968 1760 1063 1781 mens
1080 1750 1228 1790 caligat:
1253 1754 1287 1780 et
1312 1750 1346 1780 in
1361 1749 1452 1780 fama
1469 1749 1668 1790 acquiescit.

968 1799 1032 1830 Illa
1048 1809 1128 1830 vero
1157 1803 1234 1839 post
1258 1798 1329 1830 fata
1354 1804 1406 1830 est
1432 1808 1561 1830 merum
1584 1808 1670 1831 som-

969 1850 1085 1880 nium:
1120 1858 1183 1880 nec
1214 1858 1248 1879 se
1279 1849 1455 1890 quisquam
1485 1848 1670 1889 phaleratis

969 1900 1057 1930 illius
1083 1899 1184 1930 dictis
1207 1898 1359 1939 patietur
1386 1898 1466 1929 duci
1493 1897 1549 1929 cui
1578 1906 1667 1929 sanae

968 1949 1092 1981 mentis
1109 1949 1164 1980 vel
1180 1949 1268 1980 mica
1280 1958 1346 1979 una
1360 1947 1473 1978 fuerit.

1012 2002 1053 2031 52
1078 1998 1216 2038 Martia]
1248 1998 1338 2031 Quia
1364 1997 1539 2036 bellicosa,
1566 1999 1669 2037 atque

970 2050 1032 2081 sub
1050 2050 1157 2080 tutela
1172 2048 1307 2088 Martis,
1328 2047 1384 2089 qui
1406 2046 1542 2078 Romuli
1557 2045 1672 2078 condi-

970 2100 1053 2131 toris
1073 2103 1185 2140 pater.

1011 2152 1052 2180 53
1076 2147 1225 2188 Felicior]
1250 2148 1359 2181 Quam
1377 2146 1459 2179 mihi
1482 2145 1573 2178 exuli
1586 2145 1672 2178 obti-

970 2196 1029 2236 git.

1011 2247 1052 2276 54
1077 2244 1211 2284 Effuge]
1227 2245 1342 2286 Atque
1358 2244 1441 2276 adeo
1459 2245 1493 2277 in
1509 2245 1670 2276 memoria

968 2294 1137 2326 bominum
1167 2294 1275 2336 vivas,
1302 2299 1443 2337 propter
1472 2303 1578 2336 opera
1609 2296 1670 2327 sci-

970 2343 1061 2376 lieet.
