1877 3193
500 181 652 212 EPisr.
685 180 751 211 Ex
786 181 942 211 ΡοΝΤο
975 180 1071 211 Lm.
1098 181 1173 213 111.
1203 170 1246 211 1.
1482 172 1594 216 2627

151 272 215 316 Ut
233 274 342 317 nihil
362 275 459 329 ipse
482 289 661 329 que1·ar;
692 276 828 318 tacito
847 290 917 317 me
940 276 1077 318 Fama
1097 278 1316 331 queretur,

206 341 320 392 Quae
342 343 486 392 debet,
507 343 635 384 fuerit
655 343 698 384 ni
719 344 796 385 tibi
817 357 921 384 cura
940 344 1040 384 mei.

149 407 368 463 Exposuit
387 423 482 450 mea
500 423 568 450 me
588 411 752 464 populo
774 409 969 449 Fortuna
989 409 1244 461 videndum3

207 476 266 516 Et
285 476 386 529 plus
406 477 586 526 notitiae,
607 488 736 528 quam
756 475 837 514 fuit
856 479 971 523 ante,
993 473 1132 514 dedit.
1542 475 1598 516 50

153 542 315 585 Notior
332 546 399 583 est
418 543 560 583 factus
580 541 812 593 Capaneus
834 553 862 580 a
882 538 1076 579 fulminis
1096 540 1212 583 ictu:

206 610 352 652 Notus
370 610 501 650 humo
518 609 670 648 mersis
691 606 984 661 Amphiaraus
1005 607 1147 660 equis.

149 677 197 718 Si
217 678 357 719 minus
378 678 578 725 errasset,
599 677 731 716 notus
747 675 890 714 minus
908 676 1025 714 esset
1046 673 1229 725 Ulixes;

205 743 371 796 Magna
390 742 648 783 Philoctetae
670 742 846 782 vulnere
864 740 982 781 fama
1003 753 1084 780 suo
1105 743 1183 780 est.

148 809 197 850 Si
213 809 340 850 locus
357 811 421 849 est
441 809 604 863 aliquis
624 821 785 860 magna
806 808 917 847 inter
936 806 1116 847 nomina
1133 807 1282 860 parvis
1299 822 1309 860 ;
1542 810 1599 850 55

204 876 302 918 Nos
318 889 493 930 quoque
515 876 782 929 conspicuos
800 877 951 915 nostra
970 874 1100 915 ruina
1118 874 1241 916 facit.

149 941 245 985 Nec
265 947 309 984 te
328 944 483 984 nesciri
504 944 663 996 patitur
683 956 784 984 mea
801 942 980 996 pagina,
1005 955 1092 996 qua
1111 955 1199 983 non

203 1011 390 1052 Inferius
413 1011 507 1053 Coa
524 1011 700 1053 Battide
718 1024 879 1052 nomen
901 1011 1046 1051 habes.

150 1150 227 1172 reroe
238 1151 250 1178 ;
272 1144 307 1171 ut
320 1145 465 1181 protegas
480 1152 553 1182 opus
561 1141 671 1179 famae.
719 1142 901 1180 Quanquam
923 1150 978 1179 ego
994 1140 1073 1170 nihil
1087 1148 1265 1179 conquerar,
1279 1139 1369 1177 fama
1384 1143 1537 1180 queretur,
1551 1150 1598 1174 me

147 1184 266 1223 silente,
279 1184 342 1214 nisi
356 1194 431 1215 cura
449 1185 506 1214 mei
521 1195 586 1224 quae
602 1184 688 1214 debet
702 1193 774 1214 esse
783 1183 885 1220 fuerit
900 1183 970 1212 tibi.
1016 1182 1092 1211 Sors
1104 1191 1170 1212 mea
1184 1182 1325 1221 exposuit
1340 1192 1388 1213 me
1399 1184 1599 1221 spectandum

146 1227 267 1266 populo,
288 1230 317 1257 et
333 1227 418 1256 dedit
438 1227 507 1266 plus
521 1227 654 1257 nominis
669 1225 833 1266 quamfuit
846 1225 942 1264 prius.
990 1224 1152 1263 Capaneus
1167 1223 1336 1254 celebratus
1350 1227 1396 1254 est
1411 1225 1448 1254 de
1461 1224 1600 1260 ictusul-

147 1269 240 1298 minis
250 1279 261 1305 ;
283 1269 492 1307 Amphiaraus
505 1269 644 1307 cognitus
658 1268 742 1307 equis
754 1267 904 1305 absorptis
921 1270 1017 1296 terra.
1061 1265 1099 1295 Sz‘
1119 1266 1243 1305 Ulysses
1256 1266 1356 1296 minus
1365 1270 1509 1306 errasset,
1522 1269 1599 1297 esset

147 1311 246 1341 minus
260 1311 398 1348 cognitus
412 1321 422 1339 .·
436 1310 527 1347 fama
554 1310 737 1339 Pliiloctetae
753 1311 796 1338 est
820 1310 930 1347 iugens
949 1309 1042 1346 plaga
1057 1317 1124 1338 suut.
1168 1307 1204 1336 Si
1215 1308 1328 1347 aliquis
1339 1311 1384 1338 est
1399 1310 1479 1338 locus
1491 1309 1599 1349 parvis

146 1352 228 1381 inter
243 1355 332 1382 tanta
343 1352 475 1388 nomina,
488 1355 592 1382 nostra
607 1351 706 1381 clades
722 1350 823 1381 reddit
838 1360 890 1380 nos
906 1350 1000 1380 etiam
1012 1351 1120 1381 claros.
1148 1349 1255 1389 Neque
1268 1351 1325 1380 mei
1337 1351 1431 1381 libelli
1444 1351 1551 1382 sinunt
1566 1354 1597 1382 te

146 1393 297 1435 ignorari,
313 1394 419 1434 quibus
448 1398 605 1425 consecuta
633 1404 664 1425 es
682 1393 803 1432 famam
829 1403 887 1424 non
911 1393 1054 1423 leviorem
1077 1392 1210 1423 Bactide
1236 1394 1309 1424 Coa.
1356 1393 1510 1433 Quicquid
1526 1403 1598 1433 ergo

756 1485 989 1497 ‘ww

144 1553 298 1593 praeconia
318 1557 423 1584 nostra
454 1553 546 1591 Vera,
572 1552 640 1582 vide
650 1552 750 1589 famoe
768 1553 844 1591 quod
860 1551 977 1582 tuearis
1001 1561 1096 1589 opus:
1120 1550 1153 1580 id
1171 1554 1224 1581 est
1237 1559 1426 1591 quanquam
1442 1549 1599 1583 laudibus

146 1597 228 1627 meis
243 1596 314 1627 vita
327 1596 389 1626 tibi
405 1599 562 1626 anteacta
580 1599 615 1624 et
628 1593 812 1624 officiorum
830 1594 863 1623 in
881 1603 932 1624 ine
945 1599 1044 1624 tenor
1059 1594 1158 1633 plane
1175 1592 1393 1632 respondeat,
1404 1603 1471 1624 non
1486 1592 1599 1624 tamen

148 1647 266 1669 secura
281 1647 355 1668 esse
381 1637 498 1676 debes,
515 1641 573 1667 aut
591 1646 660 1667 rem
682 1636 778 1676 parvi
794 1636 920 1666 laboris
944 1636 1151 1675 existimare,
1166 1640 1294 1665 tantam
1311 1634 1409 1666 famae
1425 1636 1545 1666 molem
1562 1641 1601 1667 ut

146 1686 269 1712 sartam
284 1683 409 1710 tectam
437 1685 598 1719 praestes,
622 1688 698 1709 cum
716 1679 796 1710 talia
820 1688 925 1718 opera
949 1678 1036 1709 tueri
1060 1687 1126 1708 non
1150 1678 1257 1708 multo
1282 1678 1390 1708 minus
1410 1678 1466 1715 sit,
1494 1687 1595 1719 quam

149 1722 332 1754 aedificare.
356 1722 475 1752 Auctor
489 1722 592 1752 Elect.
608 1722 702 1752 Eton.
735 1721 818 1753 Jun.
841 1725 876 1752 et
896 1721 990 1751 Leia.
1006 1719 1132 1751 habent
1145 1721 1221 1760 qued
1232 1730 1242 1750 .·
1263 1724 1299 1751 et
1315 1719 1435 1752 Heius.
1450 1730 1510 1761 pro
1525 1730 1600 1761 opus

146 1765 242 1796 malit
256 1773 340 1804 οηιιε,
354 1764 408 1795 cui
424 1763 539 1794 Burin.
557 1763 821 1795 consentite—47
857 1763 941 1803 Arg.
964 1763 998 1794 F.
1015 1764 1250 1802 loquetae—249
1272 1762 1328 1793 Sic
1346 1763 1467 1793 Heins.
1485 1772 1598 1794 emen·

149 1808 227 1839 dat:
252 1807 344 1846 vulg.
364 1807 452 1846 Exp.
465 1810 574 1837 memet
593 1807 713 1847 populis
729 1807 768 1837 F.
793 1806 874 1846 Arg.
892 1807 977 1846 Exp.
994 1807 1074 1835 mula
1086 1805 1219 1846 populo,·
1244 1809 1279 1835 et
1294 1805 1431 1846 quidam
1447 1815 1599 1836 meme.—

148 1852 188 1880 51
212 1848 313 1881 Alter
329 1848 523 1880 Medonian.
551 1850 628 1880 Not.
647 1860 679 1880 es
694 1849 776 1886 fact.
795 1849 952 1888 Capaneu.
978 1848 1097 1879 Burin.
1122 1848 1274 1888 reposuit
1288 1858 1307 1878 a
1331 1857 1373 1878 ex
1389 1848 1445 1878 Fr.
1473 1852 1508 1877 et
1524 1847 1593 1878 Ms.

148 1892 280 1924 Bersm.
296 1901 358 1933 pro
375 1892 465 1932 vulg.
480 1893 537 1922 de:
560 1892 657 1922 multi
679 1892 735 1922 alii
757 1891 890 1922 omnino
908 1890 1070 1921 omittunt
1094 1890 1467 1930 praepositionem—55
1490 1889 1594 1919 Multi

148 1937 236 1966 tanta
249 1944 312 1977 pro
327 1936 533 1975 magum—57
559 1934 631 1970 Qua
647 1934 765 1965 Heius.
780 1934 864 1974 legit
880 1942 957 1964 cum
972 1931 1110 1973 scriptis
1127 1941 1189 1972 pro
1202 1932 1295 1973 vulg.
1311 1934 1477 1972 qaue—58
1502 1931 1598 1963 Leid.

803 2039 944 2072 NOTAE

150 2133 230 2158 ones
247 2124 328 2167 quid
342 2124 405 2157 sibi
421 2125 528 2157 velint
543 2125 654 2158 nullus
665 2134 733 2170 non
747 2125 846 2157 intel-

147 2175 234 2218 ligit.

189 2228 233 2258 46
258 2224 402 2266 Tuearis]
447 2225 544 2257 Falsa
580 2226 671 2258 enim
701 2226 730 2258 si
757 2225 847 2258 fama

147 2276 324 2320 praedicet,
339 2275 455 2307 statim
471 2275 678 2308 dissolvitur.

190 2329 231 2359 51
257 2326 432 2367 Capaneus]
459 2327 555 2358 Unus
569 2326 636 2358 fuit
650 2337 693 2358 ex
706 2326 846 2358 ducibus

150 2376 300 2419 Argivis,
312 2377 369 2418 qui
381 2386 447 2408 una
459 2386 535 2408 cum
545 2377 707 2417 Polynice
720 2376 762 2408 ad
778 2377 847 2408 bel-

150 2427 218 2459 lum
230 2428 427 2460 Thebanum
442 2427 626 2469 profectus,
641 2429 720 2459 dum
741 2428 845 2459 muris

151 2478 259 2509 scalas
287 2479 484 2510 admoveret
508 2479 677 2520 lapidibus
703 2478 845 2510 obrutus

151 2530 220 2558 est:
235 2536 335 2568 quare
346 2538 366 2559 a
376 2529 462 2561 Jove
474 2528 614 2561 fulmine
625 2529 729 2562 ictum
741 2528 846 2560 finxe-

152 2579 246 2608 runt.

196 2628 238 2656 52
260 2623 481 2666 Amphiaraus]
507 2627 617 2658 OEclei
632 2627 698 2659 fuit
709 2628 796 2660 filius
812 2632 849 2660 et

153 2675 295 2708 Graecus
325 2679 432 2715 vates,
458 2675 514 2716 qui
536 2675 707 2716 Eriphiles
732 2679 847 2710 uxoris

153 2724 275 2758 fraude
299 2724 343 2757 ad
366 2725 491 2758 bellum
511 2724 711 2759 Thebanum
735 2727 779 2760 ab
801 2726 848 2760 A·

900 2123 1016 2155 drasto
1033 2122 1229 2164 perductus,
1239 2122 1333 2153 hiatu
1346 2125 1446 2153 terrae
1463 2120 1600 2162 absorp-

900 2178 955 2206 tus
970 2178 1035 2214 est,
1050 2177 1122 2205 tum
1138 2183 1200 2214 pro
1214 2173 1288 2204 Deo
1305 2172 1425 2204 cultus.

942 2228 982 2257 53
1000 2223 1163 2263 Errasset]
1180 2224 1248 2255 Per
1259 2222 1377 2254 decem
1388 2231 1492 2253 annos
1506 2224 1600 2253 terra

899 2275 1052 2317 marique
1071 2275 1239 2316 jactatum
1261 2273 1454 2315 priusquam
1480 2273 1514 2304 in
1541 2282 1601 2313 pa-

899 2327 1000 2358 triam
1034 2326 1160 2358 reverti
1193 2330 1309 2367 posset
1331 2325 1601 2356 decantaverunt

900 2377 1032 2409 Poetae.

942 2430 983 2458 54
1016 2424 1214 2465 Philoctetae]
1260 2425 1312 2455 De
1345 2426 1407 2455 hoc
1439 2422 1599 2454 Herculis

901 2477 1037 2515 comite,
1074 2475 1212 2516 ejusque
1250 2474 1381 2513 sagittis
1413 2471 1602 2510 venenatis,

899 2527 1048 2566 itemque
1075 2525 1181 2565 ipsius
1210 2523 1359 2562 vulnere,
1380 2522 1453 2562 jam
1476 2521 1599 2562 saepius

901 2576 1041 2607 dictum.

943 2627 984 2655 58
1010 2622 1088 2663 Coa]
1115 2622 1186 2653 Coo
1200 2621 1308 2652 insula
1329 2618 1483 2660 oriunda,
1496 2628 1597 2661 quam

901 2675 1052 2708 Philetas
1066 2670 1269 2705 carminibus
1283 2670 1350 2704 suis
1365 2668 1565 2703 celebravit.
