1877 3193
222 144 338 188 2582
713 158 755 188 P.
786 157 944 187 ovmn
978 155 1192 189 NAsoNis

225 251 401 306 Quique
421 252 546 294 dolor
564 256 718 306 pectus
737 253 951 306 tetigisset
971 251 1162 294 Caesaris
1183 253 1273 303 alti,

281 319 409 360 Illum
423 320 607 372 jurabas
627 320 826 373 protinus
847 332 945 360 esse
965 323 1085 361 tuum
1102 334 1111 362 :

224 384 287 427 Ut
305 390 448 428 tamen
469 388 617 428 audita
638 391 706 429 est
725 390 886 428 nostrae
908 388 987 428 tibi
1009 388 1149 430 cladis
1170 387 1307 443 origo,
1617 390 1673 432 65

280 454 455 495 Diceris
475 456 628 496 erratis
649 455 917 508 ingemuisse
938 457 1058 497 meis.

221 519 334 561 Tum
356 525 428 562 tua
446 535 514 562 me
533 522 720 576 primum
742 522 874 563 solari
894 522 1016 563 litera
1037 523 1203 577 coepit3

279 587 338 629 Et
356 589 511 630 laesum
531 590 646 631 flecti
665 603 787 643 spem
807 590 908 631 dare
930 603 1066 644 posse
1088 591 1244 632 Deum.

224 653 369 696 Movit
388 657 596 698 amicitiae
618 661 713 698 tum
728 660 770 698 te
791 659 1041 699 constantia
1060 660 1202 711 longae
1219 672 1230 710 3

278 721 396 763 Anto
415 728 516 763 tuos
538 727 656 764 ortus
678 737 778 776 quae
798 724 905 763 mihi
927 728 1075 776 coepta
1093 726 1191 766 fuit.
1618 728 1673 767 70

222 787 278 830 Et
298 789 415 842 quod
435 802 532 829 eras
553 789 653 830 aliis
673 790 833 839 factus,
855 789 959 830 mihi
977 792 1105 830 natus
1126 791 1291 832 amicus
1308 806 1318 831 :

280 854 499 908 Quodque
520 857 601 896 tibi
621 856 666 896 in
687 857 809 897 cunis
829 856 983 897 oscula
1003 857 1145 909 prima
1163 856 1280 897 dedi.

223 919 373 971 Quod,
396 936 494 963 cum
513 927 658 965 vestra
677 923 833 964 domus
854 924 1011 965 teneris
1030 923 1135 964 mihi
1155 936 1324 978 semper
1344 925 1400 968 ab
1421 925 1543 967 annis

280 987 414 1031 Culta
436 991 507 1040 sit,
528 1004 624 1032 esse
645 995 768 1033 vetus
789 1005 902 1032 nunc
924 991 1004 1033 tibi
1026 1004 1160 1045 cogor
1178 1004 1303 1034 onus.

222 1054 299 1096 Me
319 1060 418 1097 tuus
438 1058 511 1098 ille
532 1063 670 1112 pater,
690 1059 832 1101 Latiae
852 1059 1060 1101 facundia
1077 1061 1254 1113 linguae,
1620 1061 1676 1100 75

280 1122 394 1172 Quae
415 1137 503 1165 non
517 1125 695 1167 inferior
713 1128 939 1170 nobilitate
959 1128 1057 1178 fuit,

222 1188 413 1240 Primus,
434 1196 481 1232 ut
501 1193 705 1233 auderem
728 1195 992 1235 committere
1013 1195 1207 1236 carmina
1228 1195 1395 1244 Famae,

282 1256 465 1310 Impulit
482 1272 490 1299 :
522 1260 680 1311 ingenii
701 1260 793 1300 dux
812 1261 893 1301 suit
909 1262 982 1301 ille
1002 1263 1104 1302 mei.

223 1322 336 1373 Nec,
359 1338 446 1378 quo
468 1327 525 1367 sit
544 1327 729 1380 primum
757 1329 886 1368 nobis
909 1342 936 1369 a
955 1333 1148 1382 tempore
1169 1329 1331 1379 cultus,

281 1391 504 1433 Contendo
524 1393 700 1435 fratrem
719 1407 852 1447 posse
870 1395 1026 1437 referre
1047 1399 1185 1437 tuum.
1621 1398 1677 1440 80

223 1523 288 1561 ipso
301 1522 351 1562 qui
361 1521 428 1560 fuit
439 1523 516 1553 mihi
532 1522 678 1559 infensus.
725 1524 769 1554 Et
778 1523 909 1562 jurabas
918 1524 1003 1554 illum
1017 1524 1159 1560 dolorem,
1174 1523 1226 1563 qui
1243 1523 1324 1554 laesit
1338 1533 1390 1554 cor
1405 1525 1516 1556 excelsi
1533 1526 1679 1568 Coesarz's,

224 1575 287 1595 esse
303 1565 446 1595 continuo
461 1568 558 1596 tuum.
603 1566 769 1606 Postquam
786 1569 887 1597 tumen
895 1566 1094 1605 sonsnostrae
1105 1566 1294 1596 calamitatis
1304 1569 1350 1597 est
1364 1566 1422 1597 tibi
1434 1568 1587 1608 cognitus,
1600 1570 1681 1601 dice-

223 1608 269 1638 ris
281 1607 445 1637 indoluisse
461 1608 536 1638 meis
546 1609 691 1648 peccatis.
740 1609 816 1638 Tum
830 1610 958 1650 epistola
972 1612 1028 1639 tua
1043 1608 1134 1648 coepit
1149 1618 1195 1639 me
1208 1609 1342 1648 primum
1357 1610 1507 1640 consolari
1519 1620 1530 1646 ;
1551 1614 1582 1641 et
1595 1621 1680 1651 spem

218 1651 325 1687 facere
344 1651 446 1680 Deum
463 1650 616 1687 insensum
639 1660 725 1690 posse
738 1652 843 1682 leniri.
888 1653 965 1682 Tum
979 1652 1150 1682 constantia
1164 1652 1265 1689 longoe
1279 1651 1437 1689 amicitiae‚
1451 1662 1518 1692 quoe
1533 1653 1681 1686 instituta

218 1692 287 1730 fuit
303 1702 323 1722 a
337 1702 383 1722 me
399 1695 469 1722 ante
485 1695 552 1722 tuos
564 1694 692 1732 natales,
707 1694 803 1724 movit
817 1697 859 1725 te.
907 1696 952 1725 Et
962 1696 1038 1734 quod
1052 1704 1121 1724 eras
1127 1693 1236 1732 suctus
1249 1695 1365 1724 amicus
1378 1694 1461 1733 aliis,
1475 1698 1566 1726 natus
1580 1696 1658 1728 mihi
1668 1706 1681 1733 ;

225 1738 255 1765 et
268 1736 344 1774 quod
358 1734 456 1765 obtuli
468 1735 526 1765 libi
539 1736 642 1775 primu
656 1736 763 1766 muncia
776 1737 808 1766 in
824 1737 992 1768 cunabulis.
1039 1737 1140 1773 Quod,
1154 1747 1222 1767 cum
1237 1740 1338 1767 vestra
1353 1738 1458 1768 domus
1470 1747 1588 1778 semper
1602 1739 1682 1770 mihi

224 1778 307 1808 culta
317 1778 358 1807 sit
376 1787 394 1807 a
405 1777 507 1817 prima
520 1781 626 1816 aetate,
639 1788 717 1809 nunc
728 1788 819 1817 cogor
834 1780 891 1809 tibi.
908 1790 969 1810 esse
984 1789 1068 1810 onus.
1113 1780 1172 1809 Ille
1187 1782 1258 1810 tuus
1270 1780 1409 1820 genitor,
1425 1780 1598 1820 eloquentia
1620 1782 1679 1813 lin-

221 1829 294 1859 guoe
309 1819 444 1858 Latinae,
462 1830 528 1860 quae
542 1820 681 1858 'nonfuit
697 1822 798 1852 minor
819 1823 991 1862 nobilitate,
1006 1822 1124 1862 primus
1146 1822 1257 1860 suasit,
1273 1826 1308 1853 ut
1331 1833 1391 1853 non
1415 1833 1537 1854 vererer
1558 1825 1681 1855 credere

224 1872 329 1893 versus
336 1862 445 1900 fumoe.
490 1863 549 1893 Ille
566 1863 635 1901 fuit
658 1865 832 1895 moderator
847 1866 907 1895 mei
921 1866 1053 1905 ingenii.
1096 1864 1265 1905 sponsione
1280 1868 1435 1896 certat-ero
1441 1865 1578 1903 fratrem
1592 1869 1680 1897 tuum

225 1915 285 1936 non
297 1915 384 1945 posse
397 1906 500 1937 dicere
514 1916 533 1937 a
548 1916 604 1946 quo
618 1910 753 1947 tempore
767 1908 809 1937 sit
822 1908 956 1948 primum
971 1908 1057 1939 nobis
1070 1908 1179 1939 cultus.
1223 1909 1371 1939 Attamen
1393 1912 1422 1940 te
1436 1909 1483 1939 ita
1497 1909 1599 1940 amavi
1610 1918 1679 1949 pra:

834 1990 890 2000 »ece
893 1990 1066 2000 eum

226 2043 312 2074 liber
334 2048 414 2084 pect.
439 2045 557 2076 tulisset
588 2046 623 2075 C.
649 2045 734 2075 alius
759 2045 927 2077 cecidisset.
973 2046 1088 2076 Douza
1116 2046 1249 2076 volebat
1282 2047 1319 2078 C.
1349 2048 1504 2078 alta—65
1540 2046 1611 2078 Tibi
1636 2057 1679 2079 ex

226 2086 340 2117 Ursin.
358 2087 415 2116 alii
431 2097 556 2127 quoque.
597 2088 684 2118 'suin
703 2088 770 2118 Ms.
788 2088 918 2119 Bersm.
943 2089 1023 2119 clad.
1047 2088 1248 2127 imago.—66
1272 2089 1347 2120 Duo
1364 2090 1479 2130 scripti
1503 2099 1564 2120 err.
1592 2089 1680 2120 indo-

226 2126 318 2158 luisse
333 2129 429 2164 meis;
453 2134 485 2158 et
514 2130 678 2168 Excerpt.
704 2130 801 2160 Voss.
828 2131 1012 2169 ingemuisse
1031 2131 1218 2162 malis.——69
1243 2132 1360 2162 Douza
1383 2135 1448 2162 tam
1473 2141 1535 2171 pro
1557 2135 1679 2163 tum.—

225 2171 265 2200 71
290 2171 386 2200 Voss.
404 2174 470 2200 nat.
487 2171 605 2207 amicis,
629 2170 719 2211 quod
746 2171 865 2202 Heins.
892 2172 971 2201 olim
998 2173 1251 2211 placebat—73
1275 2174 1363 2205 Mor.
1389 2174 1473 2208 Quid
1488 2174 1567 2213 quod
1586 2176 1678 2204 vestr.

226 2211 293 2242 Sex
309 2212 385 2244 libri
407 2213 450 2242 Et
465 2214 639 2251 qumis—74
664 2213 704 2242 In
722 2213 835 2243 Ursin.
863 2218 897 2243 et
918 2214 1026 2243 altero
1050 2216 1093 2244 V.
1118 2224 1193 2244 cum
1218 2216 1330 2245 multis
1352 2220 1435 2244 vett.
1459 2218 1518 2245 vet.
1546 2224 1592 2244 me
1617 2213 1678 2244 tibi

225 2254 310 2293 cogit
325 2257 495 2285 onum—76
521 2255 598 2289 Quce
614 2255 782 2293 meliores,
804 2259 890 2285 teste
909 2255 1024 2285 Heins.
1052 2256 1141 2295 vulg.
1169 2256 1251 2290 Qui.-
1275 2256 1342 2287 duo
1369 2257 1489 2295 scripti
1516 2256 1608 2292 Qua;
1641 2261 1678 2287 et

225 2297 278 2327 ita
291 2297 428 2328 volebat
443 2297 658 2327 doctissimus
674 2297 804 2327 Auctor
822 2297 931 2326 Elect.
948 2298 1048 2326 Eton.
1066 2298 1154 2327 Mor.
1172 2298 1272 2328 etiam
1297 2308 1357 2327 non
1383 2298 1517 2328 deterior
1540 2298 1677 2330 nobil.—

225 2341 268 2370 78
291 2340 358 2370 Ms.
376 2340 508 2370 Bersm.
527 2340 705 2380 Compulit:
728 2341 794 2377 ing.
831 2339 919 2369 Tum
938 2339 1031 2368 Leid.
1050 2339 1144 2369 Med.
1166 2343 1200 2369 et
1217 2344 1362 2380 quatuor
1379 2341 1678 2379 ing‹.’uiis...meis.—-

227 2384 269 2413 79
293 2381 384 2414 Olim
401 2382 465 2414 hoc
482 2382 648 2414 distichon
665 2382 856 2422 legebatur,
885 2381 951 2411 Nec
977 2382 1055 2420 quod
1079 2382 1121 2411 sit
1144 2381 1244 2421 primo
1270 2381 1355 2412 nobis
1377 2393 1395 2413 a
1422 2386 1554 2423 tempore
1579 2384 1678 2414 cultus

880 2473 1023 2505 NOTJE

228 2551 308 2591 iitae,
338 2550 460 2592 quibus
490 2549 636 2591 Augusti
661 2549 811 2582 favorem
839 2560 923 2591 opus
1024 2551 1147 2591 Coepta]
1174 2551 1263 2582 Quia
1293 2550 1508 2583 familiariter
1533 2552 1677 2585 Maximi

225 2600 292 2633 fuit
305 2602 498 2633 conciliare.
979 2606 1075 2641 patre
1092 2601 1261 2632 utebatur.

269 2654 312 2683 70
333 2651 417 2684 Ante
439 2652 522 2693 tuos]
551 2652 756 2696 Priusquam
772 2662 925 2686 nascere·
1022 2655 1063 2682 76
1088 2652 1158 2682 Non
1172 2651 1317 2693 inferior]
1337 2653 1407 2685 Par
1420 2653 1624 2696 eloquentiae
1639 2657 1677 2686 et

228 2701 286 2733 rb.
978 2701 1161 2734 nobilitatis
1175 2703 1368 2744 splendore.
