1877 3193
516 157 669 189 Epls'r.
703 157 770 188 Ex
804 157 962 189 roNro
998 157 1095 188 [ΑΒ.
1126 156 1196 187 1v.
1225 147 1268 188 7.
1501 147 1613 189 2703

169 251 311 307 thue
329 251 568 307 Thyesteae
587 253 765 295 redeant
787 253 826 294 si
846 258 1043 307 tempora
1062 264 1243 301 mensae,

219 320 335 362 Solis
356 319 411 361 ad
433 319 552 361 ans
575 332 724 361 currus
743 324 895 373 agetur
915 332 1051 374 aquas
1069 333 1078 360 ε

163 384 308 436 Quam
329 386 562 440 quisquam
583 390 790 435 vestrum,
812 387 888 439 qui
905 398 973 425 me
995 385 1202 428 doluistis
1225 383 1460 434 ademtum‚

221 452 392 505 Arguat
411 452 625 504 ingratum
645 464 731 492 non
751 450 1003 492 meminisse
1027 451 1111 490 sui.
1559 451 1615 492 50

160 575 296 611 tempora
311 582 421 603 mensae
450 572 610 612 Thyestem
632 573 805 608 recurrant,
831 573 910 600 ante
932 578 1044 600 currus
1067 568 1149 600 Solis
1166 568 1292 606 seretur
1306 570 1347 600 ad
1361 579 1455 610 aquas
1476 570 1615 609 orientis,

161 624 251 653 quam
267 615 348 645 ullus
362 617 508 654 vestrum,
523 614 576 653 qui
597 622 680 651 aegre
696 612 815 643 tulistis
831 621 878 643 me
891 611 1056 652 sublatum,
1073 611 1237 652 exprobret
1251 621 1306 643 me
1319 612 1477 652 ingratum
1492 622 1552 643 non
1568 622 1616 643 re-

160 655 280 687 cordari
294 657 352 688 sui.

772 724 1007 736 eeeeeaeeeeeee

162 781 281 812 Heius.
296 790 372 812 cum
388 781 491 813 Barb.
508 785 543 812 et
560 781 622 812 Ro.
641 791 718 812 nam
744 780 843 820 vulgo
869 779 1049 820 legebatur
1072 780 1142 811 hic:
1177 780 1328 812 nonnulli
1352 781 1474 821 scripti
1488 781 1614 813 hinc.—

161 827 203 855 46
225 824 291 854 Ms.
308 825 439 856 Bersm.
456 829 490 855 et
506 824 548 855 P.
565 825 656 854 Dan.
680 834 745 864 cap.
774 823 897 853 Euxini
922 823 1058 853 den—47
1081 823 1165 853 Ante
1191 823 1321 854 Feschii
1338 829 1373 854 et
1389 823 1586 854 Hafniensis
1603 834 1611 855 :

158 866 255 896 multi
283 867 339 896 alii
365 867 476 906 Atque.
502 866 634 906 Opinor
657 865 907 905 castigandum,
933 865 1029 903 Ante,
1061 865 1217 906 Thyestea?
1243 866 1369 896 redeant
1395 875 1448 896 ceu
1475 870 1615 906 tempora

160 918 282 947 mensoe,
301 908 394 947 Solis,
409 911 461 948 ίγε.
508 908 576 939 Pro
591 911 728 948 tempora
744 907 847 939 etiam
865 906 990 944 fercula
1007 907 1119 937 malim
1135 908 1275 948 reponi:
1300 907 1358 938 sed
1383 908 1521 939 obstant
1535 908 1615 938 libri

162 955 309 982 veteres.
355 951 443 982 Nam
471 950 602 981 Nonius
629 951 744 990 docet,
768 951 777 968 ‘
792 949 980 980 Ferculum'
1002 949 1140 990 proprie
1169 959 1243 980 esse
1257 950 1267 966 ⁴
1284 950 1420 980 missum
1435 949 1614 981 carnium.'

161 992 253 1023 Hinc
269 992 359 1034 apud
373 993 574 1025 Juvenalem
590 993 662 1024 Sat.
687 1002 740 1024 xr.
775 995 783 1009 ‘
801 992 947 1022 Fercula
971 1001 1059 1022 nune
1087 991 1164 1022 audi
1191 991 1291 1023 nullis
1307 995 1427 1023 ornata
1441 991 1615 1023 macellis!

162 1035 360 1066 Heins.-49
384 1035 513 1066 Ademto
530 1035 638 1066 edidit
655 1034 824 1073 Heinsius,
839 1034 927 1075 quod
952 1033 986 1064 in
1003 1034 1093 1064 nullo
1109 1033 1226 1065 codice
1242 1038 1299 1065 aut
1313 1034 1462 1065 editione
1481 1034 1614 1074 reperi;

164 1082 200 1107 ut
232 1082 267 1107 et
291 1077 434 1108 vidimus
456 1086 512 1109 111.
537 1080 570 1108 4.
596 1080 649 1108 48.
684 1077 855 1117 ‘gaudere
884 1076 1022 1117 aliquid'
1049 1081 1221 1107 mutasse:
1258 1075 1318 1108 sed
1342 1086 1417 1107 cum
1435 1082 1614 1118 utrumque

163 1124 292 1150 rectum
306 1120 361 1159 sit,
377 1120 524 1160 scriptos
538 1119 640 1151 libros
656 1119 844 1161 sequendos
859 1127 931 1149 esse
944 1116 1036 1159 p'uto.
1061 1119 1172 1149 Burm.

818 1213 957 1245 NOTAE

164 1282 347 1313 derivatur.
916 1282 1048 1322 posuit3
1073 1281 1174 1312 sicuti
1190 1281 1225 1312 in
1241 1281 1514 1322 praecedentibus
1533 1281 1616 1313 vidi-

206 1335 244 1362 47
285 1331 456 1372 Thyestea’]
496 1331 536 1362 In
567 1330 688 1372 quibus
717 1330 859 1372 Thyesti
918 1340 1002 1361 mus,
1046 1329 1144 1363 Quod
1157 1328 1252 1361 nefas
1269 1330 1324 1361 Sol
1338 1339 1381 1361 ne
1399 1330 1529 1362 videret
1541 1341 1615 1362 cur-

163 1382 259 1413 fratri
286 1381 414 1414 Atreus
437 1382 541 1414 filium
568 1381 772 1424 epulandum
803 1391 860 1422 ap·
917 1390 990 1412 rum
1005 1389 1100 1412 suum
1116 1379 1284 1413 Auroram
1298 1389 1412 1412 versus
1430 1382 1615 1413 revocavit.

597 1725 1004 1775 EPISTOLA
1060 1725 1179 1773 VII.

748 1888 1032 1931 VESTALI.

714 2048 1065 2081 ARGUMENTUM.

172 2151 228 2182 An
244 2151 414 2182 Vestalem
438 2149 590 2181 scribens
607 2147 728 2187 Poeta,
754 2148 809 2179 cui
833 2157 892 2179 ora
912 2147 1058 2179 Pontica
1073 2146 1223 2188 regenda
1248 2147 1362 2179 delata
1388 2147 1512 2188 fuerat,
1535 2157 1611 2180 eum

215 2209 338 2236 testem
353 2202 435 2235 facit
451 2201 737 2234 incommodorum
755 2210 830 2241 quae
847 2204 925 2231 sunt
948 2201 982 2231 in
1008 2209 1049 2231 ea
1073 2200 1229 2240 regione:
1256 2205 1332 2241 post
1355 2201 1428 2241 ejus
1451 2201 1611 2233 virtutem

211 2256 338 2295 laudat,
354 2265 451 2297 quam
467 2255 648 2296 pollicetur
663 2263 722 2284 suo
739 2252 886 2284 carmine
903 2257 1064 2284 testatum
1080 2251 1154 2284 fore
1167 2253 1201 2284 in
1216 2263 1313 2285 omne
1330 2257 1473 2294 tempus.

174 2353 384 2411 M1s‘sns
405 2382 452 2410 es
473 2368 672 2409 Euxinas
691 2367 912 2421 quoniam,
933 2365 1147 2416 Vestalis,
1169 2365 1225 2406 ad
1244 2365 1401 2414 undas,

230 2435 294 2477 Ut
312 2436 470 2490 positis
489 2435 649 2476 reddas
663 2434 765 2488 jura
784 2435 867 2475 sub
889 2447 974 2475 axe
994 2433 1130 2484 locis;

218 2531 387 2572 Siquidem,
400 2542 420 2563 o
441 2532 582 2572 Vestalis,
588 2532 694 2570 jussus
709 2542 740 2564 es
754 2532 857 2564 venire
871 2534 912 2562 ad
927 2541 1019 2571 aquas
1036 2530 1188 2569 Euxinas,
1200 2527 1295 2567 utjus
1309 2528 1392 2559 dicas
1407 2528 1438 2558 in
1455 2527 1527 2558 lvcis
1541 2527 1609 2558 sitis

776 2602 1008 2616 eeeeeeeeee

218 2647 258 2678 In
276 2646 442 2677 nonnullis
463 2646 536 2677 haec
566 2647 718 2687 Epistola
740 2647 936 2678 inscribitur
961 2646 1011 2675 Ad
1031 2645 1191 2675 Vestalem.
1237 2643 1385 2683 Scaliger
1401 2643 1434 2674 in
1459 2643 1610 2684 margine

178 2689 306 2723 codicis
329 2687 380 2720 sui
403 2688 623 2730 ascripserat,
649 2690 817 2722 Proesidem
828 2689 918 2731 ponti
938 2687 1138 2729 primipilum.
1180 2687 1188 2704 ‘
1206 2686 1246 2718 Iu
1262 2687 1423 2718 Vaticano
1439 2695 1521 2719 vero
1535 2692 1610 2719 erat
