1877 3193
197 152 311 194 2570

680 165 722 194 P.
754 164 913 193 ovlml
947 164 1159 194 NASONIS

198 256 382 311 Lingua,
404 258 483 298 sile
501 271 510 299 z
539 270 625 298 non
646 260 713 298 est
741 258 851 297 ultra
871 257 1088 298 narrabile
1109 257 1364 313 quicquam.

254 324 396 365 Posse
417 325 548 366 velim
570 325 737 365 cineres
757 325 940 366 obruere
966 327 1063 379 ipse
1083 339 1218 368 meos.

198 389 274 433 Sic
293 392 439 445 igitur,
462 393 585 446 quasi
606 406 673 433 me
693 393 839 433 nullus
863 393 1087 447 deceperit
1107 408 1237 444 error,

248 457 396 499 Verba
416 460 528 508 face,
550 464 602 500 ut
622 459 726 508 vita,
748 473 876 512 quam
897 460 1013 501 dedit
1033 463 1145 514 ipse,
1166 462 1298 504 fruar.

197 524 395 579 Cumque
418 539 592 567 serenus
614 527 706 577 erit,
731 527 966 581 vultusque
989 530 1196 570 remiserit
1214 530 1328 579 illos,

254 591 341 642 Qui
366 607 516 634 secum
537 598 672 634 terras
693 594 1015 649 imperiumque
1037 602 1237 650 movent3

196 658 413 711 Exiguam
434 674 485 700 ne
504 674 573 700 me
592 661 790 712 praedam
813 663 924 701 sinat
943 676 1040 704 esse
1063 664 1287 715 Getarum,

254 727 433 780 Detque
455 727 596 767 solum
618 727 788 768 miserae
809 729 927 776 mite,
949 742 1141 781 precare,
1162 732 1293 785 fugae.

194 792 386 847 Tempus
406 795 532 834 adest
549 799 698 846 aptum
719 795 948 846 precibus:
979 796 1098 836 valet
1116 798 1226 850 ipse,
1247 799 1451 853 videtque

254 859 379 909 Quas
399 861 504 901 fecit
524 862 654 911 vires,
678 860 837 911 Roma,
859 862 1003 902 valere
1025 868 1138 904 tuas.

1593 867 1650 907 '70

196 925 437 967 Incolumis
459 928 624 982 conjux
644 942 725 969 sua
742 929 990 982 pulvinaria
1011 934 1181 973 servat:

252 992 488 1037 Promovet
507 994 753 1038 Ausonium
775 997 892 1039 filius
913 998 1158 1053 imperium.

195 1145 255 1175 lius
268 1155 328 1176 non
350 1147 449 1186 tangi.
493 1147 630 1188 Lingua,
656 1153 745 1181 tace:
767 1151 848 1182 nihil
864 1155 909 1183 est
934 1152 1066 1192 amplius
1097 1152 1270 1182 dicendum.
1317 1151 1389 1190 Ipse
1415 1149 1536 1189 cupiam
1562 1160 1650 1190 posse

194 1188 321 1226 sepelire
335 1199 415 1219 meos
428 1189 552 1221 cineres.
598 1192 733 1223 Perinde
759 1203 833 1232 ergo
860 1195 994 1234 loquere,
1017 1205 1053 1225 ac
1079 1195 1106 1225 si
1133 1194 1216 1225 nulla
1237 1194 1362 1224 inscitia
1378 1203 1426 1224 me
1433 1193 1600 1232 fefellerit,
1615 1196 1651 1224 ut

186 1229 285 1266 fruar
297 1231 361 1260 vita
374 1241 462 1271 quam
478 1232 541 1271 ipse
552 1233 693 1264 indulsit.
742 1236 783 1265 Et
797 1245 866 1266 cum
881 1237 984 1268 lubens
1010 1237 1083 1276 erit,
1102 1241 1131 1268 et
1151 1237 1288 1276 posuerit
1305 1237 1372 1267 illos
1386 1237 1500 1274 vultus,
1516 1235 1567 1275 qui
1583 1235 1654 1275 agi·

193 1275 264 1302 lant
276 1281 374 1303 secum
389 1277 490 1304 terras
505 1278 535 1304 et
550 1275 723 1314 imperium,
744 1280 828 1306 orato
848 1287 886 1307 ne
898 1281 1040 1317 patiatur
1055 1288 1100 1308 me
1116 1288 1179 1309 esse
1195 1282 1316 1308 terzuem
1328 1280 1468 1318 praedam
1487 1278 1653 1316 Getarum,

193 1318 222 1343 et
236 1314 371 1352 praebeat
387 1316 520 1355 quietam
541 1314 658 1347 terram
682 1318 799 1354 infelici
824 1320 928 1350 exilio.
977 1321 1106 1360 Tempus
1131 1322 1218 1350 adest
1241 1321 1381 1350 idoneum
1402 1319 1565 1359 precibus.-
1588 1320 1652 1358 ipse

192 1357 285 1397 valet,
300 1360 330 1387 et
344 1357 428 1389 videt
443 1368 512 1399 opes
527 1362 606 1399 tuas,
622 1370 696 1400 quas
702 1360 797 1402 fecit,
807 1362 935 1402 pollere,
951 1372 967 1392 ο
984 1363 1095 1394 Roma.
1145 1363 1233 1393 Uxor
1252 1363 1340 1392 salva
1363 1365 1465 1392 sert-at
1480 1371 1535 1392 sua
1547 1360 1650 1401 pulvi-

807 1451 1040 1462 ‘momume-

195 1518 328 1550 Deinde
349 1530 391 1551 ex
409 1520 475 1552 Ha.
493 1521 610 1553 Heius.
628 1521 761 1562 recepit
785 1526 895 1562 putem
920 1533 981 1562 pro
1010 1524 1098 1563 vulg.
1122 1526 1294 1562 pura—62
1318 1523 1412 1553 Unus
1438 1524 1482 1554 V.
1502 1527 1573 1555 ante
1588 1535 1651 1565 pro

194 1563 356 1600 ipsa—6⁷
380 1563 495 1601 Forte,
510 1564 684 1603 Exiguum,
700 1574 761 1604 per
788 1565 1057 1605 appositionem:
1092 1566 1151 1596 Me
1173 1566 1330 1605 exignum
1347 1569 1383 1596 et
1398 1565 1497 1596 vilem
1515 1575 1556 1596 ne
1570 1568 1653 1598 velit

197 1613 268 1635 vsse
286 1603 448 1645 praedam.
475 1606 674 1638 Burm.—69
697 1607 752 1638 Sa.
768 1607 822 1638 illa
846 1617 908 1648 pro
934 1608 1020 1648 ipse.-
1045 1612 1079 1639 et
1094 1618 1172 1639 mox
1189 1618 1260 1649 seq.
1277 1617 1324 1639 vs,
1350 1607 1492 1646 Quafec.
1517 1608 1650 1641 Deinde
1700 1641 1703 1644 ,

835 1722 994 1755 -NOTAE

195 1804 332 1844 erroris,
359 1805 454 1845 quasi
479 1805 675 1846 imprudens
706 1811 743 1839 et
779 1808 896 1839 nolens

196 1854 307 1886 Poeta
324 1854 516 1895 Augustum
533 1856 670 1888 laeserit.

237 1908 279 1935 59
307 1905 465 1946 Vulneris]
487 1906 543 1937 De
570 1907 711 1938 crimine
738 1917 796 1939 suo
814 1908 897 1949 agit,

196 1953 307 1994 potius
324 1954 468 1985 Caesaris
484 1954 680 1987 offensione.

237 2006 276 2034 (il
294 2003 373 2045 Sile]
394 2005 567 2045 Siquidem
584 2007 704 2038 vulnus
719 2016 786 2039 non
803 2018 898 2040 sana-

196 2051 274 2084 bile.

242 2102 349 2142 Ultra]
373 2104 559 2144 Postquam
576 2115 640 2136 non
659 2107 806 2138 sanabile
823 2117 895 2139 esse

196 2150 413 2191 intelligitur.
720 2177 725 2184 .

236 2202 279 2230 62
314 2201 466 2240 Obruere]
490 2202 544 2233 Ne
572 2204 751 2244 quicquam
774 2205 815 2236 de
842 2216 895 2237 me

196 2252 292 2280 extet
308 2251 462 2290 amplius.

236 2302 277 2330 63
304 2300 420 2340 Quasi]
442 2301 681 2332 Cautissimuui
705 2303 793 2334 istud
817 2303 894 2336 fuit.

196 2349 353 2390 Namque
379 2350 497 2390 Poeta,
521 2352 547 2381 si
571 2353 667 2393 quasi
684 2353 727 2384 ob
744 2363 894 2385 errorem

195 2401 380 2442 relegatum
394 2411 427 2431 se
441 2401 606 2442 finxisset,
620 2404 767 2443 graviori
784 2415 893 2446 poenae

195 2451 304 2482 locum
331 2452 497 2490 (ledisset,
521 2453 547 2483 si
575 2453 664 2484 forte
688 2456 796 2495 majus
822 2457 893 2496 ejus

193 2503 321 2532 crimen
348 2503 546 2542 cognovisse
574 2509 693 2543 postea
721 2504 893 2541 Angustus

195 2555 339 2583 testatus
354 2558 455 2583 esset.
502 2553 703 2585 Confitendo
727 2561 844 2586 contra
861 2566 895 2587 se

195 2599 240 2631 ob
254 2600 381 2631 crimen
398 2611 506 2640 suun»,
530 2603 772 2644 cujuscumque
796 2614 897 2644 gene·

196 2648 241 2679 ris
263 2649 345 2679 illud
372 2650 516 2691 denique
533 2651 648 2692 fucrit,
675 2652 717 2684 ab
745 2653 898 2694 Augusto

195 2699 340 2740 pulsum,
363 2699 528 2742 siquidem
545 2702 665 2734 Poetae
688 2703 792 2736 vitam
819 2714 898 2737 con-

950 1808 1117 1849 cessisset,
1131 1808 1291 1849 injurium
1308 1819 1374 1840 nou
1391 1808 1454 1840 fuit
1471 1808 1514 1840 ab
1531 1809 1651 1841 eodem

950 1863 1082 1899 petere,
1107 1860 1158 1890 uti
1183 1859 1288 1900 igitur
1324 1864 1531 1900 commutato
1561 1860 1654 1891 exilii

949 1909 1039 1949 loco,
1055 1919 1095 1940 ea
1111 1908 1177 1940 frui
1202 1910 1334 1949 liceret,
1351 1919 1426 1950 quae
1451 1909 1562 1940 Tomis
1589 1919 1652 1951 pro

951 1959 1121 1990 sententia
1138 1960 1210 2000 ejus
1229 1969 1294 1990 non
1311 1960 1566 1991 concederetur.

993 2012 1033 2039 65
1063 2009 1183 2048 Vultus]
1207 2008 1337 2040 Graves
1354 2019 1392 2040 ac
1409 2018 1557 2041 severos.

992 2062 1032 2090 71
1060 2060 1200 2100 Conjucc]
1226 2061 1333 2092 Livia.

1003 2110 1205 2150 Pali-maria]
1243 2110 1384 2150 Optime
1412 2120 1474 2151 pro
1504 2110 1652 2142 thalamo

951 2168 1009 2190 seu
1027 2161 1185 2200 conjugio
1210 2161 1322 2200 posita
1343 2161 1531 2200 pulvinaria
1547 2160 1652 2200 scrip·

949 2208 993 2238 sit
1020 2209 1192 2248 Mycillus.
1238 2209 1410 2239 Adulandi
1437 2210 1525 2240 enim
1549 2218 1652 2239 causa

949 2260 1110 2296 tanquam
1126 2258 1168 2287 de
1193 2257 1268 2287 Diis
1290 2258 1449 2297 loquitur,
1466 2258 1586 2298 quibus
1614 2260 1650 2289 in

950 2307 1086 2345 templis
1104 2306 1291 2346 pulvinaria
1305 2306 1409 2336 sterni
1426 2306 1591 2338 solebant.

991 2357 1032 2385 72
1055 2355 1239 2394 Ausonium]
1264 2355 1408 2385 Italum:
1434 2366 1578 2397 namque
1605 2356 1647 2388 ab

949 2404 1140 2435 Ausouibus
1157 2405 1399 2445 antiquissimis
1417 2406 1525 2436 ltaliae
1544 2416 1650 2447 popu·

950 2456 987 2486 lis
1004 2455 1151 2486 Ausonia
1168 2465 1301 2496 quoque
1319 2466 1358 2486 ea
1372 2456 1463 2487 dicta
1478 2462 1541 2488 est.

992 2506 1106 2545 Filius]
1136 2506 1303 2544 Tiberius,
1330 2506 1476 2544 scilicet,
1509 2506 1575 2546 cui,
1604 2505 1649 2537 ob

950 2565 1003 2586 res
1020 2554 1156 2586 fortiter
1185 2561 1310 2595 gestas,
1328 2556 1463 2595 jamdiu
1493 2556 1651 2588 decretus

951 2605 1139 2645 triumphus
1156 2617 1165 2643 ς
1187 2615 1286 2646 quem
1312 2610 1436 2646 tamen,
1457 2606 1500 2636 ob
1516 2606 1648 2638 cladem

951 2655 1131 2688 Varianam
1144 2660 1263 2688 moesta
1278 2656 1429 2699 civitate,
1444 2656 1590 2689 distulit.
