1863 3193
663 189 907 222 rnrsriuM
943 189 1038 219 121ss.
1071 191 1124 220 11.
1507 181 1620 223 2285

166 283 229 325 At
249 296 324 325 cur
343 283 389 324 in
407 286 557 324 nostra
575 284 711 326 nimia
731 291 799 327 est
817 286 1001 327 lascivia
1023 285 1153 326 Musa
1172 285 1190 325 ‘i

225 350 369 392 Curve
389 363 509 391 meus
527 351 732 404 cuiquam
756 354 912 394 suadet
933 367 1076 394 amare
1095 353 1234 394 liber?

168 417 247 459 Nil
267 418 351 458 nisi
374 422 621 470 peccatum,
641 421 966 475 manifestaque
987 422 1134 474 culpa,
1156 420 1380 461 fatendum
1398 421 1488 460 est:
1535 418 1621 461 315

225 485 419 526 Poenitet
438 485 598 536 ingenii
614 486 863 540 judiciique
884 489 983 528 mei.

168 550 256 593 Cur
274 565 374 600 non,
398 550 618 604 Argolicis
639 554 791 606 potius
815 568 915 607 quae
939 552 1136 596 concidit
1157 553 1307 604 armis,

222 619 401 660 Vexata
418 624 487 659 est
508 619 659 660 iterum
682 621 870 661 carmine
889 621 1026 675 Troja
1047 633 1146 660 meo
1160 621 1179 660 ’.Ρ

168 686 257 727 Cur
276 687 396 727 tacui
414 686 606 737 ThebaS,
628 691 671 729 et
691 693 840 730 mutua
859 689 1042 729 vulnera
1062 689 1275 728 fratrum?

222 753 281 794 Et
302 759 473 806 septem
494 758 658 807 portaS,
683 757 764 796 sub
788 756 901 797 duce
922 768 1139 810 quamque
1160 756 1277 795 suo?

166 819 265 861 Nec
286 820 391 861 mihi
411 822 641 863 materiam
661 823 865 864 bellatrix
887 823 1036 864 Roma
1053 823 1270 875 negabat:

221 886 278 928 Et
297 888 399 941 pius
420 892 503 936 est,
525 889 680 941 patriae
700 890 819 929 facta
840 890 1014 938 referre,
1035 889 1172 929 labor.

167 955 380 1008 Denique,
400 968 499 996 cum
521 956 686 996 meritis
706 956 957 1008 impleveris
978 955 1140 1004 omnia,
1161 953 1329 1004 Caesar,

225 1022 336 1062 Pars
356 1022 460 1061 mihi
482 1022 537 1061 de
559 1023 705 1062 multis
726 1035 816 1063 una
837 1022 1037 1063 canenda
1057 1021 1153 1062 fuit.

1537 754 1622 796 320

167 1151 211 1182 At
228 1152 421 1191 quamobrem
447 1152 543 1182 nimia
567 1155 611 1182 est
638 1152 782 1182 mollities
806 1151 839 1180 in
865 1154 972 1180 nostra
988 1146 1110 1179 Musa?
1160 1147 1216 1178 Vel
1230 1157 1285 1178 cur
1300 1155 1384 1177 meus
1399 1146 1476 1178 liber
1490 1149 1623 1181 consulit

165 1195 307 1233 cuiquam
332 1191 460 1223 amare?
509 1194 597 1223 Nihil
623 1198 674 1223 est
698 1194 759 1223 nisi
782 1193 926 1222 delictum
952 1196 982 1222 et
1006 1191 1123 1221 crimen
1149 1190 1283 1228 widem,
1306 1191 1529 1227 agnoscendum
1554 1195 1615 1222 est:

162 1236 251 1276 piget
266 1236 385 1273 ingenii
401 1239 429 1265 et
449 1235 564 1273 judicii
591 1235 659 1264 mei.
708 1235 813 1269 Quare
844 1233 948 1272 Troia,
971 1243 1039 1272 quae
1063 1233 1170 1263 diruta
1196 1235 1241 1262 est
1269 1233 1340 1262 telis
1366 1232 1537 1271 Argolicis,
1562 1244 1623 1264 non

165 1278 287 1316 agitata
302 1280 345 1306 est
361 1278 457 1306 denuo
474 1276 548 1306 meis
562 1274 722 1307 versibus?
770 1275 974 1310 Quamobrem
987 1276 1109 1305 silentio
1119 1274 1308 1315 proetermisi
1326 1274 1454 1312 Thebas,
1471 1279 1500 1305 et
1516 1279 1624 1306 mutua

165 1320 292 1350 vulnera
307 1316 474 1355 fratrum?
498 1321 527 1348 et
542 1322 659 1358 septem
681 1322 800 1358 portas,
815 1318 955 1357 singulas
977 1317 1032 1347 sub
1047 1319 1122 1348 duce
1135 1327 1187 1347 suo
1200 1315 1215 1348 ’.Γ
1243 1318 1348 1356 Neque
1365 1317 1464 1347 Roma
1481 1317 1623 1349 bellicosa

163 1360 325 1391 recusabat
352 1361 429 1391 milii
455 1364 693 1399 argumentum.-
717 1365 809 1400 atque
830 1362 903 1400 pias
924 1363 969 1391 est
986 1360 1072 1390 labor
1086 1369 1254 1390 memorare
1269 1362 1339 1389 acta
1354 1360 1480 1399 patrioe.
1525 1361 1624 1391 Deni-

164 1413 230 1444 que,
249 1403 368 1443 Caesar,
391 1403 541 1443 siquidem
567 1403 769 1433 cumulaveris
791 1402 892 1433 omnia
908 1402 1073 1444 beneficiis,
1094 1412 1155 1433 una
1176 1411 1251 1442 pars
1276 1402 1313 1432 de
1338 1401 1445 1432 multis
1461 1401 1531 1439 fuit
1546 1402 1623 1434 mihi

778 1489 815 1499 co

952 1488 1010 1498 emo·

165 1540 397 1572 Roscia—314
422 1542 490 1572 Pro
506 1542 647 1581 cuiquam
670 1541 823 1582 quaedam
850 1541 937 1572 Edd.
962 1551 1115 1580 nequam;
1148 1539 1229 1571 Jun.
1259 1539 1441 1579 quaquam,-
1465 1540 1548 1571 Lov.
1565 1541 1625 1571 ali-

165 1593 276 1622 quem;
309 1593 393 1614 unus
420 1583 539 1614 Heius.
566 1587 850 1624 quenquam-315
880 1584 1049 1614 Fatendum
1070 1593 1112 1613 ex
1141 1582 1255 1612 multis
1282 1587 1366 1612 vett.
1395 1583 1450 1612 alii
1469 1582 1623 1619 fatenda:

165 1634 249 1655 unus
266 1626 352 1656 liber
368 1626 516 1656 silendum
530 1637 540 1661 ;
565 1626 650 1656 alius
658 1626 943 1663 ferendum—317
969 1626 1028 1656 Pr.
1046 1625 1110 1655 Ed.
1125 1635 1194 1664 quoe
1208 1624 1323 1654 decidit
1337 1627 1525 1654 arim—318
1553 1624 1623 1655 Pro

171 1666 293 1697 Vexata
309 1668 374 1698 duo
392 1669 468 1698 libri
491 1669 638 1703 l'e⁷·sata‚·
664 1678 747 1699 uuus
769 1670 908 1699 Exacta:
933 1668 1052 1699 Heius.
1069 1668 1159 1707 conj.
1180 1667 1416 1696 mersa—319
1440 1667 1623 1706 Gottorph.

168 1718 221 1738 cur
237 1719 297 1748 pro
314 1714 354 1740 et.
394 1711 477 1741 Mox
506 1711 667 1741 Francius
689 1711 821 1741 volebat
841 1710 967 1747 fratres
990 1720 1050 1749 per
1077 1708 1440 1749 appositionem.-32l
1466 1708 1535 1738 Alii
1553 1710 1624 1739 Non

169 1750 243 1780 mih.
268 1752 349 1782 Mox
374 1753 435 1783 Be.
464 1756 539 1783 mat.
563 1753 737 1792 pugnatrix
766 1754 807 1784 R.
853 1752 941 1783 Tum
966 1753 1055 1783 Mor.
1078 1751 1322 1790 iugata—322
1349 1751 1436 1780 Mor.
1462 1755 1497 1781 et
1527 1751 1622 1782 Serv.

170 1792 213 1822 Et
228 1793 297 1833 plus
312 1797 368 1824 est.
390 1796 472 1825 Tum
490 1795 522 1825 in
540 1795 669 1826 duobus
686 1800 761 1826 erat
774 1798 860 1837 patr.
886 1795 963 1826 bella
989 1795 1048 1834 ref.
1073 1795 1191 1825 Burni.
1208 1793 1297 1833 conj.
1316 1791 1511 1831 facem—323
1536 1793 1624 1824 Mor.

818 1896 963 1927 NOTAE

211 1979 273 2007 313
318 1977 362 2008 At
388 1977 458 2016 car]
508 1977 552 2007 Se
585 1977 694 2016 ipsum
727 1977 868 2007 damnat

169 2026 298 2057 Poeta:
321 2026 408 2066 quod
424 2025 559 2066 quidem
576 2036 639 2056 uon
656 2028 776 2056 merito
795 2032 866 2057 tan-

169 2082 252 2117 tum,
277 2078 335 2108 sed
358 2078 520 2116 oratorie,
544 2083 577 2107 et
603 2083 676 2108 arte
695 2078 736 2108 ad
761 2078 866 2118 impe·

168 2128 321 2158 trandam
347 2128 476 2158 veniam
495 2128 852 2158 accommodatissima.

211 2180 272 2207 317
299 2176 470 2215 Argolicis]
503 2176 530 2206 A
561 2177 691 2208 Graecis
714 2186 867 2207 eversam

167 2226 308 2266 Trojam
321 2231 520 2256 cantaverat
536 2226 644 2255 Maro.
674 2226 760 2256 Illud
778 2226 867 2257 idem

167 2282 400 2315 argumentum
419 2276 568 2314 potuisse
587 2285 756 2306 assumere
773 2286 807 2306 se
824 2277 866 2307 de

167 2334 266 2365 novo,
282 2335 346 2355 nou
365 2326 435 2355 sine
449 2325 572 2355 callida
589 2325 638 2356 sui
653 2327 867 2356 commenda-

169 2374 274 2413 tione,
289 2375 372 2405 dicit
392 2375 511 2405 l’o'e'ta.

207 2426 272 2455 318
302 2425 437 2464 Vexata]
473 2424 561 2456 Quia
590 2425 700 2464 Trojae
737 2426 868 2456 labores

168 2473 354 2513 Virgiliano
371 2475 608 2505 describuntur
620 2474 779 2513 carmine,
793 2475 867 2506 ideo

168 2520 177 2535 ‘
192 2529 312 2553 vexata
324 2524 331 2535 '
349 2525 484 2554 dicitur.

212 2573 274 2600 319
299 2574 429 2613 Thebas]
446 2576 530 2606 Qum
544 2576 622 2605 urbs
639 2576 795 2613 Boeoiiae,
809 2580 868 2605 aut

171 2622 265 2649 certe
283 2620 404 2652 bellum
423 2623 467 2654 ad
486 2634 558 2654 eain
582 2629 730 2664 gestum,
755 2625 865 2655 Statio

171 2667 290 2698 Poetae
317 2673 442 2710 egregii
467 2674 578 2713 operis
602 2675 750 2714 praebuit
766 2683 865 2714 argu-

171 2721 335 2750 mentum.

966 1975 1131 2014 Fratrum]
1148 1976 1300 2006 Eteoclis
1318 1980 1353 2006 et
1368 1975 1552 2016 Polynicis,
1567 1977 1624 2017 qui

923 2031 1038 2057 mutuo
1053 2027 1202 2064 vulnere,
1217 2026 1257 2056 ad
1270 2027 1441 2067 singulare
1452 2031 1624 2058 certamen

922 2080 1106 2118 congressi,
1122 2079 1369 2109 occubuerunt.
1394 2079 1469 2109 Filii
1486 2079 1625 2111 fuerunt

924 2129 1040 2167 OEdipi
1069 2128 1303 2158 Thebanorum
1343 2129 1449 2167 regis3
1482 2139 1624 2169 quorum

924 2177 1045 2218 passim
1100 2178 1280 2217 repetitam
1328 2178 1515 2217 historiam,
1561 2180 1625 2211 liuc

923 2229 1049 2260 frustra
1067 2229 1296 2259 transcribere
1310 2230 1414 2259 visum
1430 2234 1495 2260 est.

965 2282 1027 2310 320
1052 2279 1128 2319 Sao]
1162 2279 1211 2309 Ea
1228 2280 1302 2318 lege
1321 2279 1466 2318 OEdipus
1483 2289 1623 2319 regnum

922 2338 1018 2359 suum
1049 2329 1179 2359 Eteocli
1211 2333 1312 2369 atque
1351 2328 1507 2368 Polynici
1547 2330 1624 2359 reli-

922 2383 1054 2419 querat,
1079 2382 1116 2408 ut
1139 2378 1278 2408 alternis
1307 2378 1402 2408 anuis
1430 2382 1624 2417 regnarent.

924 2428 1047 2468 Majori
1080 2434 1160 2458 natu
1192 2428 1322 2458 Eteocli
1347 2429 1477 2467 priores
1509 2432 1623 2467 partes

924 2479 1108 2518 Polynices
1134 2484 1370 2508 concesserat:
1410 2487 1523 2507 verum
1554 2478 1623 2517 ille,

923 2530 1062 2568 expleto
1098 2538 1195 2565 auno,
1227 2537 1330 2565 reguo
1372 2528 1494 2557 cedere
1524 2527 1622 2558 fratri

924 2578 1100 2607 recusavit.
1147 2578 1261 2607 Qum-e
1290 2575 1342 2605 liic
1366 2577 1405 2605 aa
1436 2575 1620 2608 Adrastum

922 2626 1122 2665 Argivorum
1133 2635 1138 2653 ι
1148 2634 1241 2665 egem
1254 2625 1416 2663 confugit,
1428 2626 1482 2666 qui
1493 2627 1620 2666 paratis

921 2675 1075 2704 inaxiuus
1088 2675 1193 2714 copiis
1209 2684 1284 2704 cum
1302 2675 1519 2715 Amphiarao,
1536 2677 1620 2716 Hip-

921 2723 1140 2765 pomcdoute,
1169 2723 1342 2764 Capaneo,
1374 2724 1500 2766 Tydeo,
1535 2725 1619 2756 Par-
