1877 3193
220 166 336 209 2530

709 176 748 206 Ρ.
781 174 939 205 OVIDII
973 172 1189 204 NASONIS

224 272 303 315 Nil
324 273 410 314 sibi
429 285 527 314 cum
548 272 695 326 pelagi
716 271 823 311 dicit
842 270 936 311 fore
957 268 1196 321 naufragus
1218 267 1343 309 undis
1360 280 1372 320 ;

281 340 395 382 Mox
415 341 535 381 ducit
554 351 714 388 remos,
735 350 821 392 qua
840 336 971 378 modo
991 337 1128 386 navit,
1147 349 1275 389 aqua.

1619 337 1674 376 40

224 409 299 450 Sic
320 422 402 462 ego
424 411 672 450 constanter
694 406 893 447 studium
914 419 1003 446 non
1022 405 1127 446 utile
1150 416 1286 458 carpo
1306 416 1317 455 ;

282 476 340 517 Et
359 479 519 530 repeto,
540 475 700 516 nollem
723 485 832 527 quas
853 473 1060 521 coluisse,
1086 472 1220 513 Deas.

226 542 346 593 Quid
365 544 516 597 potius
536 542 725 583 faciam?
757 553 840 581 non
862 554 972 590 sum,
997 541 1071 593 qui
1092 540 1241 593 segnia
1261 539 1418 581 ducam

283 610 386 653 Otia
403 625 412 652 :
443 623 558 651 mors
576 610 702 650 nobis
724 612 894 661 tempus
914 609 1096 649 habetur
1117 608 1251 648 iners.

226 677 322 719 Nec
338 678 468 732 juvat
484 679 528 717 in
546 677 688 716 lucem
709 675 843 715 nimio
863 687 1134 715 marcescere
1157 675 1283 715 vino:

283 745 384 786 Nec
403 746 517 784 tenet
531 744 727 783 incertas
747 741 846 781 alea
865 741 1028 781 blanda
1047 754 1217 782 manus.

227 811 339 853 Cum
361 810 561 852 dedimus
584 821 755 858 somno,
779 821 888 862 quas
910 821 1069 861 corpus
1090 809 1305 861 postulat,
1325 808 1471 858 horas,

283 878 386 928 Quo
402 890 563 931 ponam
582 876 772 929 vigilans
794 880 995 929 tempora
1012 877 1140 929 longa
1158 876 1291 916 modo
1307 876 1325 916 'l

227 943 369 986 Moris
389 957 444 985 an
462 943 627 985 oblitus
649 943 779 996 patrii
801 943 1058 984 contendere
1079 943 1251 984 discam

282 1011 557 1053 Sarmaticos
581 1023 736 1062 arcus3
769 1014 813 1052 et
834 1010 979 1052 trahar
1000 1014 1091 1052 arte
1108 1010 1227 1051 loci?
1623 1010 1683 1047 510

227 1079 333 1120 Hoc
354 1091 530 1133 quoque
550 1092 619 1119 me
641 1078 835 1119 studium
856 1078 1086 1132 prohibent
1106 1090 1325 1118 assumere
1347 1077 1483 1128 vircs;

286 1146 503 1198 Mensque
522 1146 663 1198 magis
684 1146 832 1197 gracili
851 1159 1035 1199 corpore
1056 1149 1205 1186 nostra
1222 1146 1355 1186 valet.

228 1212 339 1254 Cum
357 1213 477 1253 bene
498 1212 739 1265 quaesieris,
763 1212 871 1265 quid
892 1226 1020 1264 agam
1038 1227 1048 1264 3
1079 1213 1218 1265 magis
1238 1212 1347 1253 utile
1367 1212 1427 1252 nil
1447 1215 1514 1252 est

284 1280 464 1321 Artibus
484 1279 566 1329 his,
591 1291 692 1332 quae
714 1279 775 1318 nil
796 1279 995 1320 utilitatis
1016 1280 1192 1320 habent.

230 1388 444 1428 Naufragium
466 1397 573 1428 passus
589 1388 634 1419 ait
651 1387 729 1418 nihil
749 1387 809 1418 sibi
828 1388 899 1425 fore
925 1399 992 1419 cum
1010 1388 1173 1428 fluctibus,
1199 1391 1228 1418 et
1254 1386 1355 1423 agitat
1380 1396 1477 1417 remos
1492 1386 1525 1416 in
1541 1395 1618 1425 aqua
1631 1394 1686 1425 per

227 1442 318 1470 quam
332 1432 418 1462 modo
432 1431 578 1461 cucurrit.
624 1429 676 1460 Itu
691 1440 745 1467 ego
761 1440 807 1460 me
820 1432 909 1461 trado
926 1431 1076 1461 obstinate
1089 1431 1189 1460 studio
1202 1430 1305 1459 inutili
1318 1439 1329 1465 ;
1353 1432 1382 1458 et
1398 1429 1495 1459 reciso
1512 1429 1598 1459 Deas
1611 1437 1686 1467 quus

225 1475 337 1504 nollem
352 1473 527 1503 celebrasse.
575 1472 662 1506 Quid
677 1482 769 1510 agam
784 1471 913 1511 potius?
959 1473 1031 1503 Non
1046 1483 1111 1502 sum
1126 1473 1177 1511 qui
1193 1473 1371 1510 indulgeam
1388 1472 1498 1509 ignaro
1515 1470 1597 1500 otio:
1621 1471 1684 1500 (lies

228 1515 350 1546 inutilis
361 1518 493 1555 putatur
516 1524 535 1544 α
560 1513 645 1544 nobis
669 1522 744 1544 esse
767 1515 926 1545 interitus.
972 1515 1079 1554 Neque
1099 1515 1200 1553 placet
1223 1515 1368 1551 languere
1391 1517 1457 1543 tota
1482 1516 1568 1543 nocte
1593 1512 1687 1543 nimis

227 1558 426 1588 immoderato
450 1565 553 1592 mero,·
574 1564 668 1595 neque
690 1555 767 1586 lenis
788 1556 855 1586 alea
880 1557 990 1586 mulcet
1015 1565 1122 1586 manus
1148 1555 1265 1586 dubias.
1310 1555 1480 1594 Postquam
1503 1555 1686 1585 indulsimus

226 1600 325 1640 quieti
341 1603 470 1640 tempus,
498 1599 577 1638 quod
592 1608 701 1638 corpus
715 1598 845 1638 expetit,
871 1600 1016 1638 quomodo
1031 1599 1182 1628 insumam
1198 1601 1395 1637 experrectus
1411 1600 1530 1627 vastum
1552 1597 1687 1635 spatium

227 1641 400 1682 temporis?
446 1643 535 1672 Anne
561 1641 718 1672 immemor
743 1641 972 1672 consuetudinis
1000 1642 1113 1681 patrioe
1140 1641 1284 1680 experiar
1310 1650 1400 1670 arcus
1429 1639 1631 1677 Sarmaticos,
1657 1641 1687 1668 et

227 1686 321 1715 ducar
336 1689 403 1715 arte
417 1682 500 1715 loci?
537 1684 623 1714 Vires
644 1685 771 1723 insuper
793 1687 900 1714 vetant
922 1694 969 1715 me
991 1684 1152 1722 indulgere
1175 1683 1245 1713 huic
1259 1683 1383 1717 studia,-
1407 1686 1436 1713 et
1451 1683 1572 1712 animus
1586 1683 1688 1711 noster

228 1730 272 1758 est
279 1727 409 1767 firmior
425 1727 586 1757 macilento
601 1735 738 1766 corpore.
785 1727 952 1766 Postquam
977 1727 1106 1758 multum
1130 1725 1389 1765 pervestigat-eris
1411 1724 1485 1765 quid
1505 1723 1618 1763 possim
1633 1722 1689 1761 fa-

228 1778 318 1806 ce1·e;
339 1769 419 1800 nihil
433 1769 535 1809 magis
548 1770 687 1800 conducit
703 1769 758 1799 hoc
778 1769 892 1809 studio,
915 1772 996 1809 quod
1012 1769 1091 1799 nihil
1114 1769 1203 1799 habet
1219 1769 1398 1809 compendii.
1447 1767 1619 1797 obliviscor
1632 1775 1688 1807 per

841 1854 1078 1865 eeeeeeeeeeee

230 1907 406 1937 ‹licit.-——40
431 1907 510 1938 Mox
526 1916 568 1937 ex
584 1907 643 1937 Fr.
666 1907 780 1947 placet
796 1908 916 1938 Burin.
941 1917 1011 1947 prae
1038 1909 1128 1947 vulg.
1158 1909 1295 1938 Et.——4l
1326 1907 1426 1946 Carpo
1453 1914 1511 1935 sex
1528 1904 1626 1942 libri3
1652 1904 1687 1935 id

230 1953 294 1988 est,
311 1950 536 1989 reprehendo.
561 1949 673 1980 Heius.
699 1950 801 1989 Vulg.
817 1959 926 1986 servo;
950 1960 1034 1981 unus
1050 1953 1217 1981 σανα-»44
1243 1950 1278 1980 F.
1295 1958 1432 1988 morsque
1448 1947 1523 1977 mihi
1549 1950 1687 1986 temp.—

231 1994 271 2022 47
296 1991 337 2022 P.
354 1996 390 2023 et
408 1997 476 2023 tres
494 1992 549 2023 alii
570 2002 667 2024 somn.
692 1995 810 2033 tempus
826 2003 900 2033 quas
922 1994 1119 2032 postul.—-53
1144 1992 1265 2024 Heius.
1290 1996 1389 2032 putat
1410 1990 1478 2021 ben.
1504 1989 1688 2030 quaesierim‚

894 2082 1033 2113 NOTAE

275 2159 316 2186 42
340 2154 440 2194 Deus]
463 2154 592 2185 Musas.

275 2208 315 2236 43
342 2205 425 2239 Quid
453 2204 570 2244 potius]
594 2203 624 2233 A
649 2205 856 2235 necessitate
876 2215 933 2235 no-

235 2264 310 2286 vam
327 2257 446 2293 captat
462 2253 633 2284 scribendi
652 2255 826 2285 rationem.

277 2306 319 2335 44
342 2303 445 2343 Mors]
469 2304 608 2335 Utinam
626 2304 777 2344 plurimis
794 2303 884 2333 istud
901 2304 933 2333 in

235 2358 386 2385 mentem
415 2354 561 2393 veniret,
587 2354 675 2395 quod
702 2357 770 2384 tam
801 2361 933 2384 certum

237 2407 290 2435 est
305 2407 405 2444 atque
422 2404 518 2434 utile.

279 2457 318 2485 45
345 2454 383 2484 ln
398 2454 508 2494 lucem]
531 2453 695 2494 Adeoque
712 2458 784 2484 tota
801 2458 913 2485 nocte.

280 2504 488 2543 marcescere]
527 2504 605 2535 Non
634 2503 807 2534 feritatem
836 2503 934 2534 modo

239 2554 368 2586 inducit
402 2555 539 2585 nimium
569 2564 709 2593 merum,
739 2559 773 2584 et
804 2554 935 2584 morbos

240 2606 418 2645 plurimos;
442 2605 501 2636 sed
528 2605 722 2645 languidum
747 2604 884 2644 insuper
900 2608 934 2634 et

241 2655 357 2685 inutile
395 2656 506 2688 reddit
551 2665 686 2698 corpus,
722 2659 935 2697 mentemque

240 2705 388 2737 hebetat.

1030 2160 1072 2187 46
1098 2156 1252 2195 Incertus]
1276 2155 1437 2193 Omnino,
1459 2153 1622 2194 siquidem
1639 2153 1687 2184 in-

989 2211 1092 2236 certae
1116 2207 1200 2236 aleae
1229 2215 1287 2235 sua
1316 2206 1402 2235 bona
1429 2204 1574 2234 credunt
1599 2203 1688 2233 alea-

988 2258 1092 2285 tores.

1032 2303 1172 2343 Blanda]
1195 2303 1282 2335 Quia
1309 2312 1368 2342 spe
1397 2302 1481 2332 lucri
1504 2301 1604 2333 facile
1631 2302 1688 2334 du-

990 2357 1113 2382 cuntur
1129 2352 1184 2392 qni
1201 2352 1282 2381 aleae
1299 2352 1449 2382 student.

1031 2404 1073 2431 49
1098 2401 1211 2440 Moris]
1236 2402 1394 2431 Romana·
1412 2401 1610 2441 disciplina‘.

1032 2456 1072 2481 50
1098 2453 1187 2492 Loci]
1209 2453 1400 2492 Tomorum,
1414 2454 1486 2484 scil.
1499 2460 1556 2484 aut
1573 2454 1687 2485 Tomi-

991 2509 1154 2534 taurorum.

1031 2557 1068 2584 51
1107 2553 1265 2593 Studium]
1297 2553 1395 2585 Quod
1421 2554 1453 2583 in
1479 2554 1687 2586 intendendo

989 2613 1068 2634 arcu
1087 2604 1239 2642 positum.

1038 2653 1138 2691 Viros]
1163 2654 1246 2684 (δυ-αὶ
1265 2657 1382 2683 tenues
1398 2657 1486 2684 sunt.

1032 2705 1072 2734 54
1097 2705 1154 2735 Mt
1179 2704 1341 2744 utilitatis]
1373 2705 1528 2747 Namque
1550 2705 1560 2723 ‘
1579 2704 1685 2736 Moeo-
