<?xml version="1.0" encoding="UTF-8"?>
<!DOCTYPE html PUBLIC "-//W3C//DTD XHTML 1.0 Transitional//EN"
    "http://www.w3.org/TR/xhtml1/DTD/xhtml1-transitional.dtd">
<html xmlns="http://www.w3.org/1999/xhtml" xml:lang="en" lang="en">
 <head>
  <title>
</title>
<meta http-equiv="Content-Type" content="text/html;charset=utf-8" />
  <meta name='ocr-system' content='tesseract 3.04.00' />
  <meta name='ocr-capabilities' content='ocr_page ocr_carea ocr_par ocr_line ocrx_word'/>
</head>
<body>
  <div class='ocr_page' id='page_1' title='image "./operaomniaexedit05oviduoft/operaomniaexedit05oviduoft_0392.png"; bbox 0 0 1877 3193; ppageno 0'>
   <div class='ocr_carea' id='block_1_1' title="bbox 225 165 1184 209">
    <p class='ocr_par' dir='ltr' id='par_1_1' title="bbox 225 165 1184 209">
     <span class='ocr_line' id='line_1_1' title="bbox 225 165 1184 209; baseline -0.003 0"><span class='ocrx_word' id='word_1_1' title='bbox 225 165 338 209; x_wconf 77' lang='lat'><strong>2592</strong></span> <span class='ocrx_word' id='word_1_2' title='bbox 708 177 748 207; x_wconf 82' lang='lat' dir='ltr'>P.</span> <span class='ocrx_word' id='word_1_3' title='bbox 781 176 939 207; x_wconf 80' lang='lat' dir='ltr'>ovum</span> <span class='ocrx_word' id='word_1_4' title='bbox 970 174 1184 206; x_wconf 69' lang='lat' dir='ltr'>NAsoms</span> 
     </span>
    </p>
   </div>
   <div class='ocr_carea' id='block_1_2' title="bbox 222 269 1678 1315">
    <p class='ocr_par' dir='ltr' id='par_1_2' title="bbox 222 269 1678 1315">
     <span class='ocr_line' id='line_1_2' title="bbox 225 269 1500 326; baseline 0.001 -14"><span class='ocrx_word' id='word_1_5' title='bbox 225 269 353 321; x_wconf 88' lang='lat' dir='ltr'>Mox,</span> <span class='ocrx_word' id='word_1_6' title='bbox 375 272 451 313; x_wconf 91' lang='lat' dir='ltr'>ubi</span> <span class='ocrx_word' id='word_1_7' title='bbox 471 272 600 326; x_wconf 83' lang='lat' dir='ltr'>pulsa</span> <span class='ocrx_word' id='word_1_8' title='bbox 620 284 744 314; x_wconf 87' lang='lat' dir='ltr'>mora</span> <span class='ocrx_word' id='word_1_9' title='bbox 763 276 843 322; x_wconf 89' lang='lat' dir='ltr'>est,</span> <span class='ocrx_word' id='word_1_10' title='bbox 869 274 998 326; x_wconf 81' lang='lat' dir='ltr'>atque</span> <span class='ocrx_word' id='word_1_11' title='bbox 1020 284 1072 314; x_wconf 87' lang='lat' dir='ltr'>os</span> <span class='ocrx_word' id='word_1_12' title='bbox 1092 271 1276 314; x_wconf 81' lang='lat' dir='ltr'>coeleste</span> <span class='ocrx_word' id='word_1_13' title='bbox 1294 270 1500 321; x_wconf 89' lang='lat' dir='ltr'>solutum,</span> 
     </span>
     <span class='ocr_line' id='line_1_3' title="bbox 282 338 1200 394; baseline 0.001 -14"><span class='ocrx_word' id='word_1_14' title='bbox 282 339 388 380; x_wconf 93' lang='lat' dir='ltr'>Hoc</span> <span class='ocrx_word' id='word_1_15' title='bbox 408 339 607 393; x_wconf 89' lang='lat' dir='ltr'>Superos</span> <span class='ocrx_word' id='word_1_16' title='bbox 619 338 743 394; x_wconf 84' lang='lat' dir='ltr'>jures</span> <span class='ocrx_word' id='word_1_17' title='bbox 762 352 881 380; x_wconf 89' lang='lat' dir='ltr'>more</span> <span class='ocrx_word' id='word_1_18' title='bbox 900 340 1042 381; x_wconf 89' lang='lat' dir='ltr'>solere</span> <span class='ocrx_word' id='word_1_19' title='bbox 1060 339 1200 394; x_wconf 87' lang='lat' dir='ltr'>loqui.</span> 
     </span>
     <span class='ocr_line' id='line_1_4' title="bbox 223 403 1673 461; baseline -0.001 -14"><span class='ocrx_word' id='word_1_20' title='bbox 223 403 388 460; x_wconf 80' lang='lat' dir='ltr'><strong>Atque,</strong></span> <span class='ocrx_word' id='word_1_21' title='bbox 410 405 528 449; x_wconf 85' lang='lat' dir='ltr'>Haec</span> <span class='ocrx_word' id='word_1_22' title='bbox 548 411 628 457; x_wconf 85' lang='lat' dir='ltr'>est,</span> <span class='ocrx_word' id='word_1_23' title='bbox 651 406 790 456; x_wconf 83' lang='lat' dir='ltr'>dicas,</span> <span class='ocrx_word' id='word_1_24' title='bbox 811 407 1023 448; x_wconf 82' lang='lat' dir='ltr'>facundia</span> <span class='ocrx_word' id='word_1_25' title='bbox 1041 407 1249 461; x_wconf 82' lang='lat' dir='ltr'>Principe</span> <span class='ocrx_word' id='word_1_26' title='bbox 1271 405 1426 460; x_wconf 85' lang='lat' dir='ltr'>digna:</span> <span class='ocrx_word' id='word_1_27' title='bbox 1616 405 1673 446; x_wconf 83' lang='lat'>55</span> 
     </span>
     <span class='ocr_line' id='line_1_5' title="bbox 280 474 1067 528; baseline 0 -13"><span class='ocrx_word' id='word_1_28' title='bbox 280 474 469 528; x_wconf 93' lang='lat' dir='ltr'>Eloquio</span> <span class='ocrx_word' id='word_1_29' title='bbox 490 479 656 516; x_wconf 82' lang='lat' dir='ltr'>tantum</span> <span class='ocrx_word' id='word_1_30' title='bbox 674 474 919 516; x_wconf 77' lang='lat' dir='ltr'>nobilitatis</span> <span class='ocrx_word' id='word_1_31' title='bbox 939 476 1067 516; x_wconf 86' lang='lat' dir='ltr'>inest.</span> 
     </span>
     <span class='ocr_line' id='line_1_6' title="bbox 223 539 1343 594; baseline -0.002 -12"><span class='ocrx_word' id='word_1_32' title='bbox 223 539 345 582; x_wconf 90' lang='lat' dir='ltr'>Huic</span> <span class='ocrx_word' id='word_1_33' title='bbox 364 547 414 581; x_wconf 82' lang='lat' dir='ltr'>tu</span> <span class='ocrx_word' id='word_1_34' title='bbox 435 555 532 582; x_wconf 90' lang='lat' dir='ltr'>cum</span> <span class='ocrx_word' id='word_1_35' title='bbox 553 542 750 594; x_wconf 80' lang='lat' dir='ltr'>placeas,</span> <span class='ocrx_word' id='word_1_36' title='bbox 772 544 814 581; x_wconf 88' lang='lat' dir='ltr'>et</span> <span class='ocrx_word' id='word_1_37' title='bbox 833 541 993 582; x_wconf 85' lang='lat' dir='ltr'>vertice</span> <span class='ocrx_word' id='word_1_38' title='bbox 1012 541 1159 582; x_wconf 83' lang='lat' dir='ltr'>sidera</span> <span class='ocrx_word' id='word_1_39' title='bbox 1177 544 1343 593; x_wconf 82' lang='lat' dir='ltr'>tangas,</span> 
     </span>
     <span class='ocr_line' id='line_1_7' title="bbox 282 607 1334 661; baseline -0.002 -12"><span class='ocrx_word' id='word_1_40' title='bbox 282 609 459 661; x_wconf 82' lang='lat' dir='ltr'>Scripta</span> <span class='ocrx_word' id='word_1_41' title='bbox 477 612 619 649; x_wconf 79' lang='lat' dir='ltr'>tamen</span> <span class='ocrx_word' id='word_1_42' title='bbox 638 607 811 661; x_wconf 80' lang='lat' dir='ltr'>profugi</span> <span class='ocrx_word' id='word_1_43' title='bbox 831 609 948 648; x_wconf 85' lang='lat' dir='ltr'>vatis</span> <span class='ocrx_word' id='word_1_44' title='bbox 969 607 1171 648; x_wconf 80' lang='lat' dir='ltr'>habenda</span> <span class='ocrx_word' id='word_1_45' title='bbox 1187 611 1334 661; x_wconf 84' lang='lat' dir='ltr'>putas.</span> 
     </span>
     <span class='ocr_line' id='line_1_8' title="bbox 223 674 1304 728; baseline -0.002 -11"><span class='ocrx_word' id='word_1_46' title='bbox 223 675 404 717; x_wconf 84' lang='lat' dir='ltr'>Scilicet</span> <span class='ocrx_word' id='word_1_47' title='bbox 420 675 603 727; x_wconf 83' lang='lat' dir='ltr'>ingeniis</span> <span class='ocrx_word' id='word_1_48' title='bbox 624 675 772 726; x_wconf 84' lang='lat' dir='ltr'>aliqua</span> <span class='ocrx_word' id='word_1_49' title='bbox 792 678 858 714; x_wconf 89' lang='lat' dir='ltr'>est</span> <span class='ocrx_word' id='word_1_50' title='bbox 878 674 1112 715; x_wconf 83' lang='lat' dir='ltr'>concordia</span> <span class='ocrx_word' id='word_1_51' title='bbox 1124 674 1304 728; x_wconf 88' lang='lat' dir='ltr'>junctis,</span> 
     </span>
     <span class='ocr_line' id='line_1_9' title="bbox 281 738 1675 792; baseline -0.006 -9"><span class='ocrx_word' id='word_1_52' title='bbox 281 742 340 783; x_wconf 85' lang='lat' dir='ltr'>Et</span> <span class='ocrx_word' id='word_1_53' title='bbox 359 745 503 783; x_wconf 79' lang='lat' dir='ltr'>servat</span> <span class='ocrx_word' id='word_1_54' title='bbox 523 741 654 782; x_wconf 88' lang='lat' dir='ltr'>studii</span> <span class='ocrx_word' id='word_1_55' title='bbox 674 738 841 780; x_wconf 78' lang='lat' dir='ltr'>foedera</span> <span class='ocrx_word' id='word_1_56' title='bbox 861 740 1047 792; x_wconf 89' lang='lat' dir='ltr'>quisque</span> <span class='ocrx_word' id='word_1_57' title='bbox 1069 740 1151 780; x_wconf 90' lang='lat' dir='ltr'>sui.</span> <span class='ocrx_word' id='word_1_58' title='bbox 1619 739 1675 780; x_wconf 87' lang='lat'>60</span> 
     </span>
     <span class='ocr_line' id='line_1_10' title="bbox 224 804 1347 861; baseline -0.004 -12"><span class='ocrx_word' id='word_1_59' title='bbox 224 808 436 851; x_wconf 86' lang='lat' dir='ltr'>Rusticus</span> <span class='ocrx_word' id='word_1_60' title='bbox 456 808 705 861; x_wconf 80' lang='lat' dir='ltr'>agricolam,</span> <span class='ocrx_word' id='word_1_61' title='bbox 726 805 851 845; x_wconf 88' lang='lat' dir='ltr'>miles</span> <span class='ocrx_word' id='word_1_62' title='bbox 870 804 963 844; x_wconf 82' lang='lat' dir='ltr'>fera</span> <span class='ocrx_word' id='word_1_63' title='bbox 979 805 1097 845; x_wconf 80' lang='lat' dir='ltr'>bella</span> <span class='ocrx_word' id='word_1_64' title='bbox 1116 808 1347 856; x_wconf 83' lang='lat' dir='ltr'>gerentem,</span> 
     </span>
     <span class='ocr_line' id='line_1_11' title="bbox 281 870 1180 924; baseline -0.006 -8"><span class='ocrx_word' id='word_1_65' title='bbox 281 875 511 916; x_wconf 85' lang='lat' dir='ltr'>Rectorem</span> <span class='ocrx_word' id='word_1_66' title='bbox 533 873 679 914; x_wconf 86' lang='lat' dir='ltr'>dubiae</span> <span class='ocrx_word' id='word_1_67' title='bbox 695 870 847 913; x_wconf 81' lang='lat' dir='ltr'>navita</span> <span class='ocrx_word' id='word_1_68' title='bbox 864 870 1029 924; x_wconf 85' lang='lat' dir='ltr'>puppis</span> <span class='ocrx_word' id='word_1_69' title='bbox 1050 873 1180 912; x_wconf 82' lang='lat' dir='ltr'>amat.</span> 
     </span>
     <span class='ocr_line' id='line_1_12' title="bbox 222 938 1350 995; baseline -0.005 -12"><span class='ocrx_word' id='word_1_70' title='bbox 222 941 294 983; x_wconf 85' lang='lat' dir='ltr'>Tu</span> <span class='ocrx_word' id='word_1_71' title='bbox 313 954 487 995; x_wconf 91' lang='lat' dir='ltr'>quoque</span> <span class='ocrx_word' id='word_1_72' title='bbox 507 939 727 980; x_wconf 88' lang='lat' dir='ltr'>Pieridum</span> <span class='ocrx_word' id='word_1_73' title='bbox 748 938 907 988; x_wconf 89' lang='lat' dir='ltr'>studio,</span> <span class='ocrx_word' id='word_1_74' title='bbox 929 938 1142 987; x_wconf 82' lang='lat' dir='ltr'>studiose,</span> <span class='ocrx_word' id='word_1_75' title='bbox 1164 938 1350 991; x_wconf 81' lang='lat' dir='ltr'>teneris;</span> 
     </span>
     <span class='ocr_line' id='line_1_13' title="bbox 281 1006 1101 1061; baseline -0.004 -12"><span class='ocrx_word' id='word_1_76' title='bbox 281 1008 551 1061; x_wconf 86' lang='lat' dir='ltr'>Ingenioque</span> <span class='ocrx_word' id='word_1_77' title='bbox 570 1006 708 1056; x_wconf 81' lang='lat' dir='ltr'>faves,</span> <span class='ocrx_word' id='word_1_78' title='bbox 728 1006 968 1058; x_wconf 85' lang='lat' dir='ltr'>ingeniose,</span> <span class='ocrx_word' id='word_1_79' title='bbox 990 1018 1101 1046; x_wconf 87' lang='lat' dir='ltr'>meo.</span> 
     </span>
     <span class='ocr_line' id='line_1_14' title="bbox 223 1070 1678 1128; baseline -0.003 -11"><span class='ocrx_word' id='word_1_80' title='bbox 223 1075 375 1117; x_wconf 82' lang='lat' dir='ltr'>Distat</span> <span class='ocrx_word' id='word_1_81' title='bbox 396 1087 511 1128; x_wconf 89' lang='lat' dir='ltr'>opus</span> <span class='ocrx_word' id='word_1_82' title='bbox 531 1077 724 1114; x_wconf 82' lang='lat' dir='ltr'>nostrum</span> <span class='ocrx_word' id='word_1_83' title='bbox 742 1086 753 1123; x_wconf 89' lang='grc'><strong>;</strong></span> <span class='ocrx_word' id='word_1_84' title='bbox 785 1071 862 1113; x_wconf 89' lang='lat' dir='ltr'>sed</span> <span class='ocrx_word' id='word_1_85' title='bbox 882 1071 1078 1113; x_wconf 87' lang='lat' dir='ltr'>fontibus</span> <span class='ocrx_word' id='word_1_86' title='bbox 1099 1071 1193 1112; x_wconf 77' lang='lat' dir='ltr'>exit</span> <span class='ocrx_word' id='word_1_87' title='bbox 1212 1071 1270 1112; x_wconf 84' lang='lat' dir='ltr'>ab</span> <span class='ocrx_word' id='word_1_88' title='bbox 1290 1070 1428 1114; x_wconf 78' lang='lat' dir='ltr'>isdem</span> <span class='ocrx_word' id='word_1_89' title='bbox 1445 1085 1454 1112; x_wconf 90' lang='lat'>:</span> <span class='ocrx_word' id='word_1_90' title='bbox 1622 1072 1678 1113; x_wconf 85' lang='lat'>65</span> 
     </span>
     <span class='ocr_line' id='line_1_15' title="bbox 281 1139 1227 1193; baseline -0.003 -11"><span class='ocrx_word' id='word_1_91' title='bbox 281 1141 404 1182; x_wconf 88' lang='lat' dir='ltr'>Artis</span> <span class='ocrx_word' id='word_1_92' title='bbox 424 1145 469 1180; x_wconf 90' lang='lat' dir='ltr'>et</span> <span class='ocrx_word' id='word_1_93' title='bbox 487 1141 685 1193; x_wconf 83' lang='lat' dir='ltr'>ingenuae</span> <span class='ocrx_word' id='word_1_94' title='bbox 702 1139 841 1180; x_wconf 89' lang='lat' dir='ltr'>cultor</span> <span class='ocrx_word' id='word_1_95' title='bbox 861 1141 1042 1192; x_wconf 89' lang='lat' dir='ltr'>uterque</span> <span class='ocrx_word' id='word_1_96' title='bbox 1065 1150 1227 1179; x_wconf 74' lang='lat' dir='ltr'>sumus·</span> 
     </span>
     <span class='ocr_line' id='line_1_16' title="bbox 224 1204 1335 1261; baseline -0.003 -13"><span class='ocrx_word' id='word_1_97' title='bbox 224 1207 421 1261; x_wconf 81' lang='lat' dir='ltr'>Thyrsus</span> <span class='ocrx_word' id='word_1_98' title='bbox 440 1206 552 1247; x_wconf 83' lang='lat' dir='ltr'>enim</span> <span class='ocrx_word' id='word_1_99' title='bbox 571 1206 714 1255; x_wconf 87' lang='lat' dir='ltr'>vobis,</span> <span class='ocrx_word' id='word_1_100' title='bbox 736 1207 906 1258; x_wconf 79' lang='lat' dir='ltr'>gestata</span> <span class='ocrx_word' id='word_1_101' title='bbox 925 1212 992 1245; x_wconf 86' lang='lat' dir='ltr'>est</span> <span class='ocrx_word' id='word_1_102' title='bbox 1011 1206 1160 1246; x_wconf 84' lang='lat' dir='ltr'>laurea</span> <span class='ocrx_word' id='word_1_103' title='bbox 1179 1204 1307 1245; x_wconf 89' lang='lat' dir='ltr'>nobis</span> <span class='ocrx_word' id='word_1_104' title='bbox 1324 1218 1335 1257; x_wconf 95' lang='lat'>;</span> 
     </span>
     <span class='ocr_line' id='line_1_17' title="bbox 284 1271 1237 1315; baseline -0.003 -1"><span class='ocrx_word' id='word_1_105' title='bbox 284 1273 374 1314; x_wconf 86' lang='lat' dir='ltr'>Sed</span> <span class='ocrx_word' id='word_1_106' title='bbox 394 1278 541 1315; x_wconf 79' lang='lat' dir='ltr'>tamen</span> <span class='ocrx_word' id='word_1_107' title='bbox 560 1272 775 1313; x_wconf 83' lang='lat' dir='ltr'>ambobus</span> <span class='ocrx_word' id='word_1_108' title='bbox 792 1272 921 1312; x_wconf 90' lang='lat' dir='ltr'>debet</span> <span class='ocrx_word' id='word_1_109' title='bbox 940 1272 1084 1313; x_wconf 88' lang='lat' dir='ltr'>inesse</span> <span class='ocrx_word' id='word_1_110' title='bbox 1106 1271 1237 1312; x_wconf 82' lang='lat' dir='ltr'>calor.</span> 
     </span>
    </p>
   </div>
   <div class='ocr_carea' id='block_1_3' title="bbox 225 1397 1684 1776">
    <p class='ocr_par' dir='ltr' id='par_1_3' title="bbox 225 1397 1684 1776">
     <span class='ocr_line' id='line_1_18' title="bbox 225 1397 1681 1441; baseline -0.001 -10"><span class='ocrx_word' id='word_1_111' title='bbox 225 1400 469 1441; x_wconf 56' lang='lat' dir='ltr'>expectationem</span> <span class='ocrx_word' id='word_1_112' title='bbox 483 1399 566 1430; x_wconf 83' lang='lat' dir='ltr'>vocis</span> <span class='ocrx_word' id='word_1_113' title='bbox 580 1399 715 1429; x_wconf 80' lang='lat' dir='ltr'>disertae.</span> <span class='ocrx_word' id='word_1_114' title='bbox 761 1398 853 1438; x_wconf 72' lang='lat' dir='ltr'>Illox,</span> <span class='ocrx_word' id='word_1_115' title='bbox 862 1401 1023 1438; x_wconf 78' lang='lat' dir='ltr'>postquam</span> <span class='ocrx_word' id='word_1_116' title='bbox 1037 1397 1157 1428; x_wconf 80' lang='lat' dir='ltr'>sublata</span> <span class='ocrx_word' id='word_1_117' title='bbox 1172 1400 1218 1427; x_wconf 80' lang='lat' dir='ltr'>est</span> <span class='ocrx_word' id='word_1_118' title='bbox 1232 1397 1397 1433; x_wconf 79' lang='lat' dir='ltr'>cunctatio,</span> <span class='ocrx_word' id='word_1_119' title='bbox 1413 1400 1505 1438; x_wconf 73' lang='lat' dir='ltr'>atque</span> <span class='ocrx_word' id='word_1_120' title='bbox 1520 1405 1552 1427; x_wconf 78' lang='lat' dir='ltr'>os</span> <span class='ocrx_word' id='word_1_121' title='bbox 1564 1397 1681 1429; x_wconf 76' lang='lat' dir='ltr'>coeleste</span> 
     </span>
     <span class='ocr_line' id='line_1_19' title="bbox 226 1438 1681 1482; baseline -0.003 -9"><span class='ocrx_word' id='word_1_122' title='bbox 226 1446 378 1482; x_wconf 73' lang='lat' dir='ltr'>apertum,</span> <span class='ocrx_word' id='word_1_123' title='bbox 385 1442 474 1478; x_wconf 77' lang='lat' dir='ltr'>jures</span> <span class='ocrx_word' id='word_1_124' title='bbox 490 1442 574 1471; x_wconf 82' lang='lat' dir='ltr'>Deos</span> <span class='ocrx_word' id='word_1_125' title='bbox 599 1440 787 1471; x_wconf 69' lang='lat' dir='ltr'>consuevisse</span> <span class='ocrx_word' id='word_1_126' title='bbox 803 1441 885 1479; x_wconf 78' lang='lat' dir='ltr'>loqui</span> <span class='ocrx_word' id='word_1_127' title='bbox 900 1441 954 1470; x_wconf 78' lang='lat' dir='ltr'>hoc</span> <span class='ocrx_word' id='word_1_128' title='bbox 968 1441 1065 1470; x_wconf 80' lang='lat' dir='ltr'>modo.</span> <span class='ocrx_word' id='word_1_129' title='bbox 1113 1440 1212 1478; x_wconf 77' lang='lat' dir='ltr'>Atque</span> <span class='ocrx_word' id='word_1_130' title='bbox 1236 1439 1332 1477; x_wconf 79' lang='lat' dir='ltr'>dicas,</span> <span class='ocrx_word' id='word_1_131' title='bbox 1355 1438 1437 1469; x_wconf 82' lang='lat' dir='ltr'>Hoec</span> <span class='ocrx_word' id='word_1_132' title='bbox 1451 1441 1496 1469; x_wconf 78' lang='lat' dir='ltr'>est</span> <span class='ocrx_word' id='word_1_133' title='bbox 1511 1439 1681 1479; x_wconf 75' lang='lat' dir='ltr'>eloquentia</span> 
     </span>
     <span class='ocr_line' id='line_1_20' title="bbox 225 1480 1682 1522; baseline -0.001 -8"><span class='ocrx_word' id='word_1_134' title='bbox 225 1485 321 1522; x_wconf 77' lang='lat' dir='ltr'>digna</span> <span class='ocrx_word' id='word_1_135' title='bbox 334 1483 496 1522; x_wconf 79' lang='lat' dir='ltr'>Principe,</span> <span class='ocrx_word' id='word_1_136' title='bbox 511 1485 633 1512; x_wconf 78' lang='lat' dir='ltr'>tantum</span> <span class='ocrx_word' id='word_1_137' title='bbox 645 1482 818 1512; x_wconf 80' lang='lat' dir='ltr'>nobilitatis</span> <span class='ocrx_word' id='word_1_138' title='bbox 830 1482 909 1511; x_wconf 82' lang='lat' dir='ltr'>inest</span> <span class='ocrx_word' id='word_1_139' title='bbox 925 1481 1062 1512; x_wconf 76' lang='lat' dir='ltr'>dictioni.</span> <span class='ocrx_word' id='word_1_140' title='bbox 1109 1482 1187 1510; x_wconf 82' lang='lat' dir='ltr'>Cum</span> <span class='ocrx_word' id='word_1_141' title='bbox 1203 1484 1235 1510; x_wconf 75' lang='lat' dir='ltr'>lu</span> <span class='ocrx_word' id='word_1_142' title='bbox 1246 1483 1359 1518; x_wconf 74' lang='lat' dir='ltr'>gratus</span> <span class='ocrx_word' id='word_1_143' title='bbox 1369 1480 1412 1510; x_wconf 83' lang='lat' dir='ltr'>sis</span> <span class='ocrx_word' id='word_1_144' title='bbox 1425 1481 1509 1519; x_wconf 82' lang='lat' dir='ltr'>huic,</span> <span class='ocrx_word' id='word_1_145' title='bbox 1525 1485 1555 1512; x_wconf 75' lang='lat' dir='ltr'>et</span> <span class='ocrx_word' id='word_1_146' title='bbox 1571 1484 1682 1521; x_wconf 79' lang='lat' dir='ltr'>tangas</span> 
     </span>
     <span class='ocr_line' id='line_1_21' title="bbox 225 1521 1682 1564; baseline -0.001 -8"><span class='ocrx_word' id='word_1_147' title='bbox 225 1529 311 1556; x_wconf 74' lang='lat' dir='ltr'>astra</span> <span class='ocrx_word' id='word_1_148' title='bbox 326 1525 452 1563; x_wconf 71' lang='lat' dir='ltr'>vertice,</span> <span class='ocrx_word' id='word_1_149' title='bbox 478 1525 577 1554; x_wconf 70' lang='lat' dir='ltr'>crectis</span> <span class='ocrx_word' id='word_1_150' title='bbox 592 1526 694 1554; x_wconf 75' lang='lat' dir='ltr'>tamen</span> <span class='ocrx_word' id='word_1_151' title='bbox 718 1523 835 1563; x_wconf 79' lang='lat' dir='ltr'>scripta</span> <span class='ocrx_word' id='word_1_152' title='bbox 850 1522 959 1553; x_wconf 56' lang='lat' dir='ltr'>Politae</span> <span class='ocrx_word' id='word_1_153' title='bbox 974 1522 1109 1560; x_wconf 75' lang='lat' dir='ltr'>relegati</span> <span class='ocrx_word' id='word_1_154' title='bbox 1134 1531 1196 1552; x_wconf 82' lang='lat' dir='ltr'>esse</span> <span class='ocrx_word' id='word_1_155' title='bbox 1211 1521 1359 1552; x_wconf 74' lang='lat' dir='ltr'>habenda.</span> <span class='ocrx_word' id='word_1_156' title='bbox 1404 1522 1565 1554; x_wconf 81' lang='lat' dir='ltr'>Nimirum</span> <span class='ocrx_word' id='word_1_157' title='bbox 1579 1524 1682 1564; x_wconf 81' lang='lat' dir='ltr'>aliqua</span> 
     </span>
     <span class='ocr_line' id='line_1_22' title="bbox 226 1562 1681 1605; baseline -0.002 -6"><span class='ocrx_word' id='word_1_158' title='bbox 226 1572 272 1599; x_wconf 77' lang='lat' dir='ltr'>est</span> <span class='ocrx_word' id='word_1_159' title='bbox 287 1567 448 1598; x_wconf 83' lang='lat' dir='ltr'>concordia</span> <span class='ocrx_word' id='word_1_160' title='bbox 473 1565 609 1604; x_wconf 75' lang='lat' dir='ltr'>ingeniis</span> <span class='ocrx_word' id='word_1_161' title='bbox 628 1565 762 1604; x_wconf 78' lang='lat' dir='ltr'>junctis,</span> <span class='ocrx_word' id='word_1_162' title='bbox 786 1568 815 1596; x_wconf 75' lang='lat' dir='ltr'>et</span> <span class='ocrx_word' id='word_1_163' title='bbox 842 1565 967 1605; x_wconf 80' lang='lat' dir='ltr'>quisque</span> <span class='ocrx_word' id='word_1_164' title='bbox 993 1567 1099 1595; x_wconf 77' lang='lat' dir='ltr'>tuetur</span> <span class='ocrx_word' id='word_1_165' title='bbox 1116 1562 1194 1601; x_wconf 75' lang='lat' dir='ltr'>J’ura</span> <span class='ocrx_word' id='word_1_166' title='bbox 1215 1564 1310 1593; x_wconf 74' lang='lat' dir='ltr'>studii</span> <span class='ocrx_word' id='word_1_167' title='bbox 1335 1563 1393 1594; x_wconf 81' lang='lat' dir='ltr'>sni.</span> <span class='ocrx_word' id='word_1_168' title='bbox 1437 1564 1582 1602; x_wconf 72' lang='lat' dir='ltr'>Agrestis</span> <span class='ocrx_word' id='word_1_169' title='bbox 1596 1569 1681 1596; x_wconf 70' lang='lat' dir='ltr'>amat</span> 
     </span>
     <span class='ocr_line' id='line_1_23' title="bbox 226 1606 1682 1650; baseline -0.002 -9"><span class='ocrx_word' id='word_1_170' title='bbox 226 1610 408 1650; x_wconf 65' lang='lat' dir='ltr'>agricolam,</span> <span class='ocrx_word' id='word_1_171' title='bbox 421 1609 511 1640; x_wconf 83' lang='lat' dir='ltr'>miles</span> <span class='ocrx_word' id='word_1_172' title='bbox 521 1612 691 1639; x_wconf 83' lang='lat' dir='ltr'>moventem</span> <span class='ocrx_word' id='word_1_173' title='bbox 705 1617 786 1638; x_wconf 60' lang='lat' dir='ltr'>saeva</span> <span class='ocrx_word' id='word_1_174' title='bbox 798 1607 888 1647; x_wconf 85' lang='lat' dir='ltr'>bella,</span> <span class='ocrx_word' id='word_1_175' title='bbox 904 1610 1001 1638; x_wconf 78' lang='lat' dir='ltr'>nauta</span> <span class='ocrx_word' id='word_1_176' title='bbox 1013 1606 1249 1646; x_wconf 79' lang='lat' dir='ltr'>gubernatorem</span> <span class='ocrx_word' id='word_1_177' title='bbox 1264 1606 1390 1636; x_wconf 68' lang='lat' dir='ltr'>incertae</span> <span class='ocrx_word' id='word_1_178' title='bbox 1406 1606 1505 1638; x_wconf 76' lang='lat' dir='ltr'>navis.</span> <span class='ocrx_word' id='word_1_179' title='bbox 1552 1606 1598 1637; x_wconf 78' lang='lat' dir='ltr'>Tu</span> <span class='ocrx_word' id='word_1_180' title='bbox 1611 1617 1682 1648; x_wconf 85' lang='lat' dir='ltr'>quo-</span> 
     </span>
     <span class='ocr_line' id='line_1_24' title="bbox 226 1648 1684 1692; baseline -0.001 -10"><span class='ocrx_word' id='word_1_181' title='bbox 226 1664 296 1692; x_wconf 71' lang='lat' dir='ltr'>que,</span> <span class='ocrx_word' id='word_1_182' title='bbox 308 1651 455 1691; x_wconf 77' lang='lat' dir='ltr'>studiose,</span> <span class='ocrx_word' id='word_1_183' title='bbox 461 1651 555 1688; x_wconf 79' lang='lat' dir='ltr'>faves</span> <span class='ocrx_word' id='word_1_184' title='bbox 569 1651 670 1681; x_wconf 78' lang='lat' dir='ltr'>studio</span> <span class='ocrx_word' id='word_1_185' title='bbox 686 1650 860 1690; x_wconf 81' lang='lat' dir='ltr'>Pieridum,</span> <span class='ocrx_word' id='word_1_186' title='bbox 870 1653 899 1680; x_wconf 85' lang='lat' dir='ltr'>et</span> <span class='ocrx_word' id='word_1_187' title='bbox 915 1648 1082 1689; x_wconf 78' lang='lat' dir='ltr'>ingeniose,</span> <span class='ocrx_word' id='word_1_188' title='bbox 1097 1657 1182 1678; x_wconf 86' lang='lat' dir='ltr'>amas</span> <span class='ocrx_word' id='word_1_189' title='bbox 1196 1648 1355 1686; x_wconf 80' lang='lat' dir='ltr'>ingenium</span> <span class='ocrx_word' id='word_1_190' title='bbox 1369 1657 1477 1679; x_wconf 80' lang='lat' dir='ltr'>meum.</span> <span class='ocrx_word' id='word_1_191' title='bbox 1517 1649 1604 1688; x_wconf 78' lang='lat' dir='ltr'>Opus</span> <span class='ocrx_word' id='word_1_192' title='bbox 1615 1659 1684 1680; x_wconf 84' lang='lat' dir='ltr'>nos—</span> 
     </span>
     <span class='ocr_line' id='line_1_25' title="bbox 226 1690 1683 1733; baseline -0.001 -9"><span class='ocrx_word' id='word_1_193' title='bbox 226 1699 311 1725; x_wconf 77' lang='lat' dir='ltr'>trum</span> <span class='ocrx_word' id='word_1_194' title='bbox 327 1693 433 1733; x_wconf 75' lang='lat' dir='ltr'>differt</span> <span class='ocrx_word' id='word_1_195' title='bbox 444 1704 457 1730; x_wconf 87' lang='lat'>‚·</span> <span class='ocrx_word' id='word_1_196' title='bbox 479 1702 585 1723; x_wconf 76' lang='lat' dir='ltr'>verum</span> <span class='ocrx_word' id='word_1_197' title='bbox 597 1692 703 1731; x_wconf 78' lang='lat' dir='ltr'>prodit</span> <span class='ocrx_word' id='word_1_198' title='bbox 719 1701 758 1722; x_wconf 79' lang='lat' dir='ltr'>ex</span> <span class='ocrx_word' id='word_1_199' title='bbox 772 1692 881 1722; x_wconf 80' lang='lat' dir='ltr'>iisdem</span> <span class='ocrx_word' id='word_1_200' title='bbox 890 1692 1053 1731; x_wconf 77' lang='lat' dir='ltr'>sontibus:</span> <span class='ocrx_word' id='word_1_201' title='bbox 1076 1693 1105 1721; x_wconf 75' lang='lat' dir='ltr'>et</span> <span class='ocrx_word' id='word_1_202' title='bbox 1122 1693 1246 1730; x_wconf 83' lang='lat' dir='ltr'>uterque</span> <span class='ocrx_word' id='word_1_203' title='bbox 1271 1699 1374 1720; x_wconf 80' lang='lat' dir='ltr'>snmus</span> <span class='ocrx_word' id='word_1_204' title='bbox 1399 1690 1498 1721; x_wconf 80' lang='lat' dir='ltr'>cultor</span> <span class='ocrx_word' id='word_1_205' title='bbox 1517 1691 1596 1721; x_wconf 78' lang='lat' dir='ltr'>artis</span> <span class='ocrx_word' id='word_1_206' title='bbox 1610 1691 1683 1723; x_wconf 70' lang='lat' dir='ltr'>libe-</span> 
     </span>
     <span class='ocr_line' id='line_1_26' title="bbox 227 1732 1683 1776; baseline -0.001 -9"><span class='ocrx_word' id='word_1_207' title='bbox 227 1737 315 1768; x_wconf 72' lang='lat' dir='ltr'>ralis.</span> <span class='ocrx_word' id='word_1_208' title='bbox 361 1735 503 1776; x_wconf 78' lang='lat' dir='ltr'>Namque</span> <span class='ocrx_word' id='word_1_209' title='bbox 520 1734 644 1776; x_wconf 79' lang='lat' dir='ltr'>thyrsus</span> <span class='ocrx_word' id='word_1_210' title='bbox 658 1737 702 1765; x_wconf 82' lang='lat' dir='ltr'>est</span> <span class='ocrx_word' id='word_1_211' title='bbox 717 1735 798 1764; x_wconf 82' lang='lat' dir='ltr'>latus</span> <span class='ocrx_word' id='word_1_212' title='bbox 813 1744 832 1764; x_wconf 90' lang='lat' dir='ltr'>a</span> <span class='ocrx_word' id='word_1_213' title='bbox 848 1734 943 1774; x_wconf 78' lang='lat' dir='ltr'>tobis,</span> <span class='ocrx_word' id='word_1_214' title='bbox 965 1734 1071 1764; x_wconf 77' lang='lat' dir='ltr'>laurea</span> <span class='ocrx_word' id='word_1_215' title='bbox 1085 1743 1104 1762; x_wconf 87' lang='lat' dir='ltr'>a</span> <span class='ocrx_word' id='word_1_216' title='bbox 1129 1732 1213 1763; x_wconf 77' lang='lat' dir='ltr'>nobis</span> <span class='ocrx_word' id='word_1_217' title='bbox 1221 1743 1233 1769; x_wconf 93' lang='lat'><em>;</em></span> <span class='ocrx_word' id='word_1_218' title='bbox 1254 1736 1388 1764; x_wconf 81' lang='lat' dir='ltr'>ceterum</span> <span class='ocrx_word' id='word_1_219' title='bbox 1411 1733 1502 1764; x_wconf 85' lang='lat' dir='ltr'>ardor</span> <span class='ocrx_word' id='word_1_220' title='bbox 1516 1732 1606 1766; x_wconf 81' lang='lat' dir='ltr'>debet</span> <span class='ocrx_word' id='word_1_221' title='bbox 1621 1743 1683 1765; x_wconf 82' lang='lat' dir='ltr'>esse</span> 
     </span>
    </p>
   </div>
   <div class='ocr_carea' id='block_1_4' title="bbox 837 1817 1071 1830">
    <p class='ocr_par' dir='ltr' id='par_1_4' title="bbox 837 1817 1071 1830">
     <span class='ocr_line' id='line_1_27' title="bbox 837 1817 1071 1830; baseline -0.009 0"><span class='ocrx_word' id='word_1_222' title='bbox 837 1817 1071 1830; x_wconf 67' lang='lat' dir='ltr'>eeeeeeeeeeee</span> 
     </span>
    </p>
   </div>
   <div class='ocr_carea' id='block_1_5' title="bbox 228 1870 1685 2166">
    <p class='ocr_par' dir='ltr' id='par_1_5' title="bbox 228 1870 1685 2166">
     <span class='ocr_line' id='line_1_28' title="bbox 229 1870 1684 1914; baseline -0.002 -10"><span class='ocrx_word' id='word_1_223' title='bbox 229 1870 391 1914; x_wconf 77' lang='lat' dir='ltr'>que&#39;vett.</span> <span class='ocrx_word' id='word_1_224' title='bbox 406 1873 496 1904; x_wconf 86' lang='lat' dir='ltr'>Mor.</span> <span class='ocrx_word' id='word_1_225' title='bbox 508 1872 648 1904; x_wconf 74' lang='lat' dir='ltr'>exhibet</span> <span class='ocrx_word' id='word_1_226' title='bbox 660 1875 771 1903; x_wconf 81' lang='lat' dir='ltr'>tacens.</span> <span class='ocrx_word' id='word_1_227' title='bbox 788 1871 882 1903; x_wconf 85' lang='lat' dir='ltr'>Editi</span> <span class='ocrx_word' id='word_1_228' title='bbox 894 1872 995 1903; x_wconf 83' lang='lat' dir='ltr'>etiam</span> <span class='ocrx_word' id='word_1_229' title='bbox 1009 1870 1143 1912; x_wconf 83' lang='lat' dir='ltr'>quidam</span> <span class='ocrx_word' id='word_1_230' title='bbox 1156 1871 1248 1901; x_wconf 82' lang='lat' dir='ltr'>habes</span> <span class='ocrx_word' id='word_1_231' title='bbox 1260 1880 1319 1911; x_wconf 84' lang='lat' dir='ltr'>pro</span> <span class='ocrx_word' id='word_1_232' title='bbox 1332 1870 1516 1901; x_wconf 50' lang='lat' dir='ltr'>habea-*54</span> <span class='ocrx_word' id='word_1_233' title='bbox 1531 1870 1684 1902; x_wconf 82' lang='lat' dir='ltr'>Gallicus</span> 
     </span>
     <span class='ocr_line' id='line_1_29' title="bbox 229 1913 1684 1956; baseline -0.002 -10"><span class='ocrx_word' id='word_1_234' title='bbox 229 1917 338 1946; x_wconf 80' lang='lat' dir='ltr'>codex</span> <span class='ocrx_word' id='word_1_235' title='bbox 367 1920 402 1946; x_wconf 87' lang='lat' dir='ltr'>et</span> <span class='ocrx_word' id='word_1_236' title='bbox 429 1915 538 1956; x_wconf 82' lang='lat' dir='ltr'>prima</span> <span class='ocrx_word' id='word_1_237' title='bbox 563 1915 681 1954; x_wconf 73' lang='lat' dir='ltr'>editio,</span> <span class='ocrx_word' id='word_1_238' title='bbox 707 1925 758 1945; x_wconf 88' lang='lat' dir='ltr'>ore</span> <span class='ocrx_word' id='word_1_239' title='bbox 782 1916 877 1945; x_wconf 77' lang='lat' dir='ltr'>solere</span> <span class='ocrx_word' id='word_1_240' title='bbox 904 1914 995 1953; x_wconf 78' lang='lat' dir='ltr'>loqui.</span> <span class='ocrx_word' id='word_1_241' title='bbox 1019 1923 1086 1945; x_wconf 89' lang='lat' dir='ltr'>non</span> <span class='ocrx_word' id='word_1_242' title='bbox 1112 1914 1301 1944; x_wconf 81' lang='lat' dir='ltr'>invenuste.</span> <span class='ocrx_word' id='word_1_243' title='bbox 1327 1913 1407 1943; x_wconf 81' lang='lat' dir='ltr'>nihil</span> <span class='ocrx_word' id='word_1_244' title='bbox 1425 1917 1538 1944; x_wconf 83' lang='lat' dir='ltr'>tamen</span> <span class='ocrx_word' id='word_1_245' title='bbox 1554 1917 1684 1944; x_wconf 80' lang='lat' dir='ltr'>temere</span> 
     </span>
     <span class='ocr_line' id='line_1_30' title="bbox 228 1954 1684 1989; baseline -0.002 0"><span class='ocrx_word' id='word_1_246' title='bbox 228 1962 335 1989; x_wconf 87' lang='lat' dir='ltr'>muto.</span> <span class='ocrx_word' id='word_1_247' title='bbox 353 1957 492 1989; x_wconf 82' lang='lat' dir='ltr'>Phaedr.</span> <span class='ocrx_word' id='word_1_248' title='bbox 509 1957 591 1989; x_wconf 84' lang='lat' dir='ltr'>Fab.</span> <span class='ocrx_word' id='word_1_249' title='bbox 608 1967 641 1988; x_wconf 84' lang='lat' dir='ltr'>v.</span> <span class='ocrx_word' id='word_1_250' title='bbox 659 1960 690 1988; x_wconf 84' lang='lat'>7.</span> <span class='ocrx_word' id='word_1_251' title='bbox 725 1959 733 1973; x_wconf 93' lang='lat'>‘</span> <span class='ocrx_word' id='word_1_252' title='bbox 748 1958 809 1988; x_wconf 89' lang='lat' dir='ltr'>Dii</span> <span class='ocrx_word' id='word_1_253' title='bbox 834 1960 912 1987; x_wconf 83' lang='lat' dir='ltr'>sunt</span> <span class='ocrx_word' id='word_1_254' title='bbox 935 1956 1043 1987; x_wconf 77' lang='lat' dir='ltr'>locuti</span> <span class='ocrx_word' id='word_1_255' title='bbox 1070 1965 1161 1987; x_wconf 82' lang='lat' dir='ltr'>more</span> <span class='ocrx_word' id='word_1_256' title='bbox 1191 1954 1379 1987; x_wconf 77' lang='lat' dir='ltr'>tralatitio.’</span> <span class='ocrx_word' id='word_1_257' title='bbox 1413 1955 1454 1985; x_wconf 87' lang='lat' dir='ltr'>In</span> <span class='ocrx_word' id='word_1_258' title='bbox 1479 1954 1684 1986; x_wconf 85' lang='lat' dir='ltr'>Francofur-</span> 
     </span>
     <span class='ocr_line' id='line_1_31' title="bbox 229 1996 1685 2039; baseline -0.002 -8"><span class='ocrx_word' id='word_1_259' title='bbox 229 2000 316 2031; x_wconf 84' lang='lat' dir='ltr'>tensi</span> <span class='ocrx_word' id='word_1_260' title='bbox 333 2003 418 2039; x_wconf 84' lang='lat' dir='ltr'>erat,</span> <span class='ocrx_word' id='word_1_261' title='bbox 433 2010 515 2030; x_wconf 84' lang='lat' dir='ltr'>more</span> <span class='ocrx_word' id='word_1_262' title='bbox 529 2000 641 2031; x_wconf 84' lang='lat' dir='ltr'>Solane</span> <span class='ocrx_word' id='word_1_263' title='bbox 658 1999 752 2039; x_wconf 82' lang='lat' dir='ltr'>loqui.</span> <span class='ocrx_word' id='word_1_264' title='bbox 798 2000 867 2030; x_wconf 83' lang='lat' dir='ltr'>Hoc</span> <span class='ocrx_word' id='word_1_265' title='bbox 881 2008 1004 2039; x_wconf 80' lang='lat' dir='ltr'>superos</span> <span class='ocrx_word' id='word_1_266' title='bbox 1016 1999 1124 2029; x_wconf 82' lang='lat' dir='ltr'>credas</span> <span class='ocrx_word' id='word_1_267' title='bbox 1139 2008 1236 2029; x_wconf 85' lang='lat' dir='ltr'>unus.</span> <span class='ocrx_word' id='word_1_268' title='bbox 1259 1999 1458 2028; x_wconf 66' lang='lat' dir='ltr'>Barim—57</span> <span class='ocrx_word' id='word_1_269' title='bbox 1483 1996 1552 2028; x_wconf 80' lang='lat' dir='ltr'>Alii</span> <span class='ocrx_word' id='word_1_270' title='bbox 1568 2008 1636 2028; x_wconf 85' lang='lat' dir='ltr'>cum</span> <span class='ocrx_word' id='word_1_271' title='bbox 1650 2001 1685 2028; x_wconf 75' lang='lat' dir='ltr'>tu</span> 
     </span>
     <span class='ocr_line' id='line_1_32' title="bbox 228 2040 1683 2081; baseline -0.002 -9"><span class='ocrx_word' id='word_1_272' title='bbox 228 2042 366 2073; x_wconf 81' lang='lat' dir='ltr'>inverso</span> <span class='ocrx_word' id='word_1_273' title='bbox 380 2042 510 2073; x_wconf 87' lang='lat' dir='ltr'>ordine.</span> <span class='ocrx_word' id='word_1_274' title='bbox 534 2042 669 2073; x_wconf 88' lang='lat' dir='ltr'>Deinde</span> <span class='ocrx_word' id='word_1_275' title='bbox 685 2042 779 2073; x_wconf 83' lang='lat' dir='ltr'>Serv.</span> <span class='ocrx_word' id='word_1_276' title='bbox 795 2052 862 2072; x_wconf 84' lang='lat' dir='ltr'>cum</span> <span class='ocrx_word' id='word_1_277' title='bbox 882 2051 943 2081; x_wconf 78' lang='lat' dir='ltr'>pro</span> <span class='ocrx_word' id='word_1_278' title='bbox 956 2044 1082 2072; x_wconf 79' lang='lat' dir='ltr'>et.-59</span> <span class='ocrx_word' id='word_1_279' title='bbox 1106 2040 1185 2077; x_wconf 69' lang='lat' dir='ltr'>Arg.</span> <span class='ocrx_word' id='word_1_280' title='bbox 1198 2041 1265 2079; x_wconf 78' lang='lat' dir='ltr'>ing.</span> <span class='ocrx_word' id='word_1_281' title='bbox 1281 2040 1396 2079; x_wconf 82' lang='lat' dir='ltr'>aliquid</span> <span class='ocrx_word' id='word_1_282' title='bbox 1411 2040 1547 2071; x_wconf 82' lang='lat' dir='ltr'>concord.</span> <span class='ocrx_word' id='word_1_283' title='bbox 1560 2044 1595 2071; x_wconf 84' lang='lat' dir='ltr'>et</span> <span class='ocrx_word' id='word_1_284' title='bbox 1610 2043 1683 2070; x_wconf 89' lang='lat' dir='ltr'>tum</span> 
     </span>
     <span class='ocr_line' id='line_1_33' title="bbox 228 2082 1685 2122; baseline 0 -9"><span class='ocrx_word' id='word_1_285' title='bbox 228 2083 328 2114; x_wconf 78' lang='lat' dir='ltr'>Leia.</span> <span class='ocrx_word' id='word_1_286' title='bbox 357 2084 569 2114; x_wconf 52' lang='lat' dir='ltr'>nostris-07</span> <span class='ocrx_word' id='word_1_287' title='bbox 603 2084 689 2115; x_wconf 85' lang='lat' dir='ltr'>Mihi</span> <span class='ocrx_word' id='word_1_288' title='bbox 721 2089 829 2115; x_wconf 87' lang='lat' dir='ltr'>totum</span> <span class='ocrx_word' id='word_1_289' title='bbox 858 2084 1025 2114; x_wconf 83' lang='lat' dir='ltr'>distichon</span> <span class='ocrx_word' id='word_1_290' title='bbox 1060 2083 1123 2114; x_wconf 91' lang='lat' dir='ltr'>hoc</span> <span class='ocrx_word' id='word_1_291' title='bbox 1149 2083 1257 2113; x_wconf 83' lang='lat' dir='ltr'>dubiae</span> <span class='ocrx_word' id='word_1_292' title='bbox 1286 2082 1366 2113; x_wconf 85' lang='lat' dir='ltr'>fidei</span> <span class='ocrx_word' id='word_1_293' title='bbox 1395 2086 1447 2113; x_wconf 78' lang='lat' dir='ltr'>est</span> <span class='ocrx_word' id='word_1_294' title='bbox 1477 2087 1685 2122; x_wconf 82' lang='lat' dir='ltr'>suspectum.</span> 
     </span>
     <span class='ocr_line' id='line_1_34' title="bbox 231 2124 1684 2166; baseline -0.001 -11"><span class='ocrx_word' id='word_1_295' title='bbox 231 2125 417 2166; x_wconf 77' lang='grc' dir='ltr'>Κακοφωνία</span> <span class='ocrx_word' id='word_1_296' title='bbox 432 2126 520 2156; x_wconf 87' lang='lat' dir='ltr'>enim</span> <span class='ocrx_word' id='word_1_297' title='bbox 535 2127 610 2166; x_wconf 76' lang='lat' dir='ltr'>isla,</span> <span class='ocrx_word' id='word_1_298' title='bbox 632 2126 727 2166; x_wconf 73' lang='lat' dir='ltr'>vobis,</span> <span class='ocrx_word' id='word_1_299' title='bbox 740 2126 837 2166; x_wconf 79' lang='lat' dir='ltr'>nobis,</span> <span class='ocrx_word' id='word_1_300' title='bbox 852 2126 996 2157; x_wconf 83' lang='lat' dir='ltr'>ambobus</span> <span class='ocrx_word' id='word_1_301' title='bbox 1017 2125 1099 2156; x_wconf 83' lang='lat' dir='ltr'>mire</span> <span class='ocrx_word' id='word_1_302' title='bbox 1115 2124 1257 2156; x_wconf 79' lang='lat' dir='ltr'>offendit</span> <span class='ocrx_word' id='word_1_303' title='bbox 1274 2133 1371 2156; x_wconf 83' lang='lat' dir='ltr'>aures</span> <span class='ocrx_word' id='word_1_304' title='bbox 1387 2135 1394 2157; x_wconf 87' lang='lat'><strong>:</strong></span> <span class='ocrx_word' id='word_1_305' title='bbox 1420 2124 1542 2155; x_wconf 83' lang='lat' dir='ltr'>deinde</span> <span class='ocrx_word' id='word_1_306' title='bbox 1558 2124 1614 2155; x_wconf 80' lang='lat' dir='ltr'>vix</span> <span class='ocrx_word' id='word_1_307' title='bbox 1631 2126 1684 2154; x_wconf 79' lang='lat' dir='ltr'>est</span> 
     </span>
    </p>
   </div>
   <div class='ocr_carea' id='block_1_6' title="bbox 229 2231 1681 2596">
    <p class='ocr_par' dir='ltr' id='par_1_6' title="bbox 229 2231 1681 2596">
     <span class='ocr_line' id='line_1_35' title="bbox 878 2231 1017 2263; baseline -0.007 0"><span class='ocrx_word' id='word_1_308' title='bbox 878 2231 1017 2263; x_wconf 82' lang='lat' dir='ltr'>NOTAE</span> 
     </span>
     <span class='ocr_line' id='line_1_36' title="bbox 274 2300 1677 2345; baseline -0.004 -9"><span class='ocrx_word' id='word_1_309' title='bbox 274 2308 314 2335; x_wconf 89' lang='grc'>57</span> <span class='ocrx_word' id='word_1_310' title='bbox 341 2306 385 2336; x_wconf 74' lang='lat' dir='ltr'>Et</span> <span class='ocrx_word' id='word_1_311' title='bbox 401 2305 526 2345; x_wconf 73' lang='lat' dir='ltr'>vertice]</span> <span class='ocrx_word' id='word_1_312' title='bbox 551 2305 699 2336; x_wconf 74' lang='lat' dir='ltr'>Felicem</span> <span class='ocrx_word' id='word_1_313' title='bbox 725 2305 806 2335; x_wconf 82' lang='lat' dir='ltr'>dicit</span> <span class='ocrx_word' id='word_1_314' title='bbox 837 2303 924 2335; x_wconf 84' lang='lat' dir='ltr'>Sala·</span> <span class='ocrx_word' id='word_1_315' title='bbox 1020 2305 1060 2332; x_wconf 78' lang='lat'>(33</span> <span class='ocrx_word' id='word_1_316' title='bbox 1085 2301 1261 2339; x_wconf 80' lang='lat' dir='ltr'>Pieridum]</span> <span class='ocrx_word' id='word_1_317' title='bbox 1314 2300 1512 2338; x_wconf 72' lang='lat' dir='ltr'>Musarum3</span> <span class='ocrx_word' id='word_1_318' title='bbox 1552 2308 1627 2340; x_wconf 79' lang='lat' dir='ltr'>quae</span> <span class='ocrx_word' id='word_1_319' title='bbox 1659 2311 1677 2331; x_wconf 91' lang='lat' dir='ltr'>a</span> 
     </span>
     <span class='ocr_line' id='line_1_37' title="bbox 229 2349 1681 2396; baseline -0.002 -11"><span class='ocrx_word' id='word_1_320' title='bbox 229 2365 307 2386; x_wconf 86' lang='lat' dir='ltr'>num</span> <span class='ocrx_word' id='word_1_321' title='bbox 325 2356 414 2396; x_wconf 84' lang='lat' dir='ltr'>quod</span> <span class='ocrx_word' id='word_1_322' title='bbox 431 2356 634 2387; x_wconf 77' lang='lat' dir='ltr'>Germanico</span> <span class='ocrx_word' id='word_1_323' title='bbox 648 2356 790 2395; x_wconf 81' lang='lat' dir='ltr'>placeat.</span> <span class='ocrx_word' id='word_1_324' title='bbox 979 2353 1080 2383; x_wconf 82' lang='lat' dir='ltr'>Piero</span> <span class='ocrx_word' id='word_1_325' title='bbox 1092 2350 1270 2381; x_wconf 69' lang='lat' dir='ltr'>Thessaliae</span> <span class='ocrx_word' id='word_1_326' title='bbox 1283 2354 1478 2388; x_wconf 68' lang='lat' dir='ltr'>monto,aut</span> <span class='ocrx_word' id='word_1_327' title='bbox 1493 2349 1587 2380; x_wconf 76' lang='lat' dir='ltr'>Pieri</span> <span class='ocrx_word' id='word_1_328' title='bbox 1599 2349 1681 2382; x_wconf 80' lang='lat' dir='ltr'>tilia-</span> 
     </span>
     <span class='ocr_line' id='line_1_38' title="bbox 272 2399 1676 2447; baseline -0.004 -10"><span class='ocrx_word' id='word_1_329' title='bbox 272 2410 313 2437; x_wconf 76' lang='lat'>58</span> <span class='ocrx_word' id='word_1_330' title='bbox 333 2407 500 2446; x_wconf 77' lang='lat' dir='ltr'>Habenda]</span> <span class='ocrx_word' id='word_1_331' title='bbox 514 2406 626 2447; x_wconf 78' lang='lat' dir='ltr'>Atque</span> <span class='ocrx_word' id='word_1_332' title='bbox 643 2406 727 2437; x_wconf 85' lang='lat' dir='ltr'>adeo</span> <span class='ocrx_word' id='word_1_333' title='bbox 740 2403 925 2445; x_wconf 82' lang='lat' dir='ltr'>probanda.</span> <span class='ocrx_word' id='word_1_334' title='bbox 981 2402 1041 2432; x_wconf 87' lang='lat' dir='ltr'>bus</span> <span class='ocrx_word' id='word_1_335' title='bbox 1058 2402 1091 2431; x_wconf 88' lang='lat' dir='ltr'>in</span> <span class='ocrx_word' id='word_1_336' title='bbox 1109 2401 1210 2430; x_wconf 79' lang='lat' dir='ltr'>Pleas</span> <span class='ocrx_word' id='word_1_337' title='bbox 1228 2400 1379 2438; x_wconf 85' lang='lat' dir='ltr'>mutatis,</span> <span class='ocrx_word' id='word_1_338' title='bbox 1395 2399 1484 2440; x_wconf 85' lang='lat' dir='ltr'>quod</span> <span class='ocrx_word' id='word_1_339' title='bbox 1502 2410 1577 2431; x_wconf 86' lang='lat' dir='ltr'>cum</span> <span class='ocrx_word' id='word_1_340' title='bbox 1600 2401 1676 2432; x_wconf 83' lang='lat' dir='ltr'>Mu·</span> 
     </span>
     <span class='ocr_line' id='line_1_39' title="bbox 272 2450 1676 2496; baseline -0.003 -10"><span class='ocrx_word' id='word_1_341' title='bbox 272 2458 314 2486; x_wconf 82' lang='lat'>59</span> <span class='ocrx_word' id='word_1_342' title='bbox 335 2456 476 2496; x_wconf 60' lang='lat' dir='ltr'>June-tis]</span> <span class='ocrx_word' id='word_1_343' title='bbox 500 2457 584 2488; x_wconf 78' lang='lat' dir='ltr'>Quae</span> <span class='ocrx_word' id='word_1_344' title='bbox 602 2455 691 2486; x_wconf 80' lang='lat' dir='ltr'>idem</span> <span class='ocrx_word' id='word_1_345' title='bbox 708 2459 831 2485; x_wconf 71' lang='lat' dir='ltr'>amant.</span> <span class='ocrx_word' id='word_1_346' title='bbox 978 2451 1022 2481; x_wconf 86' lang='lat' dir='ltr'>sis</span> <span class='ocrx_word' id='word_1_347' title='bbox 1053 2456 1184 2481; x_wconf 82' lang='lat' dir='ltr'>certare</span> <span class='ocrx_word' id='word_1_348' title='bbox 1211 2458 1312 2487; x_wconf 57' lang='lat' dir='ltr'>ansae,</span> <span class='ocrx_word' id='word_1_349' title='bbox 1342 2458 1380 2479; x_wconf 80' lang='lat' dir='ltr'>eo</span> <span class='ocrx_word' id='word_1_350' title='bbox 1411 2450 1544 2480; x_wconf 73' lang='lat' dir='ltr'>nomine</span> <span class='ocrx_word' id='word_1_351' title='bbox 1574 2450 1676 2482; x_wconf 77' lang='lat' dir='ltr'>dictae</span> 
     </span>
     <span class='ocr_line' id='line_1_40' title="bbox 273 2502 1067 2545; baseline -0.008 -9"><span class='ocrx_word' id='word_1_352' title='bbox 273 2509 314 2536; x_wconf 74' lang='lat'>00</span> <span class='ocrx_word' id='word_1_353' title='bbox 338 2506 464 2545; x_wconf 75' lang='lat' dir='ltr'>Servat]</span> <span class='ocrx_word' id='word_1_354' title='bbox 486 2507 561 2537; x_wconf 77' lang='lat' dir='ltr'>Non</span> <span class='ocrx_word' id='word_1_355' title='bbox 577 2505 647 2537; x_wconf 87' lang='lat' dir='ltr'>sine</span> <span class='ocrx_word' id='word_1_356' title='bbox 664 2505 819 2536; x_wconf 85' lang='lat' dir='ltr'>cautione</span> <span class='ocrx_word' id='word_1_357' title='bbox 836 2502 925 2534; x_wconf 82' lang='lat' dir='ltr'>istud</span> <span class='ocrx_word' id='word_1_358' title='bbox 979 2505 1067 2532; x_wconf 75' lang='lat' dir='ltr'>sunt.</span> 
     </span>
     <span class='ocr_line' id='line_1_41' title="bbox 231 2548 1678 2596; baseline -0.003 -11"><span class='ocrx_word' id='word_1_359' title='bbox 231 2555 487 2595; x_wconf 74' lang='lat' dir='ltr'>accipiendum:</span> <span class='ocrx_word' id='word_1_360' title='bbox 513 2564 656 2596; x_wconf 85' lang='lat' dir='ltr'>namque</span> <span class='ocrx_word' id='word_1_361' title='bbox 672 2559 791 2585; x_wconf 80' lang='lat' dir='ltr'>contra</span> <span class='ocrx_word' id='word_1_362' title='bbox 813 2553 927 2584; x_wconf 85' lang='lat' dir='ltr'>evenit</span> <span class='ocrx_word' id='word_1_363' title='bbox 1023 2553 1063 2581; x_wconf 80' lang='lat'>65</span> <span class='ocrx_word' id='word_1_364' title='bbox 1090 2549 1216 2588; x_wconf 63' lang='lat' dir='ltr'>Distat]</span> <span class='ocrx_word' id='word_1_365' title='bbox 1265 2549 1352 2580; x_wconf 79' lang='lat' dir='ltr'>Quia</span> <span class='ocrx_word' id='word_1_366' title='bbox 1392 2549 1536 2589; x_wconf 61' lang='lat' dir='ltr'>poeticae</span> <span class='ocrx_word' id='word_1_367' title='bbox 1570 2548 1678 2591; x_wconf 82' lang='lat' dir='ltr'>Naso,</span> 
     </span>
    </p>
   </div>
   <div class='ocr_carea' id='block_1_7' title="bbox 232 2598 1678 2744">
    <p class='ocr_par' dir='ltr' id='par_1_7' title="bbox 232 2598 1678 2744">
     <span class='ocr_line' id='line_1_42' title="bbox 232 2598 1463 2645; baseline -0.005 -11"><span class='ocrx_word' id='word_1_368' title='bbox 232 2613 337 2644; x_wconf 62' lang='grc' dir='ltr'>ωερε,</span> <span class='ocrx_word' id='word_1_369' title='bbox 348 2608 385 2635; x_wconf 84' lang='lat' dir='ltr'>ut</span> <span class='ocrx_word' id='word_1_370' title='bbox 402 2605 501 2636; x_wconf 82' lang='lat' dir='ltr'>sociis</span> <span class='ocrx_word' id='word_1_371' title='bbox 515 2606 580 2636; x_wconf 81' lang='lat' dir='ltr'>suis</span> <span class='ocrx_word' id='word_1_372' title='bbox 596 2604 729 2645; x_wconf 83' lang='lat' dir='ltr'>plurimi</span> <span class='ocrx_word' id='word_1_373' title='bbox 744 2602 928 2633; x_wconf 82' lang='lat' dir='ltr'>invideant.</span> <span class='ocrx_word' id='word_1_374' title='bbox 981 2600 1133 2630; x_wconf 61' lang='lat' dir='ltr'>oratorian</span> <span class='ocrx_word' id='word_1_375' title='bbox 1150 2600 1290 2630; x_wconf 71' lang='lat' dir='ltr'>Salanus</span> <span class='ocrx_word' id='word_1_376' title='bbox 1308 2598 1463 2629; x_wconf 81' lang='lat' dir='ltr'>vacabat.</span> 
     </span>
     <span class='ocr_line' id='line_1_43' title="bbox 273 2648 1645 2696; baseline -0.003 -13"><span class='ocrx_word' id='word_1_377' title='bbox 273 2655 315 2683; x_wconf 81' lang='lat'>62</span> <span class='ocrx_word' id='word_1_378' title='bbox 338 2653 467 2694; x_wconf 80' lang='lat' dir='ltr'>Dubiae]</span> <span class='ocrx_word' id='word_1_379' title='bbox 498 2655 587 2687; x_wconf 77' lang='lat' dir='ltr'>Quia</span> <span class='ocrx_word' id='word_1_380' title='bbox 608 2652 865 2696; x_wconf 76' lang='lat' dir='ltr'>tempestatibus</span> <span class='ocrx_word' id='word_1_381' title='bbox 892 2657 928 2685; x_wconf 89' lang='lat' dir='ltr'>ut</span> <span class='ocrx_word' id='word_1_382' title='bbox 1024 2650 1189 2689; x_wconf 60' lang='lat' dir='ltr'>fontibus]</span> <span class='ocrx_word' id='word_1_383' title='bbox 1213 2649 1345 2682; x_wconf 78' lang='lat' dir='ltr'>Quibus</span> <span class='ocrx_word' id='word_1_384' title='bbox 1358 2654 1510 2689; x_wconf 71' lang='lat' dir='ltr'>praesunt</span> <span class='ocrx_word' id='word_1_385' title='bbox 1527 2648 1645 2680; x_wconf 78' lang='lat' dir='ltr'>Musae.</span> 
     </span>
     <span class='ocr_line' id='line_1_44' title="bbox 232 2698 1678 2744; baseline -0.004 -10"><span class='ocrx_word' id='word_1_386' title='bbox 232 2703 410 2744; x_wconf 75' lang='lat' dir='ltr'>piurimum</span> <span class='ocrx_word' id='word_1_387' title='bbox 425 2704 572 2744; x_wconf 80' lang='lat' dir='ltr'>objecta.</span> <span class='ocrx_word' id='word_1_388' title='bbox 1023 2705 1062 2732; x_wconf 79' lang='grc' dir='ltr'>ϋῖ</span> <span class='ocrx_word' id='word_1_389' title='bbox 1089 2700 1237 2741; x_wconf 63' lang='lat' dir='ltr'>Thyn-us]</span> <span class='ocrx_word' id='word_1_390' title='bbox 1260 2700 1390 2732; x_wconf 82' lang='lat' dir='ltr'>Bacchi</span> <span class='ocrx_word' id='word_1_391' title='bbox 1405 2698 1472 2731; x_wconf 84' lang='lat' dir='ltr'>suit</span> <span class='ocrx_word' id='word_1_392' title='bbox 1491 2702 1678 2741; x_wconf 78' lang='lat' dir='ltr'>gestamen,</span> 
     </span>
    </p>
   </div>
  </div>
 </body>
</html>
