1877 3193
838 185 950 216 lssls.

1512 177 1628 220 2801

167 282 231 325 Ut
251 293 378 337 quOS,
399 282 575 323 obscuri
594 281 719 323 lusos
740 282 999 334 ambagibus
1020 281 1125 331 oris,

226 350 437 403 Legimus
458 348 647 391 infandae
670 349 865 404 Sphinga
885 349 1059 390 dedisse
1080 348 1193 390 neci.

1542 348 1626 392 380

169 414 233 458 Ut
253 418 327 471 qui
351 418 564 460 Bistoniae
583 418 750 471 templo
772 417 970 458 cecidere
993 417 1237 469 Minervae;

226 485 415 539 Propter
435 487 552 540 quod
574 487 708 528 facies
729 498 842 526 nunc
862 496 1037 537 quoque
1057 488 1178 525 tecta
1199 486 1310 526 Deae
1333 489 1413 528 est.

168 551 233 594 Ut
250 554 327 607 qui
348 553 540 595 Threicii
562 553 780 608 quondam
801 551 1025 605 praesepia
1045 551 1163 604 regis

228 620 443 662 Fecerunt
463 622 654 674 dapibus
673 619 1010 672 sanguinolenta
1032 619 1141 660 suis.

164 686 567 728 Therodamanteos
589 690 637 728 ut
657 687 732 741 qui
752 699 930 727 sensere
949 687 1101 728 leones
1119 701 1129 728 :

1542 672 1631 730 385

225 753 405 809 Quique
425 755 663 796 Thoanteae
684 754 878 795 Taurica
897 766 1024 795 sacra
1046 754 1175 796 Deae.

168 820 232 863 Ut
250 835 362 876 quos
385 822 535 876 Scylla
553 835 709 872 vorax,
728 821 982 875 Scyllaeque
1003 821 1192 864 adversa
1212 821 1477 878 Charybdis,

225 888 447 931 Dulichiae
469 889 660 942 pavidos
682 890 883 943 eripuere
903 889 1009 930 rati:

170 955 234 998 Ut
253 970 365 1010 quos
386 957 561 998 demisit
580 961 756 998 vastam
779 956 1081 1011 Polyphemus
1101 957 1145 997 in
1167 956 1314 998 alvum
1332 971 1342 999 τ

227 1022 291 1065 Ut
311 1024 637 1080 Laestrygonias
658 1025 733 1079 qui
754 1025 926 1066 subiere
946 1023 1118 1066 domos.

1543 1024 1631 1067 390

166 1144 261 1175 senis.
311 1144 355 1176 Ut
375 1155 451 1185 quos
476 1145 608 1185 legimus
628 1146 797 1186 Sphingem
822 1147 987 1178 tradidisse
1011 1147 1106 1178 morli
1133 1146 1305 1186 horrendoe,
1332 1147 1470 1186 deceptos
1494 1145 1631 1185 ambagi-

168 1187 224 1217 bus
250 1187 388 1227 ambigui
409 1190 569 1220 sermonis.
619 1190 663 1220 Ut
682 1190 734 1230 qui
758 1191 943 1221 interierunt
966 1191 999 1221 in
1025 1191 1136 1230 templo
1167 1190 1319 1220 Minerrae
1342 1189 1518 1220 Bistonioe:
1540 1199 1633 1229 prop-

170 1234 218 1261 ter
248 1231 329 1270 quod
363 1231 465 1262 vultus
495 1232 575 1263 Deoe
602 1242 682 1263 nunc
699 1233 794 1264 etiam
816 1236 923 1263 torvus
949 1236 1006 1264 est.
1070 1233 1114 1263 Ut
1150 1232 1204 1272 qui
1232 1232 1378 1270 fecerunt
1415 1231 1488 1262 olim
1517 1231 1634 1271 equilio

168 1272 256 1311 regis
277 1273 405 1304 Thracii
427 1277 591 1305 cruentata
617 1276 716 1315 epulis
741 1275 817 1305 suis.
874 1276 917 1306 Ut
934 1276 986 1315 qui
1003 1285 1071 1306 esca
1089 1275 1222 1312 suerunt
1246 1275 1383 1305 leonibus
1408 1274 1633 1304 Therodaman-

169 1316 250 1352 teis,·
280 1320 312 1347 et
333 1317 386 1356 qui
407 1317 536 1348 admoti
567 1322 646 1348 sunt
673 1318 772 1348 sacris
800 1318 878 1348 Deae
912 1318 1090 1348 Thounteae.
1150 1317 1193 1347 Ut
1222 1326 1295 1356 quos
1323 1316 1430 1355 Scylla
1459 1325 1571 1355 rapax,
1603 1318 1633 1346 et

173 1357 350 1399 Charybdis
365 1360 505 1399 opposita
521 1358 645 1398 Scylloe,
661 1360 853 1390 abstulerunt
867 1360 1004 1400 trepidos
1017 1360 1090 1390 navi
1112 1358 1280 1389 Dulichiae.
1331 1359 1373 1389 Ut
1395 1368 1468 1398 quos
1484 1358 1634 1398 Polyphe-

169 1409 238 1431 mus
259 1400 437 1432 deturbavit
460 1401 494 1431 in
513 1399 701 1442 profundum
727 1401 874 1433 abdomen
886 1411 898 1438 ;
920 1405 955 1433 ut
981 1402 1032 1442 qui
1062 1402 1257 1433 intraverunt
1282 1402 1364 1432 aedes
1389 1401 1634 1442 Loestrygonias.

783 1473 1019 1485 ooooooooooo

171 1517 228 1549 Fr.
243 1516 587 1556 alcum...rogis.-379
610 1517 666 1548 Fr.
683 1520 719 1547 et
734 1520 804 1548 tres
819 1517 875 1548 alii
890 1527 967 1548 cum
985 1516 1073 1548 Edd.
1089 1515 1258 1547 nonnullis
1273 1526 1346 1556 quos
1360 1515 1509 1547 obscuris.
1540 1515 1630 1548 Tum

171 1561 252 1591 lusos
266 1559 423 1600 reposuit
437 1559 558 1590 Heius.
576 1568 619 1590 ex
636 1559 711 1591 Pol.
732 1564 769 1590 et
790 1559 922 1591 duobus
939 1560 1013 1591 aliis
1030 1569 1093 1600 pro
1112 1559 1200 1599 vulg.
1216 1559 1333 1595 victos;
1357 1559 1409 1589 cui
1425 1568 1535 1599 neque
1551 1559 1635 1590 cinc-

170 1607 219 1634 tos
234 1602 516 1642 displicet.-—382
538 1602 580 1633 R.
597 1611 681 1633 unus
712 1603 822 1642 Propt.
847 1613 921 1642 quos
933 1602 1002 1640 fac.
1047 1603 1132 1633 Mox
1156 1605 1238 1633 tecta
1265 1601 1440 1641 plerique:
1467 1602 1524 1632 alii
1551 1605 1635 1632 torta

171 1646 227 1676 vel
253 1648 459 1676 torvae—385
486 1645 550 1680 Qui
572 1655 684 1685 pavere
709 1646 808 1676 leones
835 1646 956 1677 Patav.
985 1645 1112 1676 vinxere
1139 1654 1223 1675 unus
1250 1644 1450 1682 Mediceus3
1475 1644 1636 1675 Heinsius

168 1697 282 1728 pavere
299 1688 472 1728 praetulit:
496 1686 556 1718 sed
571 1688 636 1718 hoc
654 1692 750 1719 recte
766 1688 933 1719 Leonibus
951 1687 1122 1727 convenit,
1139 1697 1206 1717 non
1222 1696 1319 1727 aeque
1333 1686 1444 1725 sacris,
1468 1697 1543 1727 quae
1567 1696 1634 1718 non

171 1730 306 1771 pavisse
320 1740 396 1762 reos
412 1734 471 1761 aut
484 1730 601 1761 noxios
619 1729 686 1761 dici
704 1736 866 1770 possunt:
891 1740 996 1772 quare
1011 1740 1075 1771 ego
1090 1739 1210 1761 sensere
1226 1729 1358 1767 reduxi,
1375 1729 1465 1769 quod
1483 1729 1634 1769 utrisque

173 1773 343 1813 congruit.
365 1773 588 1804 Burm.—387
613 1772 683 1804 Pro
698 1783 796 1804 vorax
810 1783 895 1804 unus
911 1773 1032 1805 Heius.
1059 1777 1095 1804 et
1123 1778 1192 1803 tres
1208 1772 1265 1802 alii
1289 1781 1409 1811 rapam:
1431 1771 1654 1809 unusserox„

173 1818 281 1847 -389
303 1815 374 1846 Alii
397 1824 472 1856 quos
493 1814 628 1855 dimisit,
656 1816 710 1846 vel
734 1817 891 1849 demersit.
935 1816 1080 1849 Quidam
1108 1824 1243 1857 quoque
1272 1818 1393 1845 vastum
1423 1815 1570 1844 P.—390
1593 1814 1635 1845 In

172 1858 320 1900 vulgatis
336 1863 413 1890 erat
427 1859 494 1890 Aut
507 1858 547 1890 L.
563 1857 616 1899 qui
630 1868 657 1890 s.
673 1868 799 1890 manus:
823 1859 882 1890 sed
901 1859 944 1890 Ut
969 1858 1135 1900 plerique.
1178 1857 1272 1889 Malo
1286 1858 1390 1888 etiam
1405 1856 1637 1898 Loestrygonios

832 1946 977 1979 NOTAE

977 2007 1150 2048 Bistoniae]
1172 2008 1236 2039 Vel
1253 2007 1332 2048 qnia
1358 2016 1399 2038 ex
1424 2005 1568 2037 Thracia
1594 2004 1638 2037 ad

935 2058 1212 2091 Lacedaemonios
1250 2058 1448 2089 translatum
1487 2056 1639 2088 Palladis

216 2014 280 2043 380
302 2009 461 2052 Sphinga]
483 2011 594 2052 Hujus
609 2009 752 2042 monstri
777 2010 880 2042 illius·

173 2071 241 2104 que
262 2062 453 2103 aenigmatis
468 2061 617 2094 fabulam
639 2061 742 2093 habes
757 2062 792 2093 in
809 2062 882 2093 Me-

175 2117 257 2145 tam.

217 2165 280 2195 381
311 2163 354 2194 Ut
370 2163 438 2205 qui]
462 2163 591 2195 Fabula
606 2162 764 2204 obscura,
780 2172 881 2204 quam

175 2218 290 2246 tamen
306 2223 348 2245 ex
363 2213 474 2245 veteri
499 2213 698 2254 Interprete
724 2213 767 2245 ad
783 2213 883 2245 Lem-

175 2265 252 2296 nios
279 2264 443 2306 quosdam
474 2264 628 2296 referunt
651 2275 670 2296 a
690 2263 882 2306 Spartanis,

176 2325 240 2357 pro
253 2314 368 2356 impiae
384 2316 469 2356 legis
484 2315 669 2355 sententia,
685 2325 752 2356 qua
767 2325 810 2346 ne
827 2313 882 2345 cui

175 2366 303 2406 hospiti
325 2366 459 2407 Spartae
476 2366 677 2398 commorari
690 2366 812 2397 liceret
828 2374 882 2395 ca-

176 2416 333 2456 vebatur,
348 2417 380 2447 in
398 2418 525 2458 templo
543 2416 707 2457 Palladis,
720 2416 794 2458 ipsa
810 2415 881 2457 qui-

177 2465 256 2499 dem
272 2467 380 2498 invita
399 2471 437 2497 et
457 2467 570 2499 vultus
586 2471 778 2505 avertente,
792 2475 882 2497 inac-

178 2521 281 2549 tatos.
327 2517 453 2548 Verum
471 2517 600 2550 clariss.
621 2516 822 2557 Salvagnius
839 2515 882 2546 ad

178 2567 353 2599 historiam
372 2565 479 2598 refert
496 2576 594 2607 quam
608 2568 764 2600 Justinus
779 2566 882 2596 habet

178 2619 203 2651 1.
221 2626 283 2650 xx.
299 2618 341 2648 de
355 2621 408 2648 50.
421 2617 606 2657 juvenibus
620 2629 639 2649 a
651 2616 883 2649 Crotoniensi-

179 2669 242 2700 bus
255 2667 511 2707 Metapontenis
526 2671 561 2696 et
571 2666 781 2706 Sybaritanis
794 2667 884 2696 inter

179 2717 885 2760 ipsaMinervaealtariatrucidatiszquam-

182 2769 299 2803 obrem
315 2773 414 2809 peste
429 2772 466 2798 et
483 2767 705 2798 seditionibus
723 2767 850 2799 vexati.

269 2822 386 2863 Delph.
400 2825 430 2854 et
451 2821 526 2853 Var.
544 2821 629 2852 Clas.

867 2818 959 2849 ovid.

935 2110 1166 2149 simulacrum,
1193 2119 1293 2150 quam
1322 2106 1472 2139 fabulam
1498 2107 1639 2148 scripsit

933 2161 1113 2203 Interpres
1129 2165 1249 2199 vetu53
1273 2160 1329 2191 vel
1354 2164 1449 2191 certe
1472 2159 1551 2200 quia
1571 2157 1640 2189 Mi·

935 2221 1039 2243 nerva
1068 2211 1144 2243 Dea
1174 2211 1280 2242 belli:
1319 2215 1358 2241 ut
1387 2210 1545 2241 Bistones
1575 2217 1639 2250 pro

935 2261 1119 2302 bellicosis,
1137 2261 1251 2302 quales
1267 2264 1361 2292 certe
1373 2259 1521 2300 fuerunt,
1533 2269 1553 2291 a
1568 2259 1640 2291 Na·

936 2322 1016 2344 sone
1033 2311 1222 2353 generatim
1239 2315 1425 2342 sumantur.

978 2366 1041 2395 383
1069 2362 1221 2403 Threicii]
1243 2361 1448 2393 Diomedem
1472 2358 1569 2400 dicit,
1595 2357 1638 2390 de

937 2425 1004 2457 quo
1021 2415 1054 2445 in
1071 2414 1215 2444 Metam.

979 2468 1039 2496 385
1068 2460 1358 2500 Therodamanteos]
1392 2460 1443 2490 De
1470 2457 1640 2490 Theroda-

936 2519 1051 2546 manto
1062 2513 1134 2553 jam
1147 2520 1280 2553 quoque
1294 2511 1325 2540 in
1343 2508 1450 2548 primo
1463 2518 1503 2538 ex
1516 2509 1639 2541 Ponto.

981 2566 1044 2594 386
1070 2560 1252 2600 Thonnteoe]
1294 2560 1436 2590 Dianam
1476 2559 1572 2599 dicit,
1605 2558 1639 2589 in

937 2614 1088 2644 Taurica
1111 2612 1248 2651 regione
1271 2621 1290 2641 a
1315 2611 1467 2641 Thoante
1485 2619 1564 2650 rege
1580 2609 1640 2640 hu·

936 2663 1044 2695 manis
1068 2661 1186 2693 hostiis
1214 2661 1354 2701 cultam,
1380 2660 1423 2691 de
1442 2670 1507 2702 qua
1531 2659 1639 2690 multa

936 2716 970 2746 in
986 2711 1271 2754 praecedentibus.

979 2766 1042 2795 387
1066 2762 1187 2804 Scylla]
1210 2762 1353 2803 Repete,
1377 2760 1405 2792 si
1431 2760 1558 2802 placet,
1575 2758 1639 2790 ista

1478 2815 1498 2842 8
1521 2812 1551 2843 Ρ
