1877 3193
527 176 682 208 EPIST.
716 176 783 206 Ex
817 175 976 206 ΡοΝΤο
1009 175 1106 206 ΜΒ.
1140 175 1192 206 11.
1221 166 1264 206 5.
1504 167 1618 209 2593

167 268 316 323 thue
331 269 441 310 meis
458 271 650 311 numeris
671 274 747 312 tua
766 270 842 311 dat
859 269 1066 311 facundia
1081 281 1238 312 nervos
1254 281 1266 321 ;

225 336 301 377 Sic
320 336 440 377 venit
460 349 486 377 a
506 337 636 377 nobis
659 338 702 378 in
722 341 797 378 tua
815 337 946 378 verba
965 337 1092 378 nitor.

163 402 194 444 J
198 416 270 444 ure
291 403 422 455 igitur
444 403 590 444 studio
610 404 796 444 confinia
814 404 1005 444 carmina
1023 407 1183 453 vestro,

223 470 279 511 Et
300 470 543 511 commilitii
563 482 687 511 sacra
706 468 865 509 tuenda
883 474 1026 521 putas.

164 536 255 578 Pro
276 537 432 589 quibus
453 539 498 576 ut
517 538 703 584 maneat,
722 535 776 574 de
798 547 886 587 quo
909 534 1117 583 censeris,
1141 534 1324 585 amicus,

224 601 489 655 Compreeor
508 600 565 642 ad
585 601 690 642 vitae
712 603 907 654 tempora
926 612 1097 642 summa
1119 603 1203 642 tuae
1222 614 1232 642 :

1561 341 1617 381 70

163 746 315 778 ambobus
360 745 461 786 Atque
481 749 517 776 ut
539 748 593 776 tua
610 746 780 786 eloquentia
802 746 919 786 proebet
935 745 1014 776 vires
1039 746 1115 777 meis
1127 745 1273 785 numeris,
1299 746 1346 777 ita
1361 748 1501 787 splendor
1514 748 1618 780 oritm

160 800 179 820 a
196 789 281 819 nobis
296 788 358 819 tuis
370 788 569 820 sermonibus.
614 789 733 820 Merito
755 798 826 826 crgo
842 788 941 818 credis
964 797 1068 819 versus
1092 789 1197 829 affines
1221 789 1323 820 studio
1347 793 1459 830 restro,
1483 794 1512 821 et
1528 801 1618 823 suem

159 830 335 862 commilitii
348 840 411 862 esse
426 830 626 869 defendenda.
670 832 737 861 Pro
750 830 859 872 quibus
874 840 939 871 oro,
960 833 994 861 ut
1009 831 1135 871 amicus,
1158 832 1195 862 de
1210 840 1267 872 quo
1282 833 1422 874 oensem,
1445 837 1561 872 perstet
1576 835 1617 865 ad

774 925 1008 939 oeooaeoeebelt

160 990 309 1032 assequi,
324 991 404 1032 qnid
420 992 513 1023 velit.
551 992 640 1023 Nam
656 992 689 1022 in
702 992 837 1033 scriptis
854 991 1027 1023 codicibus
1042 994 1194 1023 monstra
1208 990 1392 1022 lectionum
1405 997 1616 1032 comparent.

159 1033 391 1071 Sarravianns‚
417 1035 553 1074 leyrsus
567 1035 709 1066 sublestoe
721 1038 845 1074 gestata
870 1038 916 1066 est
937 1035 1041 1065 laurea
1056 1034 1153 1065 nobis.
1178 1033 1394 1074 Combianus,
1415 1034 1551 1074 Thyrsus
1563 1035 1616 1066 ubi

160 1079 205 1106 est
220 1086 238 1106 α
250 1079 292 1106 te.
317 1076 420 1107 Polit.
431 1082 466 1107 et
484 1078 721 1117 Fragmentum
737 1077 939 1108 Vaticanum
955 1087 1030 1108 cum
1047 1076 1376 1116 Rottendorphiano,
1388 1075 1541 1116 Delphica
1556 1087 1616 1108 non

161 1127 245 1158 oeque
258 1121 383 1156 gestata
395 1122 439 1149 est
456 1120 560 1150 laurea
574 1119 656 1150 nobis
667 1132 677 1151 .·
700 1125 782 1160 tres,
807 1119 942 1159 Thyrsus
955 1120 1034 1150 inest
1050 1119 1150 1150 vobis.-
1175 1118 1254 1157 duo,
1276 1119 1372 1149 adest.
1406 1118 1476 1149 Pro
1492 1118 1553 1150 Sed
1569 1123 1617 1149 ta-

162 1170 229 1190 men
246 1170 329 1191 unns
348 1161 475 1192 Medic.
498 1161 669 1198 Sedfavor.
693 1162 797 1201 Puto,
813 1161 873 1192 Sed
885 1171 954 1200 pur.
980 1161 1099 1191 Heins.
1142 1160 1177 1190 Si
1202 1159 1415 1191 retinendum
1432 1160 1614 1199 distichon,

160 1203 413 1242 transponenda
439 1208 522 1243 puto
551 1204 761 1242 pronomina,
785 1208 821 1233 et
846 1202 1003 1243 legenda,
1030 1203 1165 1242 Thyrsus
1193 1202 1274 1232 enim
1299 1202 1396 1239 nobis,
1416 1205 1541 1240 gestata
1571 1206 1616 1233 est

160 1245 264 1275 laurea
280 1245 373 1283 robis,
387 1250 421 1274 et
436 1255 496 1284 per
518 1246 528 1262 ‘
544 1245 719 1286 Tliyrsum’
736 1244 914 1276 Poeticam
929 1244 1094 1284 intelligo,
1116 1248 1155 1274 nt
1182 1253 1230 1274 1v.
1257 1243 1362 1274 Trist.
1386 1252 1411 1274 1.
1437 1246 1489 1274 43.
1534 1246 1542 1261 ‘
1560 1244 1615 1274 Sic

161 1286 218 1316 nbi
244 1292 335 1317 mota
361 1287 472 1317 calent
500 1287 600 1317 viridi
626 1297 702 1317 mea
730 1291 886 1326 tempora
907 1286 1022 1325 thyrso
1039 1286 1060 1316 ε’
1095 1290 1130 1316 et
1156 1285 1190 1315 in
1217 1285 1345 1315 Bacchi
1363 1286 1471 1316 tutela
1487 1285 1614 1317 Poetas

159 1328 263 1358 fuisse
280 1337 369 1367 saepe
386 1329 514 1359 Noster
530 1329 632 1360 canit.
656 1329 727 1359 Per
750 1329 759 1345 ‘
775 1328 917 1359 laurnm'
943 1327 1160 1358 Oratoriam:
1186 1336 1262 1357 nam
1287 1333 1322 1358 et
1340 1326 1504 1358 Oratores
1520 1329 1614 1358 lauro

158 1374 336 1401 coronatos
360 1369 462 1401 fuisse
489 1375 582 1410 puto.
628 1371 681 1401 De
703 1370 834 1402 coronis
860 1370 1043 1401 Orator-nm
1065 1370 1132 1400 vid.
1160 1369 1292 1400 Pascal.
1318 1369 1360 1399 de
1377 1370 1498 1400 Coron.
1518 1380 1565 1401 vs.
1582 1374 1614 1401 5.

157 1412 199 1443 In
215 1417 430 1452 pentametro
446 1413 590 1452 mallem,
606 1413 675 1444 Par
696 1417 797 1444 tamen
807 1412 962 1444 ambobus.
998 1412 1112 1443 Bentl.
1135 1411 1177 1442 ad
1201 1411 1325 1442 Horat.
1339 1411 1407 1443 Od.
1421 1421 1477 1443 111.
1493 1415 1545 1442 30.
1564 1415 1614 1443 15.

159 1453 310 1494 praefert,
337 1455 491 1494 Delphica
516 1465 574 1486 non
598 1465 682 1496 aeque
706 1458 833 1495 gustata
857 1458 901 1485 est
925 1455 1030 1485 laurea
1052 1453 1146 1484 vohis.
1182 1454 1385 1484 Burn1.—69
1406 1455 1486 1486 Jun.
1516 1454 1614 1485 Leid.

159 1497 321 1537 Excerpt.
338 1498 437 1528 Voss.
453 1505 487 1528 et
506 1507 557 1537 pr.
572 1497 772 1534 Ed.sacund.
788 1497 963 1527 vires.—7l
989 1496 1028 1526 In
1045 1495 1191 1533 vulgatis
1217 1502 1291 1525 erat
1307 1496 1387 1525 Jure
1403 1496 1424 1526 i.
1440 1499 1481 1526 st.
1506 1506 1532 1526 c.
1546 1505 1613 1526 cur-

158 1539 240 1570 mina
254 1544 352 1571 restro
362 1539 574 1579 [aliinostrcb]
591 1540 636 1568 Et
652 1549 720 1569 cum
734 1538 859 1568 militiis
872 1547 961 1567 sacru
973 1540 998 1567 t.
1009 1540 1110 1576 putas.
1127 1536 1218 1567 Nihil
1234 1535 1441 1567 difficultatis
1451 1538 1505 1567 hic
1522 1538 1614 1568 locus

157 1581 272 1620 habet,
288 1582 315 1611 si
331 1581 431 1611 modo
447 1585 540 1611 recte
556 1582 702 1619 legatur.
748 1580 826 1610 Non
843 1579 932 1609 enim
948 1579 1050 1609 studio
1064 1581 1180 1616 nostro,
1196 1583 1253 1608 aut
1267 1588 1333 1608 cum
1350 1579 1483 1617 militiis,
1500 1579 1613 1618 legen-

157 1623 258 1653 dum:
294 1622 366 1660 sed,
392 1632 480 1652 sacra
503 1622 688 1659 commilitii,
718 1625 753 1652 et
776 1621 915 1651 carmina
940 1621 1072 1662 confinia
1095 1624 1193 1651 uestro
1208 1621 1327 1651 studio.-
1350 1625 1388 1651 nt
1416 1621 1460 1652 sit
1484 1631 1614 1660 sensus,

157 1665 240 1696 ,lure
258 1664 362 1703 igitur
381 1663 535 1694 defendis
562 1665 712 1694 carmina
734 1662 891 1701 confinia,
906 1667 941 1693 et
964 1663 1058 1704 qnasi
1075 1666 1220 1702 cognata
1234 1667 1361 1701 vestro,
1375 1663 1407 1693 id
1421 1668 1486 1702 est,
1502 1669 1615 1695 orato·

160 1707 209 1737 rio
226 1706 358 1736 studio:
384 1710 419 1736 et
442 1715 539 1737 sacra
563 1706 759 1744 commilitii,
782 1706 845 1736 hoc
867 1710 931 1743 est,
952 1705 986 1735 in
1005 1705 1124 1746 quibus
1140 1705 1241 1734 iidem
1257 1705 1351 1745 qnasi
1367 1706 1614 1737 commilitones

160 1758 282 1779 sumus.
305 1748 512 1789 Mycill.-73
539 1749 667 1780 Maneat
692 1748 843 1789 reposuit
869 1748 1041 1788 Mycillns,
1068 1751 1106 1778 ut
1133 1747 1175 1777 dc
1192 1747 1396 1778 Germanico
1413 1748 1613 1788 accipiatur,

814 1869 956 1902 NOTAE

918 1962 1056 1990 tuantur
1085 1962 1255 1996 oratores;

917 2009 1049 2047 Cicero,
1069 2009 1078 2025 ‘
1095 2009 1157 2039 Est
1175 2008 1333 2039 finitimus
1349 2008 1476 2039 oratori
1498 2008 1614 2048 po'c'ta,

158 1961 254 1992 hasta
269 1959 395 1991 hedera
411 1959 583 1997 involuta3
607 1970 668 2000 pcr
683 1970 781 2001 qnam
797 1960 860 1991 hoc
1303 1963 1418 2000 atquc,
1444 1963 1480 1989 nt
1510 1958 1613 1991 habet

159 2011 191 2041 in
218 2011 292 2041 loco
319 2011 501 2041 oratoriam
534 2010 686 2051 intellige
718 2010 861 2041 faculta-

160 2064 241 2095 tem,
259 2068 329 2090 cam
353 2059 544 2098 pracsertim
573 2069 645 2099 qum
675 2060 707 2089 in
726 2059 862 2089 admini-

157 2109 302 2139 strandis
320 2108 418 2138 rebus
446 2109 596 2148 politicis
619 2109 751 2139 clucct:
778 2109 862 2138 Bac-

158 2160 237 2189 chus
258 2159 395 2199 qnippe,
423 2158 450 2188 si
477 2158 620 2188 Horatio
642 2158 766 2196 credis,
794 2156 859 2188 nbn

157 2210 343 2248 imperator
382 2212 514 2238 tanturn
552 2207 612 2238 sed
642 2207 763 2238 doctor
796 2207 860 2238 fuit

158 2258 314 2289 eximius.

199 2307 337 2346 Laurea]
356 2307 432 2339 Qua
447 2306 556 2347 pofitae
571 2307 682 2337 ornari
696 2307 858 2338 solebant.

199 2360 240 2389 68
266 2357 374 2396 Calor]
400 2356 526 2387 Mentis
545 2357 678 2397 quidam
699 2357 856 2396 impetus,

157 2416 221 2446 quo
236 2407 308 2437 sine
327 2407 382 2436 vix
400 2406 576 2447 quisquam
593 2406 717 2447 aliquid
735 2416 857 2437 memo-

159 2456 207 2486 ria
223 2456 359 2496 dignum
376 2456 523 2496 incipiat.

200 2508 241 2535 69
263 2506 343 2545 Tua]
368 2506 515 2537 Perinde
539 2506 571 2536 in
596 2506 693 2537 amici
712 2506 855 2546 gratiam

158 2554 305 2594 loquitur
324 2564 361 2584 ac
380 2556 407 2584 si
432 2556 487 2586 ille
506 2557 661 2587 oratoriae
682 2556 854 2588 facultatis

160 2604 270 2636 fontes
288 2608 450 2634 servaret.

200 2657 242 2685 70
267 2652 379 2691 Nobis]
404 2651 433 2682 A
451 2653 584 2692 poetica
600 2654 775 2687 facultate.

204 2703 286 2742 Τιαι]
311 2701 449 2732 Scilicet
466 2712 485 2731 a
502 2703 612 2741 potitis
630 2704 774 2743 plurima
786 2716 856 2737 mu-

244 2755 363 2795 Detph.
377 2757 404 2785 ει
428 2754 501 2786 Vur.
515 2755 600 2786 Clas.

853 2757 949 2789 ovid.

917 2058 1063 2089 numeris
1094 2059 1266 2089 astrictior
1294 2059 1407 2097 paulo,
1434 2058 1613 2088 verborum

917 2113 1029 2139 antem
1056 2108 1196 2138 licentia
1221 2108 1376 2145 liberium
1400 2108 1514 2138 multis
1532 2117 1613 2138 vero

915 2158 1056 2189 ornandi
1083 2157 1261 2199 generibus
1292 2158 1417 2197 socius,
1443 2167 1483 2187 ac
1514 2166 1612 2197 paene

914 2207 998 2248 par‚'
1015 2210 1078 2238 &a

955 2260 996 2288 72
1023 2256 1208 2287 Cornmilitii
1222 2256 1324 2296 sacra]
1357 2257 1451 2287 Deos
1476 2260 1512 2287 et
1532 2257 1613 2297 jura

913 2308 1077 2349 intellige,
1103 2309 1224 2349 quibus
1255 2308 1429 2348 conjuncti
1461 2313 1612 2338 oratores

914 2363 948 2388 et
980 2358 1103 2398 poetar,
1130 2357 1225 2398 quasi
1252 2358 1511 2395 commilitones,
1537 2365 1611 2386 scsc

911 2407 1055 2438 invicem
1074 2412 1260 2438 tuerentur.

953 2459 994 2487 73
1022 2457 1155 2495 Quibus]
1205 2455 1317 2494 Quod,
1347 2455 1488 2493 scilicet,
1514 2462 1610 2484 sacra

911 2506 1038 2537 tuenda
1056 2511 1165 2545 putas,
1181 2504 1284 2543 faves,
1299 2507 1363 2533 &c-

954 2557 1006 2586 De
1021 2555 1093 2594 quo]
1120 2555 1169 2583 Ex
1196 2554 1291 2592 cnjus
1316 2552 1424 2591 gratia
1443 2555 1478 2582 et
1493 2551 1609 2583 favore

911 2615 1050 2637 censum
1079 2605 1195 2641 habea
1222 2609 1257 2633 ct
1285 2603 1327 2632 ab
1361 2603 1516 2634 omnibus
1550 2609 1609 2635 tua

910 2656 1058 2695 dignitas
1075 2658 1110 2685 et
1127 2653 1308 2685 aestimatio
1325 2658 1480 2693 augetur.

1449 2755 1519 2785 8ss
