1877 3193
475 529 550 585 P.
606 526 904 587 OVIDII
960 525 1350 586 NASONIS

620 718 1195 769 EPISTOLARUM

351 889 426 967 E
506 890 594 964 X
740 892 817 967 P
898 892 977 967 O
1062 892 1155 968 N
1231 889 1304 969 T
1383 894 1461 968 O

730 1114 971 1164 LIBER
1028 1116 1073 1161 Ι.

681 1520 1021 1568 EPISTOLA
1063 1520 1110 1566 Ι.

786 1691 1018 1737 BRUTO.

724 1825 1086 1858 ARGUMENTUM.

174 1923 231 1954 ΑΙ)
243 1922 389 1954 Brutum
409 1923 596 1953 Romanum
612 1922 761 1953 scribens
775 1922 918 1953 Ovidius
932 1931 949 1952 e
960 1922 1136 1953 Tomitana
1154 1920 1250 1961 urbe,
1265 1926 1298 1953 et
1318 1923 1463 1954 Pontica
1476 1924 1630 1963 regione,

214 1977 272 2007 ubi
287 1976 460 2015 exulabat,
477 1985 495 2005 a
509 1985 575 2018 qua
593 1983 678 2015 opus
693 1974 735 2006 de
753 1974 865 2005 Ponto
882 1974 1080 2014 appellavit,
1097 1974 1204 2013 primo
1222 1978 1318 2014 rogat
1336 1980 1372 2006 ut
1388 1976 1508 2007 librum
1532 1985 1624 2006 saum

213 2029 383 2068 excipiat:
409 2027 534 2059 deinde
551 2027 633 2069 quid
651 2028 684 2058 iu
700 2037 741 2058 eo
757 2027 987 2066 contineatur,
1004 2026 1157 2067 exponit.

172 2135 349 2202 NASO,
371 2152 616 2194 Tomitanae
631 2153 726 2206 jam
748 2167 831 2195 non
853 2167 992 2195 novus
1014 2153 1159 2194 incola
1180 2156 1320 2202 terrae,

224 2218 330 2259 Hoc
354 2219 432 2259 tibi
453 2218 507 2259 de
528 2218 684 2260 Getico
705 2220 847 2261 littore
868 2221 1005 2261 mittit
1026 2233 1156 2274 opus,

209 2331 306 2372 Naso,
322 2340 401 2362 nunc
416 2341 474 2362 non
490 2341 595 2363 recens
610 2334 711 2368 accola
725 2333 784 2365 soli
813 2335 981 2376 Tomitanz‘,
998 2336 1100 2366 mittit
1123 2335 1182 2370 tibi
1207 2335 1261 2366 hoc
1276 2345 1350 2376 opus
1376 2345 1416 2367 ex
1430 2345 1485 2366 ora
1502 2335 1622 2366 Getica.

784 2418 955 2429 ‘moereo‘
959 2419 993 2430 Ν
997 2419 1015 2430 e

209 2466 251 2499 In
279 2467 477 2509 quibusdam
505 2469 592 2503 Edd.
619 2471 691 2503 haec
718 2471 876 2513 EpistORa
902 2474 1150 2516 inscriptasuit
1167 2476 1218 2506 Ad
1234 2475 1393 2505 Brutum:
1417 2477 1452 2503 at
1465 2471 1621 2503 meliores

826 2575 970 2607 NOTAE

211 2643 227 2672 1
254 2641 325 2671 Non
351 2641 460 2681 novus]
490 2643 655 2677 Quartum
681 2647 770 2678 enim
797 2652 867 2678 tum
923 2647 1041 2685 Elegia
1058 2656 1133 2677 mox
1152 2644 1306 2685 patebit:
1332 2644 1387 2685 qui
1405 2648 1536 2685 septem
1553 2654 1620 2675 om-

167 2700 290 2724 aunum
309 2692 342 2724 iu
358 2693 470 2724 l’onto
486 2695 623 2737 agebat,
637 2700 675 2729 ut
689 2707 733 2730 ex
749 2701 868 2731 octava
922 2697 1001 2728 nino
1018 2696 1088 2729 illic
1105 2695 1228 2726 vixisse
1246 2693 1390 2726 videtur.
