1877 3193
663 189 905 228 TRlSTJUM
941 189 1034 220 me.
1067 189 1114 219 v.
1138 179 1177 219 5.
1540 178 1655 221 2455

196 285 319 327 Nata
340 285 552 339 pudicitia
571 286 649 334 est,
670 297 830 335 mores,
852 285 1154 339 probitasque,
1173 283 1369 338 fidesque
1387 296 1398 323 ε

257 353 315 395 At
334 366 420 393 non
442 357 541 393 sunt
561 353 647 393 ista
669 352 833 404 gaudia
859 357 964 393 nata
984 353 1055 394 die
1075 365 1085 394 z

198 420 283 461 Sed
304 422 444 471 labor,
466 425 507 461 et
528 433 662 469 curae,
684 420 940 474 fortunaque
961 420 1158 460 moribus
1177 418 1344 472 impar:

253 488 468 541 Justaque
485 487 539 528 de
562 488 697 528 viduo
718 500 843 540 paene
863 488 1042 540 querela
1062 490 1172 527 toro.

198 555 380 597 Scilicet
400 555 593 596 adversis
614 555 814 608 probitas
831 555 1029 594 exercita
1048 553 1175 593 rebus

253 622 389 663 Tristi
409 622 634 663 materiam
654 625 851 674 tempore
870 620 1016 662 laudis
1037 620 1184 661 habet.

201 689 247 729 Si
268 690 374 730 nihil
394 689 540 730 infesti
564 689 700 730 durus
720 689 908 730 vidisset
930 688 1118 739 Ulixes;

254 756 475 810 Penelope
494 757 617 807 felix,
639 757 718 798 sed
740 758 833 798 sine
854 757 997 806 laude,
1020 756 1142 797 foret.

196 822 351 864 Victor
372 824 610 865 Echionias
633 826 670 865 si
690 826 756 865 vir
774 827 1051 877 penetrasset
1070 823 1115 863 in
1136 835 1271 872 arceS,

254 890 460 932 Forsitan
484 891 692 932 Evadnen
712 892 791 932 vix
816 903 896 931 sua
915 893 1062 930 nosset
1080 890 1252 931 humus.

196 956 308 999 Cum
330 958 457 1000 Pelia
475 962 540 1000 tot
559 959 647 999 sint
667 958 823 1012 genitae
841 970 853 1009 3
884 970 960 998 cur
980 956 1144 997 nobilis
1164 969 1249 997 una
1267 959 1335 997 est
1352 955 1369 995 ’.Ι

254 1025 411 1081 Nupta
430 1026 514 1068 fuit
531 1026 690 1067 misero
709 1037 870 1078 nempe
890 1023 1009 1078 quod
1027 1036 1117 1065 una
1136 1024 1247 1065 viro.

1601 956 1628 996 0¹

1631 953 1658 995 vr

196 1145 347 1185 pudicitia
373 1150 441 1177 ortu
465 1151 522 1185 est,
549 1152 585 1178 et
603 1156 712 1184 mores,
736 1150 767 1177 et
781 1145 930 1186 probitas,
950 1148 980 1175 et
986 1144 1095 1185 fides;
1118 1148 1150 1174 at
1165 1143 1280 1174 laetitia
1295 1152 1354 1172 non
1370 1145 1414 1172 est
1431 1144 1499 1172 orta
1511 1152 1521 1171 .-
1544 1142 1596 1171 sed
1612 1142 1658 1171 la-

198 1189 263 1227 bor,
288 1192 319 1219 et
341 1189 514 1228 solicitudo,
541 1193 569 1220 et
585 1199 650 1219 sors
663 1188 826 1219 dissimilis
839 1187 974 1217 moribus
989 1190 1019 1216 et
1035 1186 1226 1226 querimonia
1239 1195 1325 1224 aequa
1347 1185 1384 1214 de
1403 1185 1480 1214 lecto
1488 1184 1559 1220 fere
1575 1183 1658 1214 orbo.

199 1231 361 1261 Nimirum
373 1232 514 1271 probitas
526 1232 686 1262 stimulata
699 1230 789 1261 rebus
803 1229 940 1260 adversis
961 1227 1052 1259 habet
1073 1237 1194 1258 causum
1218 1227 1321 1257 laudis
1336 1230 1471 1265 tempore
1485 1227 1572 1256 duro.
1618 1225 1657 1256 Si

190 1273 290 1310 fortis
309 1274 435 1313 Ulysses
448 1274 527 1304 nihil
538 1276 684 1313 expertus
697 1275 776 1303 esset
791 1271 926 1308 adversi,
937 1271 1091 1310 Penelope
1107 1273 1184 1301 esset
1200 1269 1300 1308 beata,
1311 1270 1365 1299 sed
1380 1270 1446 1299 sine
1461 1269 1558 1298 laude.
1595 1267 1658 1298 Vix

189 1315 277 1351 sorte
301 1325 357 1346 sua
383 1320 470 1346 terra
493 1316 682 1354 cognovisset
696 1324 786 1345 suam
802 1314 964 1352 Evadnen‚
990 1312 1018 1343 si
1030 1312 1162 1343 moritus
1175 1312 1276 1343 victor
1295 1312 1455 1350 ingressus
1471 1313 1551 1341 esset
1572 1320 1657 1340 arces

199 1357 375 1388 Echionias.
422 1358 501 1388 Cum
529 1360 576 1388 tot
602 1357 664 1388 sint
691 1360 767 1387 ortae
796 1366 836 1387 ex
859 1355 963 1396 Pelio,
989 1355 1186 1396 quamobrem
1209 1365 1271 1386 una
1294 1358 1340 1386 est
1361 1352 1515 1386 celebris?
1562 1353 1660 1391 Quia,

806 1450 1043 1463 oaeeaeeoooeaeee

198 1506 450 1547 Eurytion-45
477 1507 546 1537 Pro
574 1516 672 1537 mores
699 1506 758 1537 alii
784 1506 910 1536 babent
938 1515 1060 1536 secum:
1084 1504 1219 1543 quidam
1247 1506 1333 1533 vett.
1358 1501 1459 1532 etiam
1485 1501 1579 1531 moris
1603 1501 1659 1531 vel

196 1559 334 1580 morum:
359 1549 477 1580 Heius.
494 1549 613 1579 mallet
626 1552 657 1578 et
673 1558 751 1586 mos,
764 1548 826 1578 nisi
844 1548 936 1588 quod
951 1549 960 1565 ‘
975 1545 1135 1577 moribus'
1160 1555 1239 1576 mox
1256 1544 1425 1585 sequitur;
1449 1543 1537 1582 conj.
1554 1544 1658 1573 etiam

199 1594 228 1620 et
244 1591 352 1630 honor,
368 1592 419 1622 vel
436 1591 626 1622 honos.-46
639 1590 734 1621 Leid.
748 1591 844 1628 gaud.
856 1589 1027 1631 notafide;
1050 1587 1184 1628 plurimi
1201 1588 1305 1618 etiam
1323 1585 1443 1625 scripti
1458 1585 1660 1626 natafide.—

198 1635 239 1663 48
261 1633 357 1664 Serv.
374 1634 437 1664 vid.
451 1643 540 1673 poena
555 1633 707 1673 querenda
723 1636 781 1663 tor.
827 1633 992 1672 Excerpt.
1010 1631 1107 1661 Voss.
1124 1631 1244 1670 querela
1258 1631 1409 1660 tum—50
1433 1628 1526 1658 Unus
1540 1627 1659 1658 Codex

200 1675 290 1705 habes
307 1685 367 1715 pro
383 1675 474 1706 habet
489 1686 498 1710 ,·
521 1675 608 1717 quod
623 1679 659 1706 et
676 1675 834 1714 placebat
850 1674 1055 1705 Heius.-51
1082 1674 1143 1704 Be.
1160 1672 1226 1704 nih.
1253 1671 1401 1709 infestum
1417 1672 1486 1701 dur.
1511 1675 1546 1701 et
1561 1670 1659 1701 Leid.

197 1716 319 1753 infeste.
365 1718 449 1748 Mox
468 1718 588 1748 Heins.
607 1727 695 1748 corr.
721 1718 790 1748 dur.
804 1717 947 1748 subiisset
976 1717 1014 1748 U.
1038 1717 1154 1746 Burm.
1178 1724 1258 1746 vero
1274 1714 1410 1744 minime
1435 1713 1660 1744 consentit.-

200 1762 240 1790 53
265 1761 306 1790 V.
322 1764 358 1790 et
384 1761 452 1791 Ha.
479 1761 528 1791 cir
552 1760 714 1792 transisset
737 1760 771 1791 in
793 1770 857 1791 arc.
881 1761 962 1791 Lov.
983 1762 1152 1799 penetrass.
1174 1759 1214 1789 ad
1237 1767 1300 1788 arc.
1324 1761 1358 1787 et
1386 1756 1449 1786 Be.
1465 1756 1506 1786 od
1534 1765 1660 1786 aras.—

200 1805 242 1832 5⁴
269 1803 331 1834 Be.
358 1803 528 1839 Evonnen:
558 1804 640 1836 Jun.
667 1807 704 1834 et
731 1803 882 1834 nonnulli
909 1803 966 1833 alii
991 1803 1239 1841 Evagnen.-55
1266 1801 1327 1830 Be.
1355 1799 1444 1829 Pelie
1467 1798 1587 1837 genitae
1614 1801 1659 1828 tot

201 1847 289 1875 sunt.-
315 1845 447 1886 plurimi
465 1846 566 1876 etiam
584 1846 850 1885 Peliae...genitoe.·
875 1846 956 1878 Jun.
972 1845 1072 1877 Pelioe
1093 1847 1138 1875 tot
1154 1846 1225 1875 sunt
1245 1843 1380 1882 geuitae:
1405 1842 1495 1873 Mor.
1510 1845 1547 1872 et
1563 1839 1659 1872 Leid-

856 1950 999 1984 NOTAE

245 2019 285 2047 47
319 2016 440 2056 Impar]
481 2016 582 2056 Quia,
611 2020 649 2047 ut
674 2016 821 2047 moribus
848 2025 899 2046 re-

203 2066 398 2106 sponderet,
415 2065 585 2098 fortunam
603 2067 722 2098 bonam
747 2076 817 2098 esse
843 2066 901 2097 de-

224 2126 230 2145 l
248 2127 254 2145 l
277 2138 284 2146 0

202 2126 219 2147 c
234 2121 285 2189 ¹‹1t8
310 2159 421 2198 Poene]
450 2160 556 2192 Quasi
573 2169 680 2200 prope
702 2161 735 2190 in
752 2159 900 2190 incertas

201 2209 335 2249 nuptias
365 2209 495 2240 Nasoni
520 2211 684 2242 collocata
707 2209 812 2241 fuerit
827 2209 900 2249 ejus

204 2269 297 2290 uxon

244 2311 285 2340 49
321 2308 466 2348 Scilicet]
511 2309 573 2339 Est
604 2309 698 2350 quasi
729 2308 902 2347 refutatio,

202 2369 310 2401 eaque
321 2359 463 2399 subtilis,
474 2359 543 2400 ejus
558 2360 647 2400 quod
661 2360 902 2399 insinuaverat,

202 2409 355 2440 miseram
373 2415 486 2439 natam
502 2418 575 2439 esse
591 2418 743 2441 uxorem.
780 2410 901 2450 Neque

203 2468 282 2490 vero
296 2459 353 2490 abs
368 2469 403 2490 re
419 2460 451 2489 in
469 2459 591 2490 bonum
604 2464 706 2499 atque
719 2460 752 2490 in
768 2459 902 2490 laudem

206 2506 351 2547 derivat,
369 2509 457 2549 quod
475 2509 591 2540 virtuti
613 2509 787 2541 materiam
816 2519 901 2550 prae-

206 2556 276 2587 bet.

250 2607 290 2634 52
314 2604 374 2635 Sed
397 2607 460 2637 sine
483 2609 584 2649 laude]
619 2609 776 2650 Namque
793 2610 902 2640 Pene-

207 2655 301 2694 lopes
318 2655 484 2694 pudicitia
499 2666 559 2695 per
574 2661 625 2689 20.
649 2669 810 2690 annorum
830 2668 904 2699 spa·

210 2706 292 2736 tium
320 2705 440 2745 quibus
467 2704 574 2737 abfuit
597 2708 737 2748 Ulysses
758 2710 905 2740 maxime

211 2755 345 2796 patuit:
374 2754 539 2795 siquidem
566 2762 676 2787 tamen
694 2767 815 2790 verum
842 2758 906 2789 fnit

954 2013 1046 2055 quod
1062 2013 1103 2045 de
1121 2022 1160 2043 ea
1175 2012 1347 2043 finxerunt
1363 2010 1496 2042 Poetae.

996 2066 1037 2095 53
1064 2062 1251 2102 Echionias]
1293 2061 1484 2093 Thebanus.
1528 2058 1659 2091 Cadmo

954 2113 1042 2144 enim
1082 2112 1212 2143 Echion
1249 2112 1282 2142 in
1317 2109 1507 2142 condendis
1535 2108 1659 2140 Thebis

954 2163 1066 2194 socius
1081 2161 1157 2193 fuit.

1003 2211 1075 2251 Vir]
1107 2212 1308 2250 Capaneus;
1333 2218 1433 2250 quem
1449 2208 1590 2240 fulmine
1616 2208 1661 2239 ic-

957 2265 1028 2293 tum
1045 2261 1088 2291 ob
1101 2260 1315 2300 impietatem
1331 2265 1431 2290 antea
1448 2259 1605 2289 vidimus.

998 2315 1038 2343 54
1065 2310 1230 2350 Euadnen]
1253 2311 1339 2343 Quae
1353 2310 1506 2351 Capanei
1525 2318 1609 2340 uxor
1625 2308 1659 2339 in

955 2364 1029 2404 ejus
1045 2372 1163 2402 rogum
1180 2370 1252 2392 sese
1268 2360 1428 2398 immisit;
1457 2365 1558 2400 atque
1575 2358 1660 2389 adeo

958 2423 1105 2445 amorem
1135 2421 1231 2443 suum
1256 2421 1300 2441 ex
1327 2411 1417 2441 illius
1439 2409 1535 2440 clade
1563 2413 1661 2447 patc-

956 2464 1050 2496 fecit.

999 2519 1039 2546 55
1065 2513 1172 2552 Pelia]
1202 2512 1268 2544 Qui
1290 2509 1473 2540 Thessaliae
1499 2517 1559 2538 rex
1584 2505 1660 2546 fuit,

958 2564 1110 2604 Neptuni
1128 2572 1169 2593 ex
1182 2563 1271 2601 Tyro
1288 2558 1434 2599 nympha
1449 2556 1550 2588 filius.

1005 2612 1090 2651 Una]
1134 2609 1295 2647 Alcestis,
1327 2607 1471 2645 scilicet,
1498 2615 1573 2647 quae
1598 2616 1661 2646 pro

958 2661 1105 2693 Admeto
1120 2660 1190 2690 viro
1208 2667 1282 2689 sese
1293 2657 1394 2688 morti
1407 2666 1579 2698 opponere
1591 2666 1659 2688 nou

960 2710 1140 2742 dubitavit.

1004 2763 1045 2791 56
1059 2758 1193 2798 Misero]
1209 2758 1269 2790 Cui
1281 2767 1402 2799 nempe
1416 2756 1661 2797 excedendum,
