1877 3193
276 142 389 184 2500
760 155 799 184 r.
834 153 989 183 ovim!
1025 151 1237 181 NASONIS

273 248 412 299 Alter,
435 251 493 290 ob
514 250 615 291 huic
636 249 824 290 similem
844 249 1041 302 privatus
1060 250 1224 290 lumine
1245 247 1436 301 culpam,

332 317 563 359 Clamabat
583 318 744 367 media,
768 330 814 357 se
831 316 1052 366 meruisse,
1073 317 1162 358 via.

271 384 399 425 Talia
419 387 623 427 coelestes
642 386 735 426 fieri
755 386 981 439 praeconia
1002 386 1204 438 gaudent,

331 451 405 501 Ut,
427 466 509 493 sua
530 454 634 506 quid
656 454 830 493 valeant
846 453 1040 502 numina,
1063 456 1174 493 teste
1193 452 1389 506 probent.

271 518 403 572 Saepe
423 520 566 560 levant
586 532 758 572 poenas,
779 513 1014 573 ereptaque
1034 519 1204 560 lumina
1224 518 1431 568 reddunt3

329 585 441 627 Cum
462 587 571 627 bene
592 587 766 640 peccati
788 586 1047 638 poenituisse
1069 586 1233 627 vident.

273 653 465 695 Poenitet
485 667 526 702 o,
548 653 607 706 (si
630 653 737 705 quid
758 655 1009 693 miserorum
1031 654 1218 694 creditur
1237 650 1355 706 ulli,)

327 720 530 770 Poenitet,
551 725 593 761 et
612 720 729 760 facto
752 724 952 771 torqueor
970 721 1069 771 ipse
1091 733 1187 760 meo
1205 721 1214 760 !
1662 720 1718 759 6¹)

272 787 466 840 Cumque
491 787 547 828 sit
567 786 761 835 exilium,
783 787 924 838 magis
945 791 1015 826 est
1037 786 1143 826 mihi
1163 787 1293 839 culpa
1312 787 1473 827 dolori:

326 854 490 906 Estque
512 854 603 906 pati
622 865 794 906 poenas,
816 866 947 905 quam
969 852 1194 902 meruisse,
1225 853 1383 894 minus.

268 919 329 960 Ut
348 920 454 960 mihi
476 921 535 961 Di
556 919 746 969 faveant,
769 919 929 972 quibus
950 922 1016 959 est
1035 918 1305 960 manifestior
1323 919 1443 973 ipse3

324 987 470 1028 Poena
489 990 635 1040 potest
654 986 784 1035 demi,
807 986 941 1038 culpa
958 985 1155 1038 perennis
1175 985 1270 1027 erit.

269 1054 392 1095 Mors
413 1054 546 1094 faciet.
565 1057 698 1104 certe,
718 1067 772 1094 ne
795 1055 892 1102 sim,
915 1065 1015 1092 cum
1036 1052 1214 1101 venerit,
1237 1053 1338 1092 exul
1357 1066 1365 1092 :
1661 1054 1718 1094 65

325 1120 397 1162 Ne
417 1120 506 1161 non
526 1121 757 1173 peccarim,
777 1133 895 1161 mors
916 1133 1087 1174 quoque
1108 1132 1194 1162 non
1212 1119 1360 1161 faciet.

1669 384 1706 422 {21

1702 384 1725 423 υι

263 1244 365 1272 culum
382 1242 495 1280 aequale
517 1241 589 1271 huic
613 1240 838 1277 vociferabatur
865 1240 966 1271 media
990 1242 1053 1278 via,
1069 1250 1100 1270 se
1115 1242 1242 1279 (lignum
1258 1250 1332 1272 esse.
1377 1241 1437 1272 Dii
1452 1242 1598 1272 laetuntur
1613 1241 1716 1280 hujtts-

265 1284 348 1314 modi
361 1283 623 1324 proecuniafieri;
646 1287 680 1313 ut
704 1284 911 1313 demonstrent
938 1283 1077 1320 testibus,
1091 1284 1166 1322 quid
1179 1293 1233 1312 sem
1249 1283 1375 1313 munina
1399 1285 1527 1322 possint.
1572 1284 1717 1324 Saepenu-

263 1335 346 1356 mero
370 1327 509 1356 minuunt
524 1335 639 1365 ριεηαε,
656 1328 685 1355 et
701 1325 867 1355 restituunt
884 1325 982 1355 oculos
997 1325 1141 1362 sublatos,
1166 1334 1232 1354 cnm
1255 1326 1419 1354 advertunt
1442 1326 1515 1355 bene
1538 1325 1716 1363 paenituisse

263 1369 370 1408 culpoe.
417 1369 551 1398 Poem'lel
569 1378 597 1404 o,
623 1368 672 1406 (si
686 1368 759 1407 qnid
774 1368 910 1397 creditur
925 1367 1067 1406 cuiquam
1081 1366 1287 1404 itffelicium,)
1309 1368 1450 1405 poenz'tet,
1473 1371 1504 1397 et
1520 1367 1584 1405 ipse
1599 1368 1716 1398 crucior

266 1420 330 1440 meo
347 1410 516 1447 facinore!
565 1410 603 1439 Ec
629 1420 695 1439 cum
714 1409 798 1447 fuga
823 1410 865 1439 sit
889 1410 965 1439 mila·
990 1409 1099 1444 dolori,
1124 1411 1282 1448 peccatum
1305 1412 1350 1438 est
1366 1409 1483 1446 magis.-
1508 1412 1537 1438 et
1553 1410 1653 1439 minus
1669 1413 1714 1440 est

264 1453 346 1482 luere
371 1463 476 1491 poerms
492 1462 581 1490 quam
595 1452 722 1489 (lignum
742 1451 854 1488 fnisse.
901 1452 1035 1480 Tametsi
1051 1451 1124 1486 Dii,
1150 1451 1258 1489 quibus
1273 1451 1336 1489 ipse
1350 1454 1397 1480 est
1413 1452 1513 1489 magis
1527 1452 1715 1491 conspicuus,

263 1494 340 1523 mihi
354 1494 415 1524 sint
430 1493 583 1532 propitii;
609 1493 790 1532 supplicium
802 1496 901 1531 potest
914 1493 993 1529 tolli,
1009 1493 1096 1531 culpa
1112 1494 1171 1522 erit
1185 1496 1311 1522 oeternu.
1357 1492 1437 1522 Sane
1452 1503 1533 1523 mors
1552 1494 1714 1533 proeslabit

262 1546 300 1566 ue
315 1536 372 1566 sim
387 1537 471 1575 exal,
487 1545 555 1566 cum
578 1535 737 1566 advenerit
748 1544 759 1570 ;
780 1544 861 1565 mors
887 1545 947 1565 non
967 1534 1132 1573 proestubit
1157 1534 1249 1564 etiam
1264 1544 1300 1564 ne
1315 1544 1374 1564 non
1389 1535 1576 1574 deliquerim.
1624 1536 1716 1567 Nihil

262 1677 345 1698 mem.
369 1667 500 1707 Saepius
518 1668 549 1697 in
563 1667 626 1697 hac
645 1667 764 1707 Elegia
777 1677 897 1706 numen,
912 1671 947 1698 et
962 1669 1086 1698 numina
1103 1670 1307 1698 occurrunt:
1333 1676 1436 1706 quare
1453 1667 1570 1698 dubito
1588 1677 1628 1698 an
1645 1678 1712 1700 non

259 1710 314 1740 hic
331 1719 372 1739 ex
390 1710 596 1740 auctoritate
626 1710 721 1740 Leid.
749 1710 888 1740 Fames.
906 1709 1062 1740 Francos.
1090 1714 1123 1739 et
1150 1709 1303 1739 Vossiani
1329 1709 1484 1739 codicum
1501 1710 1624 1750 legam,
1640 1714 1714 1742 tem-

259 1753 345 1792 plum
361 1751 512 1781 violasse:
538 1757 573 1782 nt
592 1752 639 1781 ita
652 1753 660 1768 ‘
677 1752 838 1791 templum
856 1752 983 1782 violare
999 1751 1106 1783 Jovis’
1123 1751 1220 1782 Ibide
1238 1754 1311 1782 313.
1329 1756 1364 1782 et
1386 1752 1394 1768 ‘
1416 1752 1533 1792 templi
1562 1752 1715 1784 violator’

263 1803 304 1824 ιι.
322 1794 423 1824 Pont.
439 1797 469 1823 2.
487 1797 538 1824 27.
563 1794 662 1833 [Not.
679 1794 773 1834 Van]
797 1793 904 1823 Amin.
922 1794 1066 1824 Marcel.
1081 1803 1159 1824 mx.
1178 1797 1205 1824 1.
1229 1795 1237 1809 ‘
1252 1794 1344 1824 Hinc
1369 1795 1463 1834 quasi
1480 1795 1512 1823 in
1529 1795 1711 1836 sacrilegos

260 1836 377 1866 violati
393 1836 534 1866 saeviens
561 1836 679 1875 templi
693 1836 713 1866 ε’
742 1842 777 1866 et
792 1836 924 1875 passim.
943 1837 1142 1866 Barim—52
1167 1837 1232 1866 Ms.
1249 1837 1382 1866 Bersm.
1399 1839 1462 1866 ant.
1479 1836 1585 1874 jacere
1600 1837 1712 1875 foa—-

259 1881 301 1908 53
325 1878 420 1908 Leid.
443 1878 519 1908 Ιιαηε
536 1888 597 1918 pro
624 1879 704 1908 huic.
731 1879 813 1908 Mox
840 1878 871 1907 in
890 1878 1090 1919 quibusdam
1108 1878 1216 1909 Codd.
1238 1878 1321 1918 priv.
1350 1878 1454 1909 limine
1469 1880 1547 1918 culp.
1566 1879 1609 1909 R.
1626 1879 1710 1920 Arg.

260 1924 296 1950 et
315 1921 398 1950 alius
414 1921 528 1950 lumine
543 1923 763 1950 causam—56
781 1920 941 1951 Francius
960 1921 1093 1951 volebat
1109 1922 1149 1951 Et
1164 1920 1485 1960 sua...prol›‹mt.—60
1499 1922 1564 1952 Ms.
1582 1921 1712 1954 Bersm.

258 1962 368 1999 ctsato
385 1966 544 2002 λογῳ-61
567 1963 619 1993 lta
637 1968 719 1993 vett.
737 1967 951 1994 constanter:
980 1963 1096 1994 Heius.
1111 1969 1223 1994 tamen
1234 1963 1448 1994 scribendum
1460 1968 1577 1994 censet
1596 1964 1710 1998 Quam-

259 2014 403 2043 que-..es5
427 2015 501 2034 nam
521 2008 528 2021 ‘
543 2005 607 2035 est‘
624 2005 655 2034 in
674 2005 827 2044 proximo
845 2015 892 2036 vs.
908 2006 1080 2045 seqnitur;
1105 2005 1161 2035 ubi
1183 2005 1285 2036 etiam
1309 2015 1383 2035 cum
1402 2004 1483 2045 Arg.
1499 2006 1591 2036 malit
1604 2015 1709 2045 poenas

260 2055 358 2085 qnam
378 2048 466 2086 vulg.
491 2050 707 2086 pomam—(53
733 2048 821 2077 Mor.
845 2048 945 2087 thue
959 2048 1097 2085 Deisav.
1123 2049 1205 2078 Tum
1224 2048 1278 2078 Fr.
1296 2051 1332 2078 et
1349 2048 1509 2087 Excerpt.
1527 2049 1620 2079 Voss.
1638 2058 1708 2088 quo-

257 2097 326 2118 rum
341 2092 403 2119 est:
427 2094 462 2119 et
486 2089 667 2128 Gottorpli.
691 2090 877 2120 mansuetior
898 2091 1059 2129 ipsa—65
1084 2090 1179 2121 Leid.
1207 2100 1275 2121 rere
1300 2099 1360 2130 pro
1386 2093 1564 2122 certa—«66
1590 2091 1707 2122 Barth.

915 2184 1053 2214 NOTAE

257 2243 379 2286 qnibns
397 2245 518 2284 saepius
535 2246 568 2276 in
583 2246 820 2285 superioribus.
1011 2247 1131 2285 tentia,
1159 2248 1332 2286 mnltoqne
1361 2248 1545 2286 sapientior
1572 2248 1705 2279 videtur

301 2297 342 2325 52
365 2295 492 2334 Sedere]
515 2294 733 2325 Sacrificandi
755 2305 857 2325 cansa
880 2305 954 2326 cum
1004 2295 1077 2334 jam
1095 2296 1187 2326 Naso
1202 2305 1298 2335 quam
1313 2300 1426 2327 antea.

258 2345 468 2375 accessisset.
1051 2347 1090 2375 63
1110 2344 1324 2383 Manifestior]
1342 2345 1429 2376 Quia
1446 2344 1629 2387 Augustus,
1645 2349 1700 2388 qni

303 2396 342 2425 53
361 2394 526 2434 Privatus]
544 2394 680 2425 Lumine
698 2404 754 2424 seu
774 2394 876 2424 oculis
891 2394 955 2434 pri·
1012 2393 1127 2423 vivens
1147 2394 1245 2424 etiam
1264 2394 1382 2424 «livinis
1409 2394 1587 2426 fruebatur
1603 2398 1703 2429 liono—

257 2445 330 2475 vari
345 2444 486 2474 numinis
500 2445 547 2474 ira
560 2444 786 2475 credebantur
799 2444 855 2484 qni
869 2443 953 2475 falso
1009 2444 1111 2483 ribus,
1127 2444 1230 2474 oculis
1243 2445 1387 2474 onmium
1405 2450 1477 2475 erat
1495 2447 1703 2486 conspicien-

257 2503 319 2534 per
337 2494 691 2535 Isidemjnravissent.
1008 2494 1092 2524 dns:
1119 2494 1177 2524 sed
1208 2494 1310 2533 magis
1341 2495 1416 2534 qnia
1447 2495 1517 2535 ejus
1550 2496 1702 2535 potentIa.

300 2548 339 2575 54
374 2545 550 2586 Clamabat]
600 2546 648 2577 Ut
675 2546 724 2576 ita
753 2546 839 2576 Deae
868 2545 949 2575 iram
1007 2543 1150 2573 maxime
1166 2544 1385 2574 sentiebatur.

258 2594 453 2627 delinirent.
1049 2596 1089 2624 64
1109 2593 1270 2632 Perennis]
1285 2593 1380 2623 Istud
1400 2604 1477 2625 vero
1491 2605 1508 2624 a
1527 2596 1699 2635 peccando

299 2645 339 2672 61
364 2643 432 2682 Sit]
457 2644 588 2684 Dolori,
603 2644 675 2676 scil.
1005 2643 1181 2673 mortalem
1198 2643 1343 2674 maxime
1358 2642 1499 2675 deberet
1513 2645 1698 2684 retrahere,

300 2692 423 2734 Magis]
447 2693 561 2735 Atque
582 2695 654 2727 haec
679 2704 759 2726 vera
774 2699 826 2727 est
848 2693 949 2736 poeni-
1005 2692 1092 2734 qnod
1110 2692 1243 2733 peccati
1268 2693 1399 2725 macula
1414 2704 1582 2736 nunquam
1597 2696 1630 2727 in
1648 2699 1697 2727 to-
