1877 3193
836 186 950 218 ruis.
1507 180 1621 223 2827

165 273 394 318 AEthalion
413 277 505 320 vita
525 279 734 333 spoliavit
750 283 797 321 ut
817 280 954 321 Isidis
974 280 1152 334 hospes,

222 341 364 393 Quem
385 359 548 386 memor
569 360 595 386 a
615 348 752 387 sacris
774 360 886 387 nunc
909 361 1082 401 quoque
1105 348 1228 402 pellit
1247 348 1344 391 Ion.

165 409 314 463 thue
339 411 588 453 Melanthea
612 415 799 454 tenebris
821 427 844 453 a
868 415 990 455 caede
1012 415 1223 456 latentem

221 476 422 519 Prodidit
443 479 587 521 officio
610 481 785 520 luminis
806 481 911 520 orba
930 494 1113 533 parens;

163 542 239 585 Sic
262 549 339 585 tua
359 548 574 600 conjectis
599 548 814 587 fodiantur
835 551 1014 598 pectora
1034 548 1158 600 telis3

219 610 310 660 Sic,
332 626 500 665 precor,
524 616 702 654 auxiliis
725 613 968 664 impediare
990 614 1091 654 tuis.

164 676 322 726 Qualis
344 693 484 732 equos
506 684 652 734 pacto,
675 693 789 732 quos
810 680 935 720 fortis
956 682 1112 732 agebat
1132 680 1348 734 Achilles,

216 743 333 785 Acta
355 745 514 799 Phrygi
536 747 689 787 timido
709 750 789 796 est,
810 759 901 788 nox
924 748 1004 787 tibi
1025 749 1126 788 talis
1146 752 1233 790 eat.

161 810 258 852 Nec
281 817 345 861 tu,
369 826 501 865 quam
524 814 720 865 Rhesus,
744 828 900 855 somno
921 816 1097 856 meliore
1119 817 1290 868 fruaris,

218 878 364 928 Quam
389 881 568 921 comites
590 881 727 922 Rhesi
748 886 838 922 tum
861 882 998 931 necis,
1021 887 1116 923 ante
1135 884 1248 925 viae:

160 944 306 996 Quam
330 960 443 999 quos
463 962 561 989 cnm
585 949 754 990 Rutulo
774 951 906 991 morti
927 950 1172 992 Rhamnete
1191 949 1405 992 dederunt

216 1012 411 1068 Impiger
432 1016 714 1070 Hyrtacides,
739 1017 1089 1071 Hyrtacidaeque
1111 1032 1276 1061 comes.

1537 417 1622 458 625

1535 750 1620 792 630

156 1118 253 1158 prosit
269 1128 328 1150 non
352 1121 479 1158 dignum
497 1121 609 1159 fuisse.
659 1123 921 1157 Quemadmodum
936 1123 1042 1163 hospes
1069 1123 1163 1154 Isidis
1186 1124 1329 1164 spoliavit
1344 1123 1409 1154 vita
1432 1122 1619 1161 AEthalium,

156 1170 243 1200 quem
259 1161 407 1202 hospitem
425 1164 479 1194 Ion
496 1175 611 1194 memor
625 1169 707 1195 arcet
730 1175 808 1195 nunc
833 1166 927 1196 etiam
949 1176 968 1195 a
990 1167 1096 1196 sacris.
1145 1167 1186 1196 Et
1201 1167 1281 1196 sicut
1297 1169 1397 1197 mater
1411 1165 1485 1196 orba
1499 1165 1617 1196 retexit

156 1204 253 1244 officio
266 1204 390 1235 luminis
407 1207 616 1238 Melantheum
633 1208 857 1238 delitescentem
875 1209 907 1238 in
923 1208 1058 1238 {enebris
1070 1211 1141 1248 post
1151 1213 1312 1248 patratum
1327 1208 1548 1245 lzomz'c·idium;
1571 1208 1618 1238 ita

155 1249 210 1276 tua
222 1251 348 1286 pectora
361 1248 510 1289 figantur·
533 1251 602 1279 telis
618 1251 769 1287 ingestis;
793 1251 848 1285 ita,
865 1260 928 1289 oro,
945 1251 1132 1290 opprimaris
1155 1252 1219 1282 tuis
1233 1252 1373 1282 auxiliis.
1422 1251 1496 1281 Nox
1512 1250 1585 1280 talis
1599 1259 1618 1279 a

155 1291 187 1318 te
217 1291 465 1331 transmittatur,
493 1293 611 1331 qualem
638 1292 742 1329 exegit
778 1293 892 1332 Phryx
918 1294 1052 1332 pavidus
1088 1297 1198 1332 pactus
1231 1303 1334 1333 equos,
1368 1303 1441 1332 quos
1475 1295 1620 1322 strenuus

155 1330 292 1362 Achilles
304 1333 458 1371 agitabat.
507 1335 616 1373 Neque
630 1338 665 1364 tu
680 1334 833 1375 reficiaris
857 1344 958 1364 somno
977 1335 1173 1372 jucundiore,
1199 1346 1289 1374 quam
1306 1334 1436 1370 Rhesus,
1463 1342 1555 1373 quam
1570 1343 1619 1364 co-

155 1373 245 1402 mites
261 1374 364 1404 Rheso
378 1379 443 1404 tum
459 1377 576 1412 mortis,
592 1380 682 1405 antea
699 1375 839 1405 itineris:
860 1378 894 1405 ut
909 1385 982 1414 quos
995 1380 1136 1406 strenuus
1154 1376 1344 1416 Hyrtacides
1358 1380 1387 1406 et
1403 1385 1501 1405 comes
1526 1375 1617 1415 Hyr-

155 1414 268 1444 tacidoe
291 1420 507 1445 mactaverunt
533 1426 602 1446 cum
632 1418 808 1446 Rhamnete
834 1417 963 1446 Rutulo.
1026 1418 1081 1447 Vel
1106 1418 1188 1446 sicut
1217 1418 1376 1447 Cliniades
1399 1419 1618 1457 circumseptus

768 1486 787 1496 e

154 1528 224 1550 var.
254 1519 335 1550 lect.
354 1522 447 1559 putes
475 1528 537 1559 pro
562 1518 771 1557 juven—623
796 1519 836 1549 In
865 1519 1010 1559 vulgatis
1041 1522 1115 1550 erat
1145 1519 1294 1550 AEthalon
1318 1522 1354 1550 ut
1376 1521 1444 1550 vita
1471 1520 1615 1561 spoliarit

156 1561 274 1593 Isidius
297 1562 414 1601 hospes.
447 1561 606 1602 Salvagn.
632 1561 791 1592 emendat
819 1562 967 1592 AEthalon
994 1565 1024 1592 et
1049 1562 1115 1592 rita
1141 1571 1186 1601 sp.
1214 1565 1249 1591 ut
1277 1562 1375 1592 Isidis
1396 1562 1523 1602 hospes;
1559 1564 1613 1594 vel

155 1604 270 1646 potius
295 1604 471 1635 AEthalium
497 1604 563 1634 vita
585 1614 628 1644 sp.
646 1607 681 1634 ut
698 1604 795 1634 Isidis
809 1605 925 1644 hospes.
973 1604 981 1620 ‘
999 1605 1108 1635 Locus
1130 1604 1254 1634 nemini
1270 1604 1476 1636 intellectus.
1501 1605 1617 1640 Forte,

155 1647 319 1679 AEthalion
333 1647 399 1677 vita
414 1647 558 1687 spoliauit
574 1650 608 1676 ut
639 1646 734 1676 Isidis
757 1646 872 1686 hospes.
919 1646 960 1676 In
977 1647 1116 1686 vulgata
1141 1647 1286 1677 lectione
1304 1647 1433 1678 numeri
1449 1657 1516 1678 non
1540 1657 1616 1679 con-

154 1689 272 1721 stant!
308 1689 422 1720 Heins.
465 1690 616 1720 AEthalon
644 1689 781 1719 Sarrav.
812 1694 846 1720 et
880 1692 947 1719 tres
981 1690 1060 1719 alii:
1097 1689 1229 1719 Attalen
1252 1690 1372 1721 Petav.
1398 1694 1434 1720 et
1459 1690 1612 1721 Moreti:

153 1731 287 1764 Attalen
318 1731 494 1763 Gallicus:
529 1731 688 1762 AEthalius
716 1731 747 1761 in
778 1732 861 1761 Mss.
892 1731 993 1762 Statii
1018 1741 1051 1761 v.
1077 1734 1150 1761 466.
1174 1731 1230 1761 ubi
1253 1731 1484 1762 ‘'AEthaliden’
1509 1733 1615 1771 Argo·

154 1778 291 1806 nautam
307 1774 452 1813 intelligi
469 1783 565 1813 posse
583 1778 678 1804 notat
692 1774 866 1812 Barthius,
882 1773 939 1804 sed
957 1773 1077 1813 rejicit.
1103 1774 1252 1813 Isindius,
1272 1773 1432 1812 Ysindius,
1450 1774 1613 1814 Iscindius,

154 1817 323 1858 Hysidius,
337 1816 456 1854 Jasius,
474 1816 578 1856 Isidis,
594 1816 677 1846 Mss.
694 1815 830 1847 diversi.
855 1817 1077 1847 Barna—624
1095 1815 1149 1845 lon
1164 1824 1249 1846 corr.
1268 1814 1386 1846 Heius.
1401 1815 1494 1856 vulg.
1521 1816 1612 1847 10.—

153 1862 215 1890 625
239 1859 425 1891 Melanthea
451 1859 568 1889 Burni.
586 1858 681 1889 dedit
706 1868 748 1888 ex
774 1859 815 1889 R.
844 1858 873 1889 1.
892 1862 927 1889 et
952 1858 1066 1888 multis
1083 1858 1181 1896 aliis;
1204 1858 1291 1896 vulg.
1309 1858 1542 1891 Melantheum:
1568 1858 1612 1890 R.

154 1902 243 1933 alter
268 1901 453 1933 Melinthea.
498 1901 580 1931 Mox
612 1911 627 1931 e
646 1902 727 1931 ccede
753 1905 806 1932 est
835 1902 868 1932 in
892 1901 1158 1941 Samaga—*626
1182 1900 1333 1931 Gallicus
1362 1900 1509 1931 Perdidit
1537 1902 1614 1943 offic.

154 1945 239 1976 Mox
255 1954 341 1976 unus
353 1954 420 1975 ossa
433 1953 491 1984 pro
507 1944 697 1975 orba-627
724 1944 751 1974 I.
770 1947 825 1975 tua
837 1943 993 1982 congestis
1005 1943 1075 1980 sod.
1100 1943 1237 1974 Deinde
1253 1943 1403 1974 nonnulli
1421 1952 1496 1974 cum
1512 1944 1614 1974 editis

153 1997 282 2028 corpora
297 1997 360 2028 pro
372 1990 519 2027 pectora:
544 1987 572 2017 Ι.
589 1987 713 2017 vincula
730 1996 792 2026 pro
815 1987 944 2026 viscera,
967 1991 1004 2016 ut
1021 1985 1186 2016 credebat
1203 1985 1433 2017 Heins.-629
1469 1986 1508 2016 R.
1525 1986 1614 2017 alter

155 2034 191 2062 et
207 2031 358 2072 quinque
375 2030 431 2060 alii
448 2034 483 2060 et
499 2028 583 2060 editi
606 2029 704 2060 multi
723 2030 814 2065 Qual.
830 2029 914 2070 equis
925 2029 1038 2069 pactis.
1063 2029 1145 2059 Tum
1163 2028 1252 2058 idem
1270 2029 1311 2059 R.
1326 2038 1398 2068 quos
1419 2028 1616 2066 duxitsortis

153 2072 300 2104 ‚tt—631
324 2072 452 2113 Scripti
466 2072 602 2112 quidam
616 2076 650 2103 et
667 2071 746 2103 olim
765 2072 848 2103 editi
872 2072 996 2102 meliore
1010 2071 1269 2111 quiescas—632
1294 2071 1339 2101 Tu
1351 2071 1434 2102 necis
1447 2074 1519 2102 ante
1533 2072 1614 2102 diem

153 2114 333 2147 duodecim
360 2115 478 2155 scripti
505 2124 581 2145 cum
607 2114 724 2155 primis
752 2114 958 2145 editionibus
982 2114 1173 2144 nonnullis:
1211 2124 1302 2154 quam
1326 2115 1408 2144 necis
1435 2116 1507 2144 ante
1533 2113 1614 2144 diem

154 2157 208 2188 alii
237 2158 389 2189 nonnulli
404 2168 412 2188 z
436 2157 488 2198 qui
499 2157 582 2188 necis
607 2161 679 2189 ante
700 2157 783 2188 diem
798 2157 884 2188 duo:
909 2161 982 2188 tunc
996 2156 1077 2187 necis
1092 2160 1163 2186 aute
1178 2157 1259 2186 diem
1273 2156 1386 2188 Jureti
1412 2161 1446 2187 et
1463 2156 1530 2187 duo
1547 2155 1614 2186 alii.

152 2202 257 2231 —633
281 2200 312 2232 1.
333 2200 377 2231 Ut
392 2210 490 2241 quos;
515 2201 648 2241 duoque
662 2200 719 2231 alii
736 2200 791 2231 Et.
809 2200 892 2231 Mox
906 2209 990 2230 unus
1008 2199 1126 2230 Heius.
1140 2202 1231 2229 mort.
1246 2208 1377 2238 rapuere
1391 2199 1458 2229 ded.
1476 2202 1512 2229 et.
1524 2198 1614 2229 Mor.

812 2274 956 2306 NOTAE

196 2334 257 2363 623
280 2333 456 2374 AEthalion]
471 2333 598 2365 Fabula
614 2334 742 2374 ignota,
758 2333 854 2374 cnjus

150 2381 280 2413 nullum
308 2382 439 2421 uspiam
466 2383 761 2424 vestigium‚quod
785 2383 856 2424 qui-

155 2431 232 2463 dem
246 2430 363 2462 sciam.

195 2485 258 2514 625
283 2481 480 2522 Melanthea]
501 2482 622 2523 Neque
640 2481 682 2512 de
699 2483 765 2512 isto
781 2491 853 2511 cer-

152 2538 189 2566 ta
203 2533 382 2565 admodum
399 2532 481 2563 licet
497 2533 656 2572 proferre.
692 2534 854 2564 Ceterum

154 2584 196 2616 ad
212 2583 383 2626 qumdam
398 2582 599 2614 homicidam
619 2582 785 2621 referunt,
811 2592 854 2613 ex

154 2639 290 2668 vetusto
320 2636 523 2676 interprete,
543 2645 640 2675 quem
657 2641 768 2667 mater
785 2635 855 2666 sola

153 2685 362 2718 latebrarum
375 2685 448 2725 ejus
464 2685 602 2717 conscia
615 2686 739 2718 lumine
752 2685 854 2717 allato

158 2734 322 2778 prodidit.

952 2336 1015 2364 630
1038 2331 1178 2372 Phrygi]
1217 2331 1269 2362 De
1302 2331 1435 2361 Dolone
1465 2329 1612 2370 Trojano

908 2391 1018 2413 sermo
1034 2386 1099 2419 cst,
1115 2389 1215 2420 quem
1235 2380 1307 2417 jam
1325 2378 1449 2417 saepius
1465 2378 1611 2411 diximus

909 2432 951 2461 ab
982 2431 1104 2468 Ulysse
1133 2432 1169 2458 et
1206 2426 1372 2458 Diomede
1409 2432 1610 2469 peremtum,

909 2490 984 2512 cum
1002 2479 1043 2509 ad
1062 2479 1263 2509 Graecorum
1290 2482 1402 2509 castra
1418 2479 1612 2519 speculator

909 2528 1120 2560 accessisset.

950 2582 1009 2609 631
1038 2577 1172 2618 Rhesus]
1197 2577 1299 2609 Hunc
1324 2577 1438 2618 etiam,
1457 2578 1608 2611 Thraciae

909 2638 1113 2669 regem‚una
1127 2637 1201 2660 cum
1214 2628 1311 2659 sociis
1328 2628 1370 2659 ab
1387 2628 1508 2660 iisdem
1524 2630 1609 2662 Dioz

908 2680 1007 2711 mede
1022 2683 1058 2710 et
1074 2679 1197 2719 Ulysse
1213 2678 1396 2718 sublatum,
1420 2689 1486 2720 qua
1501 2679 1610 2721 prima

908 2734 1010 2763 nocte
1030 2729 1064 2762 in
1088 2729 1249 2762 auxilium
1263 2728 1487 2770 Trojauorum
1507 2738 1609 2762 vene·
