1863 3193
606 153 848 185 Tms‘rmm
882 153 980 184 [AB.
1013 154 1046 185 1.
1075 144 1145 184 ll.
1492 145 1607 186 2257

149 249 460 302 Fuscabatque
480 247 595 288 diem
618 250 768 288 custos
790 247 1128 302 Erymanthidos
1149 246 1278 287 Ursae
1295 260 1306 299 ;
1555 248 1613 290 15

205 316 295 357 Aut
318 315 504 369 Hyadas
525 315 657 355 saevis
680 319 866 357 auxerat
885 315 1051 356 Auster
1078 314 1230 368 aquis:

149 383 282 437 Saepe
302 383 432 423 maris
453 394 556 435 pars
578 382 694 422 intus
717 387 835 434 erat3
867 388 1010 424 tamen
1029 384 1126 435 ipse
1146 380 1345 422 trementi

206 449 411 491 Carmina
433 448 649 489 ducebam
669 449 1008 502 qualiacumque
1029 460 1178 488 manu.

148 516 279 558 Nunc
300 529 475 569 quoque
498 516 688 556 contenti
709 516 894 556 stridunt
910 514 1130 568 Aquilone
1150 513 1349 555 rudentes
1369 528 1381 567 3

205 583 344 636 Inque
364 583 543 624 modum
564 582 723 623 tumuli
744 595 941 623 concava
962 581 1101 634 surgit
1122 593 1256 634 aqua.

149 650 254 704 Ipse
273 651 540 703 gubernator
560 650 719 692 tollens
741 649 797 690 ad
817 648 965 689 sidera
985 648 1158 702 palmas

203 716 423 770 Exposcit
444 718 578 767 votis,
601 718 831 758 immemor
853 717 978 766 artis,
996 728 1140 769 opem.

149 783 436 838 Quocumque
458 785 647 838 aspicio,
668 784 774 825 nihil
794 787 879 833 est,
901 783 988 823 nisi
1008 781 1160 823 mortis
1180 782 1323 834 imago
1340 794 1350 822 ε

203 850 351 901 Quam
372 852 506 893 dubia
525 853 661 893 timeo
682 857 841 901 mente,
865 852 1113 902 timensque
1134 861 1303 902 precor.

1545 581 1603 622 20

146 972 176 1000 et
193 973 293 1000 custos
311 970 399 1001 Ursce
416 970 659 1011 Erymanthidos
673 968 853 1000 obscurabat
868 968 974 1005 diem,·
997 967 1044 998 vel
1060 966 1175 998 Auster
1191 966 1361 998 cumulabat
1381 967 1515 1009 Hyadas
1527 969 1612 1008 feris

148 1012 246 1052 aquis.
291 1012 382 1052 Soepe
405 1023 479 1053 pars
504 1013 599 1043 maris
624 1016 690 1043 erat
714 1013 820 1043 inlus:
859 1014 960 1041 tamen
986 1020 1041 1048 ego
1061 1009 1229 1040 scribebam
1252 1019 1357 1040 versus
1382 1012 1611 1052 qualescumque

148 1064 240 1085 manu
254 1055 383 1085 incerta.
431 1055 523 1086 Nunc
538 1056 632 1085 etiam
656 1056 801 1085 rudentes
823 1057 931 1084 sonant
953 1053 1081 1083 distenti
1098 1052 1215 1089 Borea,
1241 1055 1271 1082 et
1287 1062 1367 1092 aqua
1381 1063 1474 1084 curva
1490 1054 1611 1085 tollitur

148 1099 293 1136 tanquam
307 1097 452 1127 tumulus.
497 1097 567 1137 Ipse
582 1098 740 1128 nauclerus
751 1097 878 1127 tendens
889 1104 996 1125 manus
1011 1095 1050 1123 ad
1069 1098 1168 1131 astra,
1184 1093 1296 1123 oblitus
1318 1095 1410 1132 artis,
1424 1096 1504 1133 petit
1520 1097 1612 1127 auxi-

150 1138 238 1169 lium.
284 1139 477 1178 Quocumque
501 1140 600 1170 oculos
624 1141 723 1178 verto,
746 1137 825 1168 nihil
843 1140 889 1167 est
913 1136 975 1166 uisi
999 1136 1105 1175 imago
1120 1137 1240 1176 mortis,
1264 1146 1354 1176 quam
1378 1140 1479 1168 metuo
1494 1139 1612 1174 incerto

763 1219 996 1231 {commove

149 1275 233 1314 ropis
258 1274 393 1316 quidam
416 1274 537 1315 scripti
553 1277 589 1305 et
613 1273 703 1305 Edd.
729 1273 794 1305 duo
809 1273 889 1304 libri
917 1274 1068 1313 Meropis,
1085 1277 1119 1304 et
1135 1273 1201 1305 Ms.
1218 1274 1350 1305 Ber-sm.
1367 1274 1608 1315 Meropes.-15

148 1317 251 1348 Multi
261 1317 377 1356 scripti
387 1320 464 1348 cust.
476 1317 657 1348 Atlantidos
672 1317 799 1348 U.—16
822 1316 984 1356 Plerique
996 1321 1081 1347 vett.
1093 1317 1204 1353 soevis3
1221 1317 1277 1347 alii
1287 1317 1382 1348 seris.-
1394 1317 1510 1349 Heius.
1523 1318 1612 1349 vole-

151 1359 210 1390 bat
234 1359 300 1390 Aut
324 1359 371 1391 H.
392 1360 505 1400 pluviis
520 1360 664 1390 hauserat
678 1359 750 1400 [vel
775 1359 924 1398 auxerat]
946 1360 988 1389 A.
1004 1359 1103 1399 (tuuis.
1137 1359 1238 1390 Multi
1257 1360 1358 1390 etiam
1377 1360 1432 1390 alii
1450 1360 1608 1400 hauserat,

150 1406 186 1432 et
209 1411 294 1432 unus
323 1401 410 1433 Cod.
436 1405 676 1434 traxerat—18
700 1402 742 1433 P.
771 1402 878 1432 Carm.
899 1400 1054 1432 dictabam
1077 1403 1244 1441 qual—19
1268 1402 1364 1433 Unus
1389 1403 1472 1433 Cod.
1519 1403 1612 1434 Nunc

151 1443 245 1475 etiam
260 1445 340 1475 tenti
354 1447 414 1475 str.
437 1444 542 1475 Barb.
559 1455 650 1485 quoq.
666 1444 796 1475 distenti
810 1454 821 1480 ;
835 1444 917 1475 Lov.
933 1444 1102 1475 constricti.
1129 1445 1211 1474 Tum
1223 1444 1374 1484 stridunt,
1389 1450 1478 1476 teste
1490 1444 1612 1477 Heius.

151 1486 325 1525 meliores3
361 1486 419 1517 alii
445 1497 521 1518 cum
547 1487 638 1527 vulg.
660 1487 817 1517 strident:
842 1486 875 1517 in
898 1487 940 1517 R.
958 1490 1035 1517 erat
1047 1487 1187 1526 suadent,
1202 1486 1302 1527 quod.
1320 1497 1382 1527 pro
1397 1489 1510 1518 sudant
1523 1489 1612 1526 posi-

152 1532 226 1560 tum
245 1529 323 1560 olim
339 1529 428 1570 conj.
451 1529 660 1561 Heins.-20
684 1529 800 1569 Multi,
817 1533 856 1560 ut
872 1529 965 1569 alibi,
982 1529 1096 1560 cumuli
1111 1538 1172 1570 pro
1194 1530 1403 1560 tumuli.—23
1426 1530 1552 1570 Aspicio
1568 1539 1611 1561 ex

804 1623 946 1656 NOTAE

153 1695 317 1728 nefariam
347 1698 538 1730 irrisionem
566 1699 776 1731 daemonibus
805 1699 853 1729 ul-

154 1746 342 1778 ciscendam
359 1749 498 1781 tradidit
513 1750 723 1791 aequissimus
738 1750 852 1781 Terrae

153 1795 279 1828 Jndex.

198 1848 236 1876 13
262 1845 389 1884 Haedis]
426 1847 528 1877 Haedi
559 1848 717 1880 dicuntur
743 1850 850 1881 stella:

153 1894 229 1925 duae
252 1895 286 1925 in
311 1895 450 1925 humero
478 1900 537 1926 aut
563 1897 700 1929 brachio
716 1898 854 1939 Aurigae

156 1955 214 1976 seu
241 1945 463 1985 Erichthonii,
479 1956 554 1986 quae
578 1951 656 1977 ortu
679 1952 783 1987 atque
800 1957 854 1978 oc-

152 2005 232 2027 casu
249 2005 309 2026 suo
327 1999 550 2035 tempestates
566 1996 656 2027 ciere
672 1996 843 2027 dicuntur.

197 2048 235 2076 14
260 2045 419 2085 Steropes]
443 2045 520 2076 Una
552 2045 616 2077 fuit
648 2056 690 2076 ex
721 2050 854 2087 septem

154 2095 365 2131 pleiadibus,
384 2095 542 2126 Pleiones
557 2100 592 2126 et
609 2095 756 2127 Atlantis
773 2096 855 2126 filia-

153 2145 234 2175 bus:
259 2154 334 2185 quae
359 2144 518 2175 Pleiades
541 2144 575 2174 in
603 2145 723 2175 coelum
749 2149 854 2175 trans-

153 2195 230 2226 latae
242 2198 276 2225 et
289 2198 368 2224 ante
380 2195 481 2225 'I'auri
495 2194 617 2225 collum
632 2195 764 2234 positae,
777 2204 853 2225 cum

152 2245 245 2275 circa
265 2244 515 2284 AEquiuoctium
531 2254 671 2275 vernum
688 2245 851 2285 oriantur,

152 2299 253 2335 atque
274 2299 428 2324 aestatem
451 2299 487 2326 et
511 2296 693 2336 navigandi
719 2300 852 2336 tempus

152 2343 357 2384 significent,
374 2344 505 2376 GraecIS
521 2354 541 2375 a
563 2343 649 2375 πλέω
670 2345 782 2384 navigo
798 2355 854 2375 uo-

154 2403 231 2425 men
248 2394 378 2425 sortitae
401 2399 494 2434 sunt,
507 2395 667 2435 Vergiliae
690 2395 818 2425 Latinis
836 2405 855 2426 a

157 2454 236 2475 vere
253 2445 368 2475 dictae.
408 2446 544 2477 Occasu
561 2451 672 2477 autem
693 2456 751 2476 suo
774 2446 854 2486 bye-

157 2503 244 2525 mem
261 2500 363 2536 atquc
376 2500 600 2535 tempestates
618 2496 782 2536 iudicant,
799 2506 855 2536 po-

159 2543 223 2573 ‘citis
239 2546 357 2575 saltem
374 2545 401 2575 si
417 2544 516 2576 iidem
533 2545 672 2577 babeas.

202 2595 240 2621 15
277 2593 400 2633 Custos]
452 2594 685 2635 Arctophylax
715 2598 768 2625 est
796 2604 855 2625 seu

160 2641 296 2678 Bootes,
312 2641 345 2670 in
360 2643 456 2682 cujus
476 2654 556 2675 zoua
582 2646 708 2676 ceteris
732 2645 854 2676 clarius

157 2692 277 2724 lucens
294 2691 405 2730 stella,
427 2703 502 2732 quae
523 2694 690 2727 Arcturus
707 2695 832 2728 dicitur
847 2706 855 2732 ς

245 2743 358 2784 Delplc.
374 2746 402 2773 et
424 2744 495 2777 Var.
518 2748 602 2780 Clas.

837 2748 931 2780 Ouid.

907 1702 984 1728 ortu
1002 1702 1106 1739 atque
1119 1707 1242 1729 occasu
1259 1707 1318 1729 suo
1335 1697 1464 1739 pluvias
1481 1701 1515 1730 et
1528 1702 1612 1731 tem-

905 1752 1058 1788 pestates
1076 1748 1180 1779 ciens.

950 1798 1210 1839 Erymanthidos]
1238 1797 1293 1829 Ab
1317 1798 1527 1838 Erymantho
1547 1797 1612 1829 Ar-

905 1848 1014 1879 cadiae
1040 1852 1155 1879 monte
1171 1848 1313 1880 Callisto
1340 1849 1505 1889 Lycaonis
1530 1848 1612 1887 filia,

908 1898 941 1928 iu
957 1898 1080 1928 Ursam
1098 1908 1117 1928 a
1132 1899 1268 1930 Junone
1284 1903 1428 1937 mutata,
1441 1898 1564 1929 deinde
1577 1899 1612 1929 in

909 1947 1029 1978 coelum
1044 1948 1142 1979 Jovis
1157 1948 1324 1979 beneficio
1340 1948 1514 1987 translata,
1528 1948 1611 1989 Ery-

909 1997 1055 2027 mantbis
1073 1997 1207 2027 dicitur.

952 2048 992 2076 16
1007 2047 1153 2086 Hyadas]
1170 2047 1228 2077 Eae
1243 2048 1349 2078 stellae
1365 2047 1493 2089 quasin
1505 2048 1612 2080 Tauri

908 2095 1020 2134 capite
1052 2105 1193 2126 numero
1222 2101 1354 2135 septem
1380 2097 1563 2138 tinxerunt,
1590 2108 1610 2129 a

909 2144 1068 2184 pluendo,
1084 2144 1171 2185 quod
1196 2146 1328 2176 Graecis
1344 2151 1395 2177 est
1418 2147 1491 2186 ὕειν,
1507 2147 1610 2179 dictae

907 2199 998 2232 suut,
1016 2195 1146 2226 Latinis
1161 2196 1316 2235 Suculae3
1339 2207 1412 2237 quae
1434 2198 1610 2238 Hyantem

906 2244 1047 2276 fratrem
1078 2256 1097 2275 a
1128 2246 1224 2277 leone
1253 2246 1475 2278 interfectum
1511 2253 1603 2289 post·

906 2306 1006 2337 quam
1023 2296 1248 2327 insolabiliter
1267 2297 1300 2327 iu
1324 2298 1422 2328 terris
1438 2299 1610 2337 luxerunt,

908 2355 948 2376 ex
980 2346 1076 2385 coelo,
1092 2346 1125 2376 in
1151 2347 1239 2387 quod
1263 2348 1357 2379 Jovis
1389 2348 1606 2380 miseratione

909 2396 1096 2433 translatae,
1121 2397 1288 2437 lacrymas
1319 2407 1405 2435 suas,
1435 2398 1609 2430 imbrifera

908 2446 1035 2477 virtute
1052 2446 1234 2487 insignitae,
1251 2453 1428 2488 spargunt.

950 2495 1109 2534 Auxerat]
1137 2496 1263 2527 Auster
1293 2497 1381 2526 euim
1405 2500 1524 2527 ventus
1553 2500 1608 2528 cst

909 2544 1055 2585 pluvius,
1073 2550 1109 2575 ut
1125 2549 1253 2576 notum.

952 2598 993 2626 20
1013 2595 1169 2634 Coneaca]
1187 2596 1266 2627 Non
1281 2605 1368 2637 aqua
1381 2595 1529 2637 quidem,
1546 2596 1606 2628 sed

910 2644 1034 2676 fluetus
1050 2655 1091 2676 ex
1108 2654 1158 2677 ea.

1442 2750 1519 2780 71)
