1877 3193
207 163 324 205 2700
697 174 737 204 P.
768 173 927 203 ovlon
961 172 1173 203 NAsoms

207 249 380 309 QUAM
401 268 527 320 legis,
550 280 607 308 ex
628 267 715 307 illis
734 267 810 307 tibi
834 267 952 308 venit
968 267 1174 320 epistola,
1194 266 1341 317 Brute,

266 334 492 375 Nasonem
514 335 647 374 nolles
666 334 710 374 in
732 335 887 387 quibus
908 346 1018 382 esse,
1046 333 1170 374 locis.

209 400 316 450 Sed,
336 405 380 441 tu
403 402 521 454 quod
542 402 697 451 nolles,
721 402 858 441 voluit
877 402 1119 442 miserabile
1138 401 1291 442 fatum.

267 467 357 507 Hei
377 469 494 518 mihi,
516 469 617 521 plus
636 469 759 510 illud.
783 481 915 521 quam
938 473 1013 509 tua
1031 473 1152 518 vota,
1175 470 1316 510 valet!

211 534 261 574 In
284 535 465 588 Scythia
483 537 612 576 nobis
633 536 921 589 quinquennis
944 535 1174 589 Olympias
1197 542 1297 578 acta
1318 540 1410 578 est:
1632 538 1659 575 5

265 601 296 641 J
300 614 369 641 am
392 606 563 654 tempus
582 603 707 643 lustri
729 602 883 641 transit
904 602 949 642 in
969 603 1161 643 alterius.

209 667 385 708 Perstat
403 669 516 708 enim
539 668 733 708 Fortuna
751 671 898 716 tenax,
918 670 1120 721 votisque
1139 670 1374 723 malignum

267 733 468 787 Opponit
487 735 649 775 nostris
668 733 882 773 insidiosa.
901 733 1072 785 pedem.

212 800 367 841 Certus
386 813 481 840 eras
502 813 583 852 pro
603 813 687 848 me,
712 799 865 840 Fabiae
886 799 979 848 lux,
1000 799 1213 849 Maxime,
1232 803 1390 853 gentis,

267 866 446 907 Numen
464 867 520 906 ad
541 865 788 919 Augustum
808 866 1011 918 supplice
1032 879 1141 906 voce
1161 867 1298 920 loqui.
1607 869 1661 908 10

211 932 392 973 Occidis
414 938 512 974 ante
532 947 713 986 preces3
745 946 1013 986 causamque
1031 946 1126 985 ego,
1150 933 1367 984 Maxime,
1387 936 1536 974 mortis

265 998 388 1052 (Nec
406 1000 572 1041 fueram
592 999 723 1054 tanti)
751 1014 820 1041 me
840 1014 935 1041 reor
955 1014 1054 1042 esse
1076 1005 1177 1043 tuae.

209 1066 239 1108 J
243 1081 313 1108 am
331 1068 466 1108 timeo
487 1074 680 1109 nostram
701 1069 908 1121 cuiquam
927 1068 1131 1109 mandare
1149 1069 1338 1110 salutem
1356 1084 1365 1110 z

268 1135 422 1189 Ipsum
440 1140 575 1177 morte
595 1139 669 1176 tua
689 1136 881 1177 concidit
901 1136 1128 1176 auxilium.

256 1266 369 1304 Brutr,
394 1266 494 1296 liter-se
509 1276 585 1306 quas
599 1267 678 1305 Iegis
693 1269 803 1298 adsunt
826 1268 884 1298 tibi
899 1278 939 1298 ex
963 1269 1025 1299 illis
1041 1269 1126 1307 locis,
1141 1269 1175 1299 in
1190 1269 1297 1308 quibus
1312 1269 1404 1299 nolles
1418 1269 1573 1299 Nasonem
1588 1277 1663 1299 esse.

217 1306 330 1338 Verum
345 1309 512 1338 luctuosum
531 1308 636 1345 fatum
653 1310 750 1339 voluit
774 1311 851 1349 quod
876 1313 909 1340 tu
924 1311 1026 1340 nolles.
1073 1311 1137 1340 Hei
1152 1311 1255 1341 mihi!
1276 1311 1354 1340 illud
1374 1312 1444 1350 plus
1452 1313 1553 1350 potest
1574 1320 1664 1351 quam

213 1353 267 1380 tua
282 1350 434 1380 desideria
447 1350 461 1381 l
509 1351 669 1391 Olympias
690 1352 892 1391 quinquennis
913 1355 957 1382 est
973 1351 1060 1382 nobis
1073 1355 1228 1383 transacta
1246 1353 1277 1382 in
1295 1352 1445 1392 Scythia:
1461 1353 1530 1389 J'am
1546 1356 1664 1392 tempus

212 1392 419 1431 egrediturin
436 1397 570 1432 tempus
586 1393 714 1423 alterius
729 1395 829 1424 lustri.
874 1395 1016 1433 Namque
1034 1394 1165 1431 fortuna
1187 1394 1336 1433 pertinax
1359 1397 1547 1433 perseverat,
1573 1398 1665 1434 atque

211 1434 359 1464 insidiosa
381 1434 485 1472 objicit
508 1436 614 1473 pedem
629 1435 815 1465 malitiosum
829 1437 944 1465 nostris
968 1436 1142 1466 desideriis.
1190 1436 1414 1475 Constituems,
1437 1436 1589 1475 IlIaxz'me,
1612 1438 1664 1466 (le-

210 1485 262 1505 cus
283 1476 388 1514 geneis
403 1476 523 1513 Fabice,
544 1475 651 1513 facere
678 1476 771 1507 verba
797 1478 836 1507 ad
863 1487 971 1507 numen
996 1478 1173 1515 Augustum
1195 1487 1252 1516 pro
1267 1486 1314 1507 me
1334 1487 1404 1507 voce
1418 1478 1538 1508 humili.
1584 1478 1664 1509 Fato

214 1516 355 1556 fungeris
366 1521 436 1549 ante
448 1527 564 1557 preces,
581 1518 734 1556 DIaxime,
749 1522 779 1549 et
801 1528 857 1558 ego
871 1518 1009 1548 arbitror
1024 1528 1070 1549 mc
1084 1528 1147 1549 esse
1162 1529 1286 1549 causam.
1300 1519 1347 1549 tui
1363 1519 1475 1557 obitus,
1490 1529 1585 1557 neque
1593 1520 1666 1557 fue-

214 1569 282 1590 ram
296 1561 390 1593 tanti.
435 1561 528 1592 Nunc
543 1564 645 1592 metuo
666 1561 876 1592 commendare
890 1560 1032 1601 cuiquam
1054 1571 1152 1592 meam
1172 1562 1300 1592 salutem
1312 1572 1322 1592 .·
1344 1561 1442 1601 ipsum
1455 1561 1665 1600 ‹rajzaementum

824 1643 1059 1656 ‘mou-Neve

257 1699 277 1727 4
301 1696 396 1728 Leid.
411 1696 452 1727 P.
468 1696 556 1728 Dan.
572 1700 608 1728 et
624 1697 690 1728 duo
704 1697 762 1728 alii
787 1701 823 1729 et
846 1698 979 1729 Bersm.
1003 1699 1105 1729 valent
1122 1707 1183 1738 pro
1199 1699 1354 1732 valet—5
1380 1699 1469 1730 Mor.
1495 1699 1666 1740 Scythica:

216 1739 331 1769 Burni.
348 1739 437 1778 conj.
455 1738 683 1779 Scythica—⁷.
707 1743 727 1771 8
750 1740 790 1770 In
807 1740 1007 1781 quibusdam
1025 1740 1201 1780 legebatur
1217 1744 1323 1779 tenax,
1341 1744 1484 1781 vetusque
1497 1743 1666 1781 malignum

218 1781 354 1820 Oppom't
369 1782 466 1813 votis.-
493 1781 653 1814 Ciofanus
677 1791 719 1813 ex
743 1783 915 1814 veteribus
940 1783 1084 1822 protulit
1108 1783 1404 1823 votisque...nostrz‘s.
1447 1783 1531 1814 Tres
1547 1784 1667 1824 scripti

216 1824 319 1854 etiam
336 1827 371 1854 et
387 1833 437 1863 pr.
454 1823 518 1855 Ed.
533 1824 658 1856 habent
673 1824 809 1866 Apponit
818 1828 912 1856 nostr.
928 1825 1140 1865 improbante
1156 1826 1270 1857 Burm.
1293 1826 1376 1856 Tum
1395 1825 1530 1867 quidam
1547 1826 1667 1866 scripti

215 1870 252 1896 et
275 1865 359 1896 editi
382 1866 534 1897 invidiosa
546 1868 681 1906 pest—9
703 1868 777 1898 Lux
803 1867 901 1898 dedit
916 1868 1034 1899 Burm.
1051 1877 1093 1898 ex
1116 1867 1246 1899 duobus
1273 1868 1382 1899 Codd.
1400 1878 1462 1908 pro
1477 1868 1563 1907 vulg.
1581 1869 1667 1898 laus:

215 1908 273 1938 Fr.
289 1909 363 1939 dux.
407 1909 489 1939 Tum
515 1909 658 1940 Maxime
685 1914 768 1941 vett.
790 1910 952 1952 plerique,
976 1914 1065 1942 teste
1092 1910 1210 1942 Heins.
1226 1911 1316 1950 vulg.
1330 1912 1562 1941 maxima.—ll
1587 1910 1667 1942 Jun.

217 1950 361 1981 concidis
376 1955 440 1982 ant.
464 1951 505 1981 P.
521 1955 586 1984 ant.
608 1953 713 1989 tlz'em5
736 1962 820 1984 caus.
850 1957 886 1984 et
913 1954 1001 1984 Mor.
1029 1957 1065 1983 et
1089 1953 1173 1984 alius
1193 1954 1397 1993 pedem—12
1422 1953 1514 1983 Editi
1531 1952 1666 1994 quidam

217 1992 287 2022 Non
304 2002 365 2033 pro
384 1994 469 2024 Nec:
494 1998 530 2025 et
547 1994 741 2027 Medonian.
757 1994 879 2034 fuerim
901 1998 1065 2027 tant—14
1088 1995 1175 2026 Tres
1203 1995 1279 2026 libri
1303 2005 1358 2026 sua
1384 2005 1445 2036 pro
1471 1999 1534 2027 lua.
1578 1995 1666 2026 Tum

869 2091 1010 2123 NOTAE

262 2164 274 2191 l
303 2161 371 2191 Illis
389 2163 477 2202 locis]
502 2162 647 2195 Pontica
662 2165 811 2206 regione,
826 2166 916 2198 scili·
968 2175 1023 2197 um
1039 2174 1143 2206 more,
1160 2166 1215 2206 qui
1229 2165 1478 2206 antagonistam
1498 2163 1593 2206 pedis
1609 2165 1666 2196 ob-

219 2216 285 2241 cet.
963 2216 1062 2254 jectu
1076 2216 1310 2255 supplantant.

261 2264 279 2290 5
307 2260 532 2300 Quinquennis]
556 2261 813 2303 Quinquennem
829 2261 916 2294 facit
1010 2268 1031 2295 9
1065 2266 1176 2295 Certus
1202 2266 1285 2305 eras]
1325 2265 1550 2295 Decreveras.
1611 2264 1665 2296 Ad

219 2312 458 2352 Olympiadem
474 2313 568 2344 Naso
581 2323 655 2354 quae
668 2317 813 2354 quatuor
829 2313 914 2343 inte·
968 2313 1108 2344 Fabium
1124 2314 1311 2344 Maximum
1327 2313 1399 2345 fato
1422 2313 1576 2345 functum
1599 2324 1670 2346 ser-

220 2371 296 2402 gros
320 2372 425 2393 annos
456 2367 587 2394 tantum
609 2363 914 2405 complectebatur,
969 2371 1099 2393 monem
1136 2363 1261 2400 vertit;
1302 2362 1344 2393 de
1383 2364 1481 2404 cujus
1519 2364 1665 2396 amicitia

218 2412 370 2452 quintum
386 2413 608 2452 numerando,
624 2413 657 2443 in
683 2422 781 2454 quem
799 2413 915 2453 Olym·
969 2412 1115 2452 plurima
1130 2412 1163 2442 in
1186 2413 1347 2453 Epistolis
1370 2413 1411 2444 ad
1437 2423 1513 2445 eum
1528 2415 1667 2456 scriptis

219 2462 369 2501 picorum
394 2461 547 2493 ludorum
562 2462 748 2494 celebratio
764 2472 916 2494 recurre·
971 2461 1127 2493 vidimus.

221 2510 290 2541 bat.
1014 2515 1051 2543 ll
1076 2511 1158 2543 Ante
1169 2512 1286 2552 preces]
1317 2512 1517 2555 Priusquam
1533 2524 1597 2555 pro
1612 2524 1666 2547 me

261 2564 282 2591 6
304 2562 379 2592 Jam
395 2561 528 2602 tempus]
572 2560 731 2601 Omnino,
755 2561 918 2603 siquidem
970 2561 1160 2602 Augustum
1178 2563 1340 2595 oraveris.

220 2610 362 2641 lustrum
379 2615 524 2652 quatuor
539 2616 592 2642 est
604 2621 765 2642 annorum
777 2615 917 2643 tautum.
1014 2614 1159 2655 Causam]
1186 2615 1289 2647 Quasi
1306 2616 1456 2647 Fortuna
1475 2616 1549 2647 illos
1564 2616 1666 2647 etiam

262 2662 280 2689 7
306 2660 447 2700 Perstat]
478 2661 709 2693 Pertinaciter
726 2671 778 2692 me
797 2666 907 2694 vexat.
969 2664 1126 2697 insectari
1150 2665 1331 2706 studuerit,
1353 2666 1411 2708 qui
1425 2666 1553 2697 Nasoni
1575 2664 1666 2695 save-

264 2712 283 2738 8
309 2710 459 2751 0l'l’Om'l]
486 2711 668 2743 cursorum
685 2715 743 2743 aut
760 2712 918 2743 luctanti-
969 2719 1058 2747 rent.
1112 2716 1233 2757 Neque
1263 2716 1351 2748 enim
1382 2716 1521 2748 aliorum
1551 2715 1666 2756 placet
