1877 3193
218 155 332 198 :2630
701 170 741 199 P.
774 169 930 200 ovmu
967 169 1178 199 NASONIS

220 260 340 302 Nota
361 265 436 302 tua
455 266 523 302 est
542 261 751 315 probitas,
773 265 1016 315 testataque
1037 266 1209 316 tempus
1229 263 1275 304 in
1295 276 1420 306 omne
1437 278 1445 305 ε

275 328 363 380 [Sit
380 327 517 369 virtus
538 329 667 369 etiam
685 340 773 369 non
792 329 1013 382 probitate
1035 329 1211 381 minor.]

218 393 324 435 Non
344 396 423 436 tibi
444 394 688 437 Amazonia
707 399 773 437 est
792 409 870 450 pro
889 409 957 437 me
980 396 1189 438 sumenda
1209 398 1390 449 securis,
1608 400 1665 450 95

274 461 368 502 Aut
385 463 536 504 excisa
554 464 642 505 levi
660 464 779 517 pelta
799 463 987 515 gerenda
1006 477 1153 504 manu.

217 528 389 570 Numen
409 531 675 571 adorandum
692 535 782 583 est3
812 543 900 571 non
917 533 965 571 ut
983 531 1090 571 mihi
1110 531 1189 572 fiat
1206 532 1410 582 amicum,

273 596 360 637 Sed
382 598 439 637 sit
457 601 505 638 ut
525 598 697 647 iratum,
722 611 856 651 quam
875 598 956 639 fuit
976 601 1090 648 ante,
1108 598 1263 642 minus.

214 661 369 704 Gratia
389 664 426 703 si
445 664 563 705 nulla
583 668 662 713 est,
683 665 891 717 lacrymae
912 665 993 704 tibi
1013 666 1148 717 gratia
1167 666 1283 708 fient.

273 730 376 770 Hac
397 733 541 783 potes,
563 735 640 771 aut
658 731 794 780 nulla,
815 734 938 783 parte
958 744 1131 772 movere
1153 732 1291 774 Deos.
1579 734 1662 776 100

214 795 330 847 Quae
351 797 431 837 tibi
452 810 507 837 ne
530 798 685 848 desint,
706 798 814 838 bene
834 810 911 850 per
930 798 1046 838 mala
1060 802 1210 839 nostra
1229 803 1433 843 cavetur:

269 863 435 916 Meque
455 863 549 905 viro
569 864 697 904 flendi
719 864 849 918 copia
865 864 989 906 dives
1011 864 1148 906 adest.

1519 960 1533 973 ⁶

210 973 239 1001 et
269 971 399 1010 probata
423 972 455 1003 in
482 983 568 1004 omne
593 976 712 1014 tempus
727 984 739 1011 ;
753 973 914 1013 fortitudo
936 975 978 1006 sit
1000 984 1113 1016 quoque
1137 985 1197 1006 non
1217 974 1317 1005 minor
1327 975 1492 1015 probitate.
1535 975 1662 1010 Securis

209 1013 381 1045 Amazonia
405 1025 465 1046 non
492 1016 551 1046 tibi
576 1016 734 1057 capienda,
758 1020 812 1047 aut
833 1021 954 1048 scutum
978 1018 1114 1049 excisum
1135 1019 1302 1057 gerendum
1316 1018 1413 1049 alacri
1427 1028 1519 1050 manu
1532 1029 1588 1059 pro
1603 1030 1661 1052 me.

209 1055 297 1086 Deus
311 1059 445 1088 orandus
459 1061 516 1098 est,
537 1069 596 1089 non
611 1063 645 1089 ut
652 1059 719 1100 fiat
734 1060 810 1090 mihi
825 1061 952 1100 amicus,
966 1062 1019 1092 sed
1040 1061 1082 1091 sit
1105 1061 1206 1091 minus
1222 1059 1361 1098 infensus
1374 1072 1466 1102 quam
1478 1061 1548 1098 suit
1560 1063 1662 1103 prius.

209 1097 248 1128 Si
261 1100 361 1129 nullus
375 1104 419 1131 est
427 1100 533 1141 favor,
546 1101 647 1142 fletus
659 1102 717 1133 tibi
731 1102 934 1134 conciliabant
941 1103 1084 1141 favorem
1094 1114 1104 1134 .-
1124 1106 1212 1143 potes
1217 1104 1348 1144 flectere
1361 1104 1487 1135 numina
1503 1104 1560 1135 hac
1571 1108 1663 1145 parte

208 1143 263 1170 aut
284 1142 377 1173 nulla.
424 1143 486 1178 Qui
500 1153 537 1174 ne
551 1147 582 1174 te
595 1144 765 1176 destituant
781 1145 854 1176 bene
864 1147 1054 1186 prospicitur
1065 1156 1121 1186 per
1134 1150 1256 1177 nostros
1270 1156 1422 1178 (erumnas
1433 1157 1444 1183 ‚·
1465 1150 1497 1177 et
1520 1157 1588 1178 cum
1601 1147 1661 1178 sim

209 1182 268 1213 tibi
283 1185 425 1225 maritus,
452 1187 537 1216 adest
564 1186 623 1217 tibi
644 1188 748 1228 ampla
772 1189 905 1219 materia
920 1189 1122 1231 lacrymandi.
1166 1189 1280 1230 Atque,
1294 1193 1327 1220 ut
1343 1200 1392 1221 res
1406 1199 1480 1221 mece
1494 1199 1526 1221 se
1539 1189 1662 1230 habent,

816 1273 1047 1285 mesanum

207 1325 326 1367 scripti
343 1330 377 1357 et
394 1337 446 1367 pr.
463 1328 525 1360 Ed.
540 1329 633 1360 insid.
647 1330 767 1369 petenti
777 1340 789 1367 ;
806 1340 889 1361 uuus
904 1331 1139 1369 precanti.-94
1156 1332 1209 1362 Sit
1223 1333 1323 1362 virtus
1335 1334 1369 1363 in
1387 1337 1417 1363 te
1432 1342 1515 1363 rinus
1531 1332 1658 1365 codex:

208 1367 310 1408 forte,
338 1369 400 1400 Sed
422 1370 522 1401 virtus
547 1372 607 1402 tibi
626 1372 668 1403 sit
692 1382 751 1403 non
772 1372 858 1413 prob.
883 1378 921 1403 ut
947 1373 1052 1404 virtus
1067 1375 1306 1414 constantiam,
1319 1374 1421 1404 robur
1435 1374 1535 1405 animi
1549 1379 1659 1413 notet,

209 1420 275 1451 qua
291 1411 434 1443 incitata
461 1423 526 1444 non
551 1413 693 1445 desistat
719 1425 739 1445 a
764 1415 925 1454 rogando.
950 1416 1146 1447 Barim—95
1170 1415 1211 1446 Τὸ
1240 1420 1285 1447 est
1311 1417 1408 1447 multi
1433 1416 1567 1447 cooices
1590 1426 1659 1447 non

207 1458 408 1492 agnoscunt.
431 1456 546 1495 Forte,
569 1456 914 1487 Amazonias...securis.
948 1457 1072 1488 Graeea
1096 1459 1338 1489 enuntiatione.
1362 1459 1473 1490 Heins.
1517 1459 1562 1489 Et
1577 1458 1660 1490 ferri

206 1500 322 1535 potest
344 1496 525 1537 Amazonia,
552 1502 591 1528 ut
614 1499 622 1515 ‘
641 1499 776 1529 occulta
800 1499 907 1538 spolia
921 1498 940 1528 :’
965 1499 1139 1538 vulgatum
1165 1509 1232 1529 non
1263 1504 1386 1539 potest.
1419 1502 1538 1531 Auctor
1554 1501 1657 1533 Elect.

210 1538 302 1569 Eton.
339 1538 374 1569 Si
389 1538 473 1570 bene
491 1540 601 1579 capio,
616 1541 689 1571 vult
710 1540 763 1571 vir
786 1540 919 1579 doctus,
941 1540 1093 1570 ultimam
1108 1541 1141 1570 in
1157 1542 1327 1572 Amazonia
1349 1542 1490 1581 produci
1514 1547 1659 1582 propter

206 1580 290 1611 duas
306 1590 470 1612 consonas
487 1583 660 1623 sequentis
675 1583 766 1613 vocis
791 1593 859 1624 pro,
879 1587 916 1613 ut
940 1583 974 1613 in
991 1584 1000 1600 ‘
1018 1583 1174 1622 occulta:
1199 1584 1362 1625 sequente
1378 1584 1387 1600 ‘
1405 1583 1535 1624 spolia?
1580 1585 1658 1617 Scio

206 1623 287 1654 talia
304 1624 411 1654 multa
426 1634 445 1654 a
461 1625 601 1656 Barthio
618 1625 659 1656 ad
678 1626 823 1656 Statium
840 1630 875 1656 et
898 1625 1132 1664 Claudianum,
1156 1630 1191 1657 et
1208 1627 1249 1657 ab
1273 1626 1348 1657 aliis
1370 1626 1572 1658 observata:
1597 1628 1658 1659 sed

208 1664 369 1696 Ovidiani
387 1666 420 1696 id
436 1668 537 1697 moris
554 1666 670 1707 fuisse,
685 1669 838 1708 apertius
854 1673 929 1699 erat
944 1668 1264 1699 demonstrandum:
1289 1669 1348 1700 sed
1363 1669 1437 1700 haec
1455 1674 1508 1700 est
1523 1669 1659 1701 aberra-

205 1707 254 1738 tio
279 1708 419 1749 librarii,
445 1714 480 1740 ut
506 1720 582 1740 mox
605 1721 654 1742 vs.
673 1714 745 1741 104.
769 1712 801 1741 iu
830 1711 988 1741 Leidensi
1013 1715 1048 1742 et
1071 1711 1219 1743 Juniano
1243 1716 1328 1751 erat,
1353 1711 1424 1742 Has
1444 1712 1503 1743 tibi
1524 1711 1660 1750 fortuna

205 1753 319 1781 nostro.
351 1750 403 1781 An
420 1752 495 1783 hinc
511 1752 615 1783 etiam
632 1758 711 1784 ante
728 1764 747 1784 n
762 1754 886 1792 corripi
904 1754 1054 1783 ultimam
1071 1754 1103 1784 in
1120 1755 1129 1770 ‘
1148 1754 1307 1785 Fortuna'
1322 1754 1442 1795 aliquis
1459 1755 1658 1796 contendat,

205 1792 284 1832 quia
295 1794 385 1833 apud
401 1795 564 1834 sequioris
581 1796 643 1826 aevi
662 1796 786 1826 Poiitas
804 1796 935 1826 infinita
947 1796 1045 1836 hujus
1061 1796 1144 1827 labis
1158 1798 1314 1837 exempla
1330 1797 1591 1837 deprehendet?
1607 1798 1656 1829 ita

205 1839 240 1865 et
256 1845 333 1866 mox
350 1846 398 1868 vs.
417 1840 490 1867 103.
504 1838 632 1877 legeret
650 1838 768 1879 aliquis
780 1839 860 1878 jure
877 1850 948 1878 suo,
964 1839 1009 1869 nil
1031 1849 1105 1879 opus
1120 1843 1164 1870 est
1180 1843 1288 1880 morte,
1304 1844 1338 1870 et
1355 1840 1405 1870 ita
1424 1839 1524 1870 facile
1542 1849 1655 1871 omnes

205 1877 375 1909 modorum
404 1879 493 1918 leges
518 1885 656 1920 possent
681 1882 905 1921 pessumdari,
933 1881 991 1911 nbi
1017 1882 1089 1923 quis
1121 1883 1275 1913 vitiosam
1298 1882 1477 1913 lectionem
1492 1883 1656 1922 exemplis

204 1919 431 1952 vitiosioribus
448 1922 634 1954 defendere
651 1924 712 1954 sibi
729 1930 908 1964 proponat.
932 1926 1129 1955 Barna—96
1154 1925 1271 1956 Exciso
1293 1935 1354 1965 pro
1372 1925 1461 1965 vulg.
1477 1934 1606 1956 excussa
1620 1925 1656 1955 in

203 1962 301 1994 libris
324 1966 622 2004 emendatioribus,
651 1970 741 1997 teste
770 1967 939 1998 Fabricio.
984 1967 1117 1997 Deinde
1141 1969 1214 2008 pelt.
1240 1969 1366 1999 terenda
1396 1978 1475 1998 man.
1502 1967 1656 1998 malebat

204 2004 323 2037 Heius.
346 2007 412 2038 duo
439 2009 558 2049 scripti
585 2013 620 2040 et
641 2020 693 2050 pr.
716 2010 780 2040 Ed.
801 2012 1031 2050 petenda.——9‘.)
1056 2011 1149 2040 Fient
1163 2010 1331 2049 meliores,
1355 2015 1441 2042 teste
1459 2010 1579 2042 Heius.
1597 2010 1656 2041 alii

193 2047 401 2087 fiante-100
425 2051 522 2082 Haud
547 2061 608 2091 pro
630 2056 684 2083 aut
709 2052 741 2083 in
764 2053 850 2084 Edd.
874 2053 1034 2084 Vincent.
1062 2052 1175 2084 Aldin.
1194 2058 1282 2093 post.
1301 2059 1335 2084 et
1353 2063 1458 2093 marg.
1476 2053 1656 2094 Grypl1.—-

205 2093 262 2120 101
290 2092 386 2123 Leid.
401 2093 480 2124 Jun.
497 2098 531 2124 et
548 2095 684 2134 plurimi
699 2095 755 2125 alii
777 2099 872 2127 noser.
889 2099 1112 2127 cavam—102
1136 2097 1221 2136 Meq.
1237 2097 1406 2137 meliores,
1427 2100 1516 2128 teste
1533 2096 1653 2127 Heius.

855 2190 999 2221 NOTAE

202 2261 320 2288 contra
330 2267 427 2297 posse
438 2259 510 2289 fieri
524 2264 561 2291 ut
569 2260 609 2291 ad
623 2261 726 2292 bonos
735 2267 770 2292 et
782 2267 901 2302 sponte
953 2264 1116 2294 hortatur.

200 2316 261 2338 sua
277 2306 388 2338 officio
414 2307 595 2349 fungentes
618 2310 807 2341 hortamina
823 2311 900 2341 diri-
995 2316 1036 2343 96
1062 2314 1192 2352 lin-cisa]
1224 2312 1310 2345 Quia
1335 2312 1376 2343 ad
1393 2313 1497 2343 Lunae
1514 2312 1650 2344 decres-

200 2362 336 2398 gantur.
953 2362 1062 2392 centis
1084 2362 1336 2393 similitudinem
1363 2361 1453 2393 facta
1476 2368 1573 2396 scuta
1594 2364 1650 2396 illa

244 2411 285 2439 94
314 2409 435 2450 Virtus]
468 2410 570 2440 Plura
593 2410 633 2440 ad
652 2410 823 2450 virtutem,
839 2421 898 2440 seu
953 2412 1073 2453 quibus
1089 2412 1274 2443 Amazones
1291 2412 1485 2445 utebantur.

199 2459 301 2490 animi
313 2458 548 2491 fortitudinem
567 2465 601 2492 et
615 2461 775 2492 bonarum
788 2470 899 2491 rerum
995 2466 1034 2493 97
1061 2463 1197 2502 Numen]
1223 2463 1380 2501 Augusti,
1395 2464 1539 2495 scilicet.

200 2510 388 2550 audaciam,
420 2521 519 2552 quam
546 2512 586 2542 ad
616 2511 822 2552 probitatem
847 2520 897 2541 re·
994 2517 1036 2544 99
1074 2513 1188 2544 Gratia
1204 2513 1303 2553 fient]
1342 2515 1524 2545 Plurimum
1552 2523 1649 2555 posse

200 2560 387 2601 quiruntur.
953 2564 1040 2603 apud
1073 2564 1231 2593 cordatos
1266 2570 1298 2594 ct
1338 2573 1518 2603 generosos
1547 2565 1649 2605 viros,

241 2612 281 2640 95
296 2612 480 2652 Amazonia]
505 2611 701 2653 anusmodi
715 2611 899 2642 utebantur
951 2613 1049 2644 modo
1063 2618 1097 2644 ut
1112 2613 1197 2643 dolis
1211 2624 1250 2643 ue
1265 2614 1330 2644 sint
1342 2613 1649 2656 coiifictae‚experi-

198 2658 386 2691 Amazones
402 2663 557 2693 mulieres
576 2662 758 2694 bellicosa).
794 2661 824 2693 A
841 2672 897 2692 ne·
952 2664 1044 2695 entia
1060 2668 1214 2694 testatur.

199 2710 284 2750 gotii
311 2710 477 2744 facilitate
510 2723 649 2746 uxorem
675 2722 769 2745 suam
803 2712 896 2745 Naso
992 2716 1054 2746 102
1077 2714 1132 2746 Me
1146 2714 1230 2755 viro]
1269 2714 1354 2746 Cum
1375 2724 1430 2748 me
1453 2716 1521 2747 tam
1537 2711 1647 2745 infeli-
