1877 3193
560 183 712 214 EPIST.
747 182 813 211 nx
849 183 1006 212 PONTO
1042 181 1136 211 mn.
1169 181 1233 212 ιν.
1263 170 1304 211 8.

1544 170 1655 212 2711

206 277 411 320 Carmine
431 277 481 319 fit
499 279 634 321 vivax
654 279 821 331 virtus3
852 292 1095 334 expersque
1117 276 1327 331 sepulcri,

263 345 477 388 Notitiam
498 360 607 388 serae
629 346 902 400 posteritatis
922 345 1069 387 habet.

203 412 378 454 'rabida
397 414 612 454 consumit
631 413 790 454 ferrum
807 412 1085 465 lapidemque
1107 415 1332 463 vetustas3

263 480 485 534 Nullaque
504 493 573 521 res
593 480 735 533 majus
761 485 956 531 tempore
975 478 1106 518 robur
1125 477 1269 519 habet.

1602 476 1657 517 50

205 546 381 601 Scripta
400 547 539 587 ferunt
558 559 693 587 annos
710 560 719 587 :
751 545 930 597 scriptis
950 543 1284 597 Agamemnona
1303 543 1419 585 nosti
1436 556 1447 595 ;

261 613 317 654 Et
333 613 537 667 quisquis
559 616 727 661 contra,
750 611 821 652 vel
843 611 989 662 simul,
1011 624 1134 652 arma
1153 611 1271 653 tulit.

204 678 317 729 Quis
333 680 508 721 Thebas
529 682 788 732 septemque
812 679 963 720 Duces
987 679 1082 719 sine
1102 679 1291 720 carmine
1311 681 1470 728 nosset,

266 748 323 788 Et
344 748 553 802 quicquid
574 750 678 801 post
697 747 809 796 haec,
832 746 1046 800 quicquid
1059 750 1108 789 et
1126 750 1227 788 ante
1247 747 1362 788 fuit?

203 815 264 856 Di
286 829 462 870 quoque
485 815 751 856 carminibus
781 813 842 868 (si
863 814 930 855 fas
951 819 1018 856 est
1037 812 1205 869 dicere)
1233 814 1362 855 fiunt:
1603 813 1657 852 55

257 883 490 936 Tantaque
510 882 717 936 majestas
737 895 809 923 ore
828 883 1025 924 canentis
1045 886 1154 936 eget.

202 950 277 992 Sic
300 950 464 998 Chaos,
487 962 543 990 ex
564 950 640 990 illa
661 953 825 991 naturae
847 951 960 991 mole
980 950 1154 1004 prioriS,

258 1018 488 1070 Digestum
510 1020 656 1070 partes
678 1017 841 1058 scimus
864 1018 1024 1058 habere
1045 1031 1151 1059 suas
1169 1032 1178 1059 ε

202 1085 276 1125 Sic
298 1084 552 1125 affectantes
572 1084 775 1126 coelestia
794 1098 923 1138 regna
944 1085 1175 1138 Gigantas,

256 1151 330 1192 Ad
352 1151 491 1206 Styga
508 1151 737 1193 nimbifero
756 1152 942 1194 vindicis
962 1154 1059 1207 igne
1081 1152 1222 1193 datos.

201 1281 255 1312 bus
266 1291 278 1318 ;
294 1284 323 1311 et
340 1280 486 1311 immunis
506 1281 637 1319 sepulcri
654 1281 799 1320 pervenit
821 1283 861 1312 ad
876 1283 999 1313 ultimos
1020 1285 1153 1322 nepotes.

1600 1149 1656 1191 sso

1198 1281 1361 1321 Languida
1376 1284 1512 1311 vetustus
1526 1282 1658 1311 conterit

190 1325 317 1360 ferrum
333 1326 364 1353 et
378 1333 468 1359 saxa,
495 1324 636 1362 nullaque
659 1333 707 1353 res
730 1325 823 1363 pollet
851 1324 1018 1363 majoribus
1033 1324 1151 1356 viribus
1165 1328 1307 1364 tempore.
1353 1323 1480 1364 Scripta
1494 1324 1657 1363 patiuntur

199 1375 316 1396 aevum:
339 1366 509 1404 cognovisti
525 1365 785 1404 Agamemnonem
809 1367 937 1407 scriptis
960 1370 990 1398 et
1016 1367 1154 1408 quisquis
1174 1367 1272 1406 gessit
1286 1376 1375 1398 arma
1390 1368 1533 1398 adversus
1548 1367 1655 1403 illum,

198 1409 246 1439 vel
260 1418 320 1439 una
335 1417 411 1439 cum
426 1408 494 1438 illo.
542 1408 621 1443 Quis
634 1412 735 1439 nosset
750 1409 866 1440 Thebas
879 1414 910 1441 et
921 1414 1034 1451 septem
1046 1420 1135 1449 reges
1148 1410 1215 1440 sine
1230 1409 1376 1449 versibus,
1391 1413 1421 1440 et
1437 1410 1581 1449 quicquid
1586 1409 1657 1446 fuit

195 1455 265 1491 post
281 1451 356 1489 hoec,
369 1453 399 1481 et
413 1449 525 1490 prius?
569 1450 630 1480 Dii
645 1461 773 1490 quoque,
788 1451 816 1480 si
823 1451 879 1489 fas
893 1456 937 1482 est
954 1454 1066 1491 dicere,
1076 1452 1163 1493 fiunt
1174 1462 1231 1491 per
1244 1461 1350 1481 versus
1359 1463 1370 1487 ;
1391 1455 1420 1482 et
1435 1455 1525 1482 tanta
1539 1452 1656 1490 NIajes-

199 1497 249 1524 tus
262 1503 336 1534 opus
361 1493 449 1523 habet
467 1502 517 1522 ore
540 1492 734 1523 celebrantis.
779 1493 832 1523 Ita
857 1494 1060 1532 intelligimus
1086 1495 1187 1524 Chaos
1211 1494 1393 1523 distinctum
1416 1493 1527 1524 habere
1550 1497 1657 1533 partes

198 1546 269 1568 suas
292 1546 331 1566 ex
356 1536 412 1565 illu
433 1544 534 1564 massa
558 1537 679 1564 naturae
702 1534 830 1574 prioris.
877 1537 929 1567 Ita
955 1536 1124 1567 noscimus
1153 1536 1309 1573 Gigantes
1331 1535 1488 1574 cupientes
1513 1535 1656 1566 invadere

197 1588 294 1618 regna
318 1577 437 1608 siderea
453 1578 591 1607 detrusos
613 1578 653 1606 ad
673 1577 805 1608 Tartara
821 1577 954 1617 flamma
979 1577 1141 1616 imbrifera
1164 1578 1287 1609 ultoris.
1331 1578 1384 1608 lta
1401 1577 1542 1608 Bacchus
1560 1578 1656 1608 victor

809 1660 1044 1673 eeeeeeeeeeee

199 1720 394 1751 nostrarum5
419 1716 540 1746 Heius.
558 1715 696 1747 volebat
712 1719 875 1747 certarum.
918 1717 1051 1748 Deinde
1065 1717 1098 1748 iu
1120 1718 1208 1748 Mor.
1230 1722 1264 1747 et
1287 1717 1413 1747 Thuan.
1430 1720 1506 1747 erat
1520 1725 1653 1756 proecon.

198 1769 322 1790 rerum:
344 1758 433 1789 unde
451 1759 566 1790 Burm.
581 1758 628 1789 sic
648 1768 779 1789 versum
796 1758 992 1790 constituit:
1020 1760 1168 1791 Carmina
1183 1763 1339 1790 vastarum
1353 1762 1505 1799 peragunt
1518 1769 1654 1798 proecon.

198 1811 323 1837 rerum;
347 1806 384 1831 ut
409 1801 418 1817 ‘
436 1801 553 1832 vastae’
572 1810 625 1831 res
649 1800 750 1832 dictae
776 1801 855 1840 sint,
885 1802 1169 1842 quemadmodum
1192 1804 1201 1819 ⁴
1220 1802 1376 1832 immania
1393 1802 1534 1832 Caesaris
1551 1800 1652 1838 acta,'

197 1844 303 1875 Trist.
320 1853 359 1874 ιι.
376 1846 538 1874 335.-46
563 1843 658 1875 Leid.
676 1848 711 1874 et
728 1843 782 1874 alii
800 1845 989 1884 complures
1010 1854 1085 1876 cum
1110 1855 1160 1885 pr.
1178 1845 1240 1876 Ed.
1256 1846 1299 1875 sit
1313 1843 1560 1880 alletorumsum.
1573 1843 1653 1874 Jun.

197 1887 342 1923 auctori;
366 1891 401 1917 et
419 1887 485 1916 Ms.
509 1886 640 1917 Bersm.
657 1887 782 1917 actoris.
821 1887 902 1916 illex
920 1886 1016 1917 Leid.
1041 1887 1363 1925 caduc.savent.—-54
1387 1886 1455 1916 Pro
1470 1886 1535 1916 leoec
1550 1885 1648 1916 Serv.

197 1929 255 1960 hac
267 1941 277 1960 .-
302 1929 420 1959 Heins.
437 1928 573 1959 volebat
584 1929 734 1959 lma—55
761 1929 854 1959 Unus
872 1929 992 1959 Heius.
1007 1930 1112 1960 vivunt
1128 1930 1380 1971 prostant—59
1404 1928 1473 1959 Alii
1488 1928 1654 1965 Gigantes.

198 1975 283 2003 —60
309 1970 485 2009 Nimbifero
502 1971 623 2002 Heius.
651 1971 784 2012 recepit
810 1980 852 2002 ex
873 1971 1037 2012 Scaliger.
1060 1982 1110 2014 pr.
1138 1973 1232 2004 Med.
1258 1977 1293 2003 et
1319 1971 1467 2013 quinque
1494 1971 1566 2001 aliis
1590 1979 1651 2010 pro

852 2061 884 2093 N
890 2062 991 2093 OTAE

198 2137 364 2168 lebratur.

241 2193 279 2220 51
306 2188 458 2228 Scriptis]
481 2186 622 2219 Homeri
638 2186 899 2228 puta‚ali0rum-

199 2250 263 2282 que
281 2240 404 2271 deinde
423 2240 611 2280 poetarum.

241 2291 487 2331 Agamemnona]
505 2291 571 2323 Qui
581 2299 641 2320 rex
655 2298 784 2327 regum,
796 2293 899 2328 atque

198 2351 315 2373 eorum
342 2341 409 2372 dux
427 2341 482 2382 qui
507 2340 550 2371 ad
573 2340 697 2370 bellum
718 2339 898 2379 Trojanum

198 2391 344 2433 profecti
370 2397 462 2429 sunt,
478 2391 589 2423 notior
612 2396 664 2421 est
679 2399 777 2431 quam
805 2394 841 2420 ut
858 2389 899 2419 ‹lc

199 2452 238 2473 eo
251 2443 429 2483 quicquam
446 2442 598 2482 proferre
615 2441 657 2472 sit
674 2450 769 2481 opus.

241 2495 280 2522 53
295 2492 427 2532 Thebas]
442 2492 610 2522 Boeoticas
627 2491 792 2530 intellige,
805 2494 898 2530 (nam

198 2541 313 2580 plures
328 2541 482 2581 fuerunt)
499 2541 660 2571 adversus
677 2550 759 2581 quas
773 2539 896 2569 Adras-

199 2595 266 2628 tus,
279 2590 473 2630 Polynices,
486 2589 897 2630 Hippomedon‚Tydeus‚

200 2639 438 2679 Amphiaraus,
467 2639 745 2680 Parthenopaeus,
772 2646 807 2669 ct
836 2640 896 2669 Ca-

200 2699 326 2730 paneus
345 2698 441 2728 reges
458 2690 723 2727 insurrexerunt,
740 2695 777 2721 ut
794 2691 896 2721 docet

200 2740 369 2780 Hyginus.

996 2140 1036 2168 54
1062 2137 1156 2178 Hcec]
1181 2137 1326 2176 Thebas,
1342 2136 1458 2174 duces,
1474 2135 1576 2174 bella,
1587 2137 1651 2166 Sec.

996 2191 1035 2217 55
1071 2188 1148 2228 Fas]
1194 2188 1258 2218 Fas
1286 2196 1366 2217 vero
1392 2185 1496 2216 fuerit
1526 2184 1654 2224 dicere,

953 2236 1119 2278 siquidem
1147 2242 1278 2268 tantum
1304 2235 1400 2267 nefas
1427 2236 1497 2266 ausi
1525 2235 1651 2275 poetae,

954 2292 991 2317 ut
1008 2297 1090 2328 quos
1115 2287 1249 2319 libuerit
1273 2287 1307 2318 in
1332 2286 1452 2318 coelum
1474 2286 1654 2317 transtule-

956 2338 1035 2368 rint.

997 2391 1038 2418 56
1054 2388 1151 2428 Eget]
1181 2389 1269 2427 Eget
1285 2397 1364 2418 vero
1380 2385 1538 2423 maxime,
1554 2383 1652 2425 siqui-

954 2438 1029 2468 dem
1048 2444 1099 2469 tot
1123 2439 1281 2474 Deorum,
1298 2436 1359 2466 nisi
1378 2445 1452 2475 quat
1475 2434 1650 2474 poetarum

952 2488 1123 2527 figmentis
1147 2486 1353 2523 celebratur,
1378 2484 1532 2523 majestas
1559 2483 1653 2514 nulla

952 2541 1017 2567 est.

994 2589 1033 2616 57
1060 2585 1173 2624 Chaos]
1203 2584 1350 2614 Primam
1364 2582 1454 2612 illam
1468 2582 1649 2613 elemento-

952 2646 1023 2666 rum
1040 2634 1323 2665 commixtionem.

996 2686 1126 2715 Nutnrae
1136 2682 1266 2724 prioris]
1282 2682 1356 2713 Hoc
1369 2682 1536 2721 est‚molis
1550 2682 1647 2713 istius

951 2746 1025 2777 quie
1056 2745 1114 2766 suo
1138 2734 1235 2764 modo
1266 2733 1382 2764 extitit
1411 2737 1590 2774 antequam
1612 2732 1646 2762 in
