1877 3193
649 183 891 215 TR1ST1UM
926 183 1024 214 ΜΒ.
1055 182 1102 214 v.
1130 171 1174 213 9.
1527 172 1639 213 ‘2471
1690 208 1692 210 .

191 279 567 332 Naufragiumque
590 289 733 318 meum
754 278 920 319 tumulo
942 277 1149 331 spectarit
1170 277 1226 318 ab
1249 275 1354 326 alto,

248 346 347 387 Nec
366 345 532 386 dederit
551 346 673 385 nanti
697 358 775 399 per
794 346 902 386 freta
925 359 1049 386 saeva
1067 357 1244 385 manum
1260 356 1272 396 ;

191 412 463 454 Seminecem
483 411 638 465 Stygia
658 414 875 453 revocasti
896 414 1016 452 solus
1037 414 1091 452 ab
1113 412 1247 452 unda.

248 479 353 520 Hoc
375 492 566 532 quoque,
584 479 703 531 quod
722 491 939 519 memores
960 491 1193 531 possumus
1207 489 1321 527 esse,
1338 480 1461 519 tuum
1477 478 1556 517 est.
1587 475 1644 517 20

192 546 250 587 Di
271 547 351 587 tibi
372 559 418 586 se
439 547 628 587 tribuant
648 558 747 586 cum
769 545 946 586 Caesare
968 558 1146 599 semper
1165 545 1360 586 amicos:

249 613 349 654 Non
371 615 512 666 potuit
531 619 681 654 votum
701 613 873 667 plenius
893 625 993 654 esse
1013 626 1171 654 meum.

191 680 305 722 Haec
325 693 446 721 meus
466 682 647 733 argutis,
666 681 706 721 si
726 686 773 722 tu
793 685 1006 735 paterere,
1028 680 1190 721 libellis

249 746 439 788 Poneret
458 748 503 787 in
523 748 660 788 multa
680 748 776 788 luce
793 747 983 788 videnda
1001 747 1140 787 labor.

189 812 245 854 Se
266 827 441 868 quoque
462 827 592 864 nunc,
613 816 818 869 quamvis
839 819 903 854 est
916 815 1047 868 jussa
1067 814 1310 868 quiescere,
1332 813 1438 866 quin
1460 814 1503 852 te
1589 811 1646 853 25

245 880 453 922 Nominet
470 882 667 931 invitum,
689 881 768 921 vix
787 893 885 921 mea
911 880 1046 921 Musa
1064 884 1197 922 tenet.

189 947 337 1002 thue
359 962 512 990 canem
534 947 709 1002 pavidae
726 950 903 988 nactum
922 949 1110 1000 vestigia
1131 961 1273 990 cervae

245 1016 504 1057 Luctantem
524 1015 687 1056 frustra
706 1015 868 1069 copula
887 1014 997 1055 dura
1017 1018 1159 1067 tenet3

191 1082 338 1135 thue
358 1082 474 1123 fores
494 1083 686 1123 nondum
710 1081 890 1122 reserati
910 1082 1098 1122 carceris
1117 1094 1220 1122 acer

247 1148 378 1189 Nunc
394 1149 521 1202 pede,
538 1161 650 1189 nunc
670 1149 771 1201 ipsa
788 1148 947 1196 fronte,
965 1147 1150 1188 lacessit
1168 1159 1306 1200 equus
1322 1160 1333 1199 3
1590 1146 1648 1187 30

188 1299 341 1337 metuisse,
361 1302 393 1329 et
417 1298 575 1338 aspexerit
600 1308 699 1330 meum
714 1297 918 1338 naufragium
932 1298 971 1329 ab
986 1299 1105 1330 excelso
1126 1299 1210 1337 colle,
1224 1308 1321 1338 neque
1333 1297 1510 1338 porrexerit
1523 1307 1648 1329 manum

187 1341 310 1372 natanti
322 1350 380 1380 per
395 1351 503 1381 aspera
527 1341 641 1381 maria,
669 1342 749 1372 solus
768 1340 925 1372 reduxisti
948 1342 1128 1372 seminecem
1151 1351 1192 1372 ex
1206 1341 1360 1382 fluctibus
1385 1340 1531 1379 infernis.
1576 1341 1648 1372 Hoc

185 1383 291 1423 etiam,
308 1384 386 1423 quod
408 1393 569 1424 possumus
594 1393 658 1415 esse
672 1384 774 1424 grati,
797 1387 843 1415 est
859 1387 957 1416 tuum.
1004 1384 1066 1415 Dii
1078 1384 1238 1424 praebeant
1252 1394 1284 1415 se
1298 1394 1417 1424 semper
1431 1383 1490 1414 tibi
1504 1383 1651 1421 faventes

186 1435 255 1456 eum
272 1426 418 1457 Caesare:
441 1430 544 1457 votum
559 1436 660 1458 meum
682 1437 743 1458 non
764 1427 866 1467 potuit
887 1436 952 1458 esse
976 1428 1119 1467 amplius.
1164 1427 1272 1458 Meum
1294 1427 1431 1457 studium
1443 1429 1570 1466 poneret
1585 1426 1649 1457 hoee

186 1471 350 1508 spectanda
372 1470 405 1499 in
421 1472 529 1509 aperta
545 1470 622 1509 luce,
635 1470 664 1500 si
679 1473 713 1500 tu
728 1470 856 1509 sineres,
871 1469 906 1500 in
919 1469 1033 1500 libellis
1048 1469 1190 1500 eruditis.
1235 1470 1334 1507 AEgre
1356 1469 1450 1499 etiam
1471 1478 1538 1499 mea
1553 1469 1650 1500 Musa

186 1521 218 1542 se
235 1521 311 1542 nunc
333 1512 464 1548 cohibet,
477 1513 617 1551 quamvis
637 1514 683 1541 est
690 1511 782 1548 jussa
796 1512 898 1550 silere,
920 1512 994 1551 quin
1006 1512 1124 1542 indicet
1138 1515 1169 1542 te
1184 1513 1350 1542 nolentem.
1397 1511 1441 1541 Et
1455 1511 1548 1541 sicuti
1563 1520 1649 1550 aspe-

187 1563 226 1584 ra
241 1557 348 1585 catena
363 1554 479 1584 coercet
498 1563 601 1583 canem
615 1556 741 1584 nactum
765 1553 900 1592 vestigia
923 1563 1020 1583 cervoe
1036 1554 1156 1584 timida,²
1170 1554 1371 1593 nequicquam
1385 1552 1571 1583 obnitentem
1582 1563 1595 1589 ,·
1617 1556 1649 1584 et

189 1596 281 1626 sicuti
293 1605 461 1636 generosus
475 1605 565 1636 equus
591 1595 715 1636 impetit
729 1605 809 1626 nunc
820 1596 909 1636 pede,
933 1605 1012 1626 nunc
1026 1596 1094 1636 ipsa
1109 1595 1219 1634 fronte
1238 1600 1346 1636 portus
1367 1595 1502 1626 carceris
1514 1596 1650 1627 nondum

802 1689 819 1699 o

191 1756 277 1785 -16
310 1754 427 1785 Burm.
458 1755 575 1786 mallet
601 1755 902 1795 proetimuisse.-—l⁷
937 1755 1096 1796 Spectarit
1126 1764 1188 1795 pro
1216 1754 1305 1794 vulg.
1332 1756 1484 1794 spectaret
1514 1753 1651 1794 reponit

194 1797 313 1828 Heius.
337 1806 415 1827 nam
443 1796 521 1828 Pat.
536 1797 640 1829 habet
661 1799 909 1839 spectavit.-—18
933 1799 1092 1840 Quinque
1108 1798 1184 1829 libri
1212 1798 1303 1837 longa
1328 1807 1391 1837 pro
1405 1806 1507 1832 soeva5
1530 1800 1564 1827 et
1581 1796 1649 1828 duo

191 1849 320 1870 summa.
352 1840 435 1870 Tum
447 1840 528 1872 Jun.
543 1844 744 1872 manus.—2l
775 1841 869 1873 Leid.
882 1851 976 1882 semp.
990 1842 1185 1872 amica—23
1210 1841 1278 1870 Pro
1295 1840 1416 1878 argutis
1433 1840 1552 1870 Heins.
1570 1839 1649 1870 olim

192 1883 386 1923 conjecerat
412 1883 451 1913 ah
464 1883 663 1922 gratis—25
687 1884 744 1914 Sic
772 1885 891 1915 Heius.
919 1884 1081 1923 corrigit:
1106 1884 1139 1913 in
1165 1883 1312 1921 vulgatis
1335 1887 1411 1913 erat
1429 1883 1520 1912 Nunc
1534 1891 1649 1921 quoque

191 1926 331 1965 quamvis
345 1929 391 1956 est
408 1929 469 1956 tam
478 1926 559 1964 juss.
583 1926 776 1965 Naugerius
794 1937 836 1957 ex
852 1930 937 1957 vett.
952 1926 1073 1956 suadet
1090 1927 1181 1956 Nunc
1195 1934 1309 1965 quoque
1320 1934 1351 1954 se
1363 1924 1500 1963 quamvis
1515 1927 1561 1954 est
1568 1924 1651 1962 jicss.

193 1968 281 1999 Dan.
299 1968 421 2000 Heins.
439 1970 528 2000 Nunc
542 1978 630 2008 quoq.
647 1968 716 2006 jam
732 1979 852 2009 quamv.
867 1972 911 1999 est
930 1968 1010 2006 juss.
1032 1968 1159 2008 Scripti
1177 1967 1306 1997 variant
1321 1977 1328 2004 3
1353 1976 1438 1997 unus
1454 1966 1496 1995 V.
1515 1970 1550 1996 et
1571 1966 1649 1997 Pal.

195 2010 274 2046 Quoe
285 2021 371 2051 quoq.
382 2022 461 2043 nunc
476 2022 595 2052 quamv.
608 2016 652 2042 est
660 2012 742 2050 juss.
756 2017 792 2043 et
809 2021 860 2052 pr.
872 2010 958 2041 Edd.
973 2012 1063 2042 Nunc
1078 2010 1241 2050 quoq.j‹1m
1253 2019 1373 2049 quamv.
1385 2008 1515 2046 estjuss.
1528 2009 1650 2039 Douza

193 2052 331 2092 legebat
347 2054 438 2085 Nunc
451 2065 536 2095 quoq.
554 2054 750 2095 quantumvis
763 2054 833 2093 jam
851 2053 1017 2092 ,iuss—27
1042 2054 1102 2084 Be.
1115 2052 1234 2084 timidae
1250 2062 1312 2092 pro
1324 2052 1545 2092 pavidoe.—28
1568 2050 1650 2082 Plu-

192 2094 266 2126 rimi
284 2096 471 2129 Lutrantem
493 2097 696 2135 frustr.-30
720 2097 816 2129 Leid.
843 2106 922 2127 nunc
934 2106 1038 2137 pressa
1052 2095 1238 2134 sront.-—-3l
1264 2095 1381 2127 Heins.
1398 2094 1486 2135 conj.
1501 2095 1563 2134 leg.
1579 2097 1650 2125 rata

851 2204 990 2237 NOTAE

193 2285 338 2319 animum
354 2290 524 2326 tegerent.
989 2291 1030 2319 23
1056 2287 1152 2327 Haec]
1186 2287 1275 2318 Tum
1298 2285 1465 2317 beneficia
1488 2289 1559 2326 tua,
1576 2289 1649 2317 tum

234 2340 274 2368 17
301 2337 445 2377 Tumulo]
486 2336 586 2369 Unde
608 2347 726 2369 secure
743 2337 892 2379 spectari
945 2342 1025 2370 vota
1040 2348 1116 2379 qnae
1134 2338 1167 2368 in
1185 2338 1234 2368 tui
1250 2336 1395 2377 gratiam
1412 2336 1578 2375 concipio.

194 2392 318 2428 posset.
989 2389 1138 2428 Argutis]
1162 2387 1284 2419 Subtili
1299 2390 1400 2427 atquc
1414 2385 1546 2416 erudito
1558 2385 1646 2425 stylo

237 2441 278 2470 19
299 2438 428 2479 Stygia]
464 2438 643 2479 Infernali,
667 2450 686 2471 a
706 2440 812 2481 Styge
836 2439 892 2470 In·
947 2439 1107 2470 exaratis.

194 2486 343 2519 ferorum
360 2489 483 2529 palude
501 2500 509 2520 z
529 2490 593 2521 hoc
607 2494 659 2521 est
672 2500 715 2521 ex
728 2490 892 2521 altissimo
989 2493 1031 2520 28
1057 2488 1188 2529 Copula]
1234 2487 1336 2518 Funis
1365 2489 1417 2515 est
1441 2488 1499 2515 aut
1525 2488 1648 2516 catena

197 2545 349 2567 moerore.
947 2551 1009 2583 qua
1027 2551 1124 2571 canes
1141 2539 1209 2570 bini
1226 2539 1421 2577 alligantur.

240 2587 282 2614 20
306 2585 417 2624 Tuum]
444 2588 532 2620 Quia
543 2589 620 2620 vitae
635 2588 805 2629 defensor,
819 2589 891 2620 sine
988 2594 1030 2621 29
1056 2588 1214 2627 Carceris]
1259 2586 1440 2627 Repaguli,
1463 2595 1528 2626 quo
1558 2587 1648 2628 equi,

199 2643 266 2688 qua
282 2635 392 2666 nullus
407 2641 519 2675 gratus
535 2643 569 2669 et
583 2648 711 2671 memor
726 2649 801 2672 esse
818 2650 892 2682 pos·
946 2640 1054 2670 donec
1085 2636 1242 2668 currendi
1278 2636 1410 2676 signum
1444 2635 1561 2667 datum
1592 2637 1645 2674 sit,

200 2688 256 2715 sit·
948 2688 1159 2721 coercentur.
