1863 3193
630 198 871 230 'rms'rmM
906 198 1000 228 Lm.
1034 196 1108 228 111.
1132 186 1201 228 12.
1535 189 1650 232 2367

189 293 336 336 Rarus
358 294 413 334 ab
436 292 570 334 Italia
589 296 756 334 tantum
778 307 897 334 mare
918 295 1069 334 navita
1095 293 1276 334 transit:

245 362 414 402 Littora
435 374 556 401 rarus
579 361 620 400 in
641 361 736 400 haec
758 363 973 414 portubus
996 362 1104 401 orba
1124 360 1260 401 venit.

189 428 292 469 Sive
313 433 450 469 tamen
475 428 613 468 Graia
634 429 798 478 scierit,
820 431 914 469 sive
934 430 1005 469 ille
1030 429 1190 468 Latina

244 486 369 537 'Voce
390 496 511 548 loqui
530 509 541 544 3
573 499 689 535 certe
711 498 878 546 gratior
898 497 1028 548 hujus
1051 497 1144 535 erit.
1590 497 1647 537 40

189 563 278 604 Fas
299 576 474 616 quoque
497 563 552 602 ab
574 576 647 602 ore
668 564 766 603 freti
791 564 1020 616 longaeque
1046 561 1342 615 Propontidos
1363 562 1488 605 undis

245 629 348 670 Huc
371 630 556 681 aliquem
580 635 697 670 certo
721 630 820 670 vela
842 630 1019 670 dedisse
1047 629 1179 670 Noto.

188 696 403 749 Quisquis
425 697 462 736 is
483 702 563 745 est,
586 698 764 737 memori
786 710 1007 738 rumorem
1031 710 1142 737 voce
1164 695 1335 747 referre,

242 762 299 803 Et
314 764 405 803 ficri
428 763 556 804 famae
581 777 771 817 parsque
794 765 1043 818 gradusque
1066 767 1227 817 potest.

187 829 233 871 Is
255 844 410 884 precor
431 833 603 873 auditos
626 833 767 886 possit
785 845 956 873 narrare
979 832 1223 885 triumphos
1592 833 1650 873 45

242 898 452 947 Caesaris,
475 903 516 938 et
536 899 664 939 Latio
685 899 853 940 reddita
875 904 980 939 vota
999 899 1104 939 Jovi
1124 913 1134 940 :

185 964 338 1018 Teque
357 966 611 1007 rebellatrix
632 967 822 1015 tandem,
844 966 1096 1015 Germania,
1119 966 1268 1018 magni

241 1033 387 1073 Triste
410 1038 545 1086 caput
566 1034 752 1086 pedibus
774 1034 1069 1086 supposuisse
1094 1033 1252 1074 Ducis.

189 1099 304 1140 Haec
323 1101 427 1141 mihi
450 1103 522 1154 qui
544 1102 709 1150 referet,
733 1114 831 1154 quae
853 1114 937 1140 non
959 1101 1126 1140 vidisse
1149 1100 1322 1149 dolebo,

244 1166 325 1207 Ille
345 1180 453 1207 meae
475 1167 623 1207 domui
645 1169 843 1220 protinus
865 1168 1026 1218 hospes
1045 1166 1139 1206 erit.
1592 1167 1649 1206 50

189 1232 277 1273 Hei
300 1234 402 1273 mihi
422 1236 430 1275 !
454 1234 604 1286 jamne
625 1234 778 1273 domus
801 1233 1011 1286 Scythico
1031 1232 1232 1273 Nasonis
1253 1232 1298 1272 in
1319 1233 1453 1273 orbe?

241 1300 432 1352 Jamque
453 1313 578 1340 suum
600 1299 707 1339 mihi
730 1300 809 1339 dat
829 1312 907 1352 pro
929 1298 1041 1340 Lare
1064 1313 1200 1353 poena
1220 1300 1406 1341 locum?

184 1415 344 1446 sulcat-erit
358 1415 417 1445 nisi
433 1424 526 1455 aquas
538 1416 737 1456 propinquas,
787 1416 886 1447 Pauci
901 1419 1004 1446 nautcz’
1018 1418 1144 1446 tranant
1160 1419 1225 1446 tarn
1239 1420 1360 1447 vastum
1376 1425 1461 1447 mare
1473 1416 1510 1446 ab
1528 1416 1623 1447 Italia
1636 1427 1645 1446 :

181 1458 271 1496 pauci
284 1461 395 1497 petunt
410 1458 473 1487 haec
488 1459 597 1488 littora
612 1459 764 1489 destituta
783 1458 942 1498 portubus.
989 1459 1050 1489 Seu
1076 1462 1179 1489 tamen
1206 1460 1260 1489 ille
1275 1459 1400 1489 sciverit
1418 1459 1498 1498 loqui
1512 1469 1648 1489 sermone

187 1499 296 1530 Graeco
322 1501 384 1530 siro
411 1500 525 1530 Latino
539 1511 548 1536 ;
571 1504 654 1531 certe
679 1501 739 1531 erit
759 1502 927 1539 jucundior
952 1501 1081 1540 peritus
1104 1500 1204 1537 hujus·
1254 1501 1340 1531 Fieri
1366 1505 1467 1540 potest
1483 1502 1577 1532 etiam
1593 1502 1649 1531 ali-

184 1551 270 1582 quem
287 1542 450 1573 tradidisse
466 1543 521 1573 huc
537 1543 661 1572 carbasa
676 1545 805 1573 secundo
832 1544 914 1573 Noto
930 1544 967 1572 ab
985 1543 1061 1573 ostio
1078 1543 1174 1572 mm'is
1189 1547 1217 1573 et
1226 1543 1380 1583 fluctibus
1392 1545 1492 1582 longoe
1508 1544 1647 1583 Propon-

184 1584 274 1615 tidos.
322 1585 472 1624 Quisquis
488 1585 514 1614 is
527 1588 583 1622 est,
598 1588 696 1624 potest
712 1595 840 1615 narrare
857 1595 1008 1615 rumorem
1026 1595 1096 1615 voce
1111 1586 1249 1622 memori,
1266 1590 1296 1615 et
1309 1586 1386 1626 fieri
1401 1596 1474 1625 pars
1487 1589 1516 1615 et
1531 1587 1648 1624 gradus

177 1625 287 1663 samoe.
336 1628 399 1656 Oro
416 1630 448 1656 nt
467 1628 517 1657 ille
530 1630 626 1667 possit
643 1626 1008 1666 memoraretriumphos,
1024 1637 1099 1667 quos
1120 1627 1250 1666 accepit,
1279 1628 1424 1665 Coesaris,
1450 1631 1478 1658 et
1496 1632 1566 1658 vota
1579 1638 1648 1668 per-

185 1669 281 1699 soluta
297 1669 371 1698 Jori
395 1669 506 1703 Latio;
532 1673 630 1709 leque,
658 1670 830 1700 Germania
856 1671 985 1708 rebellis,
1003 1670 1132 1709 denique
1148 1671 1322 1700 submisisse
1338 1674 1477 1701 moestum
1492 1674 1581 1710 caput
1597 1681 1649 1710 pe-

187 1710 274 1741 rlibus
290 1711 397 1749 inclyti
415 1711 523 1741 Ducis.
572 1713 630 1742 Ille
644 1713 695 1752 qui
713 1713 788 1742 mihi
803 1713 868 1742 lioec
884 1713 1077 1749 memorabit,
1094 1722 1162 1752 quoe
1176 1713 1279 1743 dolebo
1295 1723 1354 1743 non
1369 1713 1535 1752 aspexisse,
1553 1713 1650 1743 conti-

185 1762 246 1782 nuo
262 1753 319 1783 erit
337 1753 441 1793 hospes
458 1764 530 1784 meoe
545 1755 661 1786 domui.
707 1755 772 1786 Hei
788 1755 864 1785 mihi
877 1755 891 1786 Ι
914 1758 1020 1786 (lomus
1038 1755 1287 1793 Nasonisjamne
1304 1762 1356 1787 est
1378 1756 1411 1786 in
1433 1757 1557 1795 regione
1573 1756 1648 1795 Scy-

793 1836 1031 1848 eeeeeeeeeeee

187 1895 223 1922 et
236 1893 305 1921 tres
321 1890 375 1920 alii
393 1890 493 1920 adiret
509 1901 557 1930 aq.
582 1891 669 1931 quod
686 1892 803 1922 Burm.
828 1890 973 1931 praefert
1000 1891 1160 1931 vulgato:
1189 1892 1308 1924 Heius.
1326 1902 1403 1931 vero
1430 1897 1531 1933 putat
1547 1894 1647 1924 ararit

187 1937 316 1964 rectum
340 1942 431 1970 esse;
455 1943 551 1963 seusu
580 1934 761 1973 exigentem
784 1944 860 1964 nam
886 1934 953 1963 ‹luo
981 1934 1100 1973 scripti
1124 1935 1240 1973 arabit,
1265 1939 1300 1965 et
1324 1935 1466 1965 totidem
1482 1938 1647 1965 ararat.—

186 1978 228 2006 37
249 1975 403 2006 Tui-bant
432 1976 647 2007 vehementer
678 1977 767 2006 libri.
793 1977 966 2015 Excerpta
993 1976 1105 2006 vossii
1133 1980 1217 2006 terra
1247 1977 1300 2007 vel
1330 1980 1398 2007 tuto
1429 1987 1536 2013 Μαι-ε,-
1561 1980 1647 2007 terra

186 2018 289 2049 etiam
315 2018 467 2049 Gallicus
493 2018 621 2049 codex:
647 2019 783 2059 quidam
811 2022 912 2049 tutum
940 2027 1048 2054 mare;
1071 2018 1129 2049 sed
1157 2018 1236 2048 nihil
1253 2019 1466 2050 mutandum.
1495 2020 1647 2050 Burni.—

187 2063 228 2091 39
253 2061 353 2091 Graia
370 2070 410 2090 cx
430 2061 549 2091 Heins.
576 2062 708 2092 emend.
739 2071 800 2101 pro
828 2061 917 2100 vulg.
948 2061 1085 2096 Groeca;
1108 2070 1193 2092 unus
1216 2061 1359 2092 Italicus
1385 2062 1469 2093 Cod.
1494 2065 1647 2101 grata.—

185 2106 227 2133 40
250 2103 377 2133 Priscae
404 2103 489 2133 Edd.
519 2109 553 2134 et
581 2104 716 2144 quidam
744 2104 879 2143 scripti,
906 2107 996 2133 teste
1025 2103 1144 2133 Heius.
1176 2114 1246 2134 usus
1273 2114 1334 2144 pro
1362 2104 1548 2143 hujus.--l5
1578 2105 1643 2135 Ms.

187 2146 315 2176 Bersm.
335 2146 399 2175 His
421 2156 503 2185 pree.
522 2147 731 2177 auditis—47
756 2147 796 2177 P.
823 2151 858 2176 et
875 2145 957 2175 alius
989 2145 1030 2175 Te
1045 2155 1159 2184 quoque
1183 2146 1329 2177 bellatrix
1345 2150 1431 2177 tund.
1460 2148 1541 2177 Mox
1560 2147 1644 2178 Got-

188 2189 301 2228 torph.
318 2199 428 2225 magno
455 2198 514 2228 pro
532 2191 650 2227 magni,
667 2194 700 2219 et
724 2199 792 2229 seq.
811 2198 860 2219 vs.
883 2187 1069 2218 Daci—49
1094 2187 1188 2219 Leid.
1216 2193 1252 2219 et
1268 2193 1338 2219 tres
1366 2190 1421 2220 alii
1439 2190 1491 2228 qui
1507 2189 1646 2226 resera&

186 2235 222 2261 et
238 2231 286 2261 ita
302 2240 351 2270 pr.
373 2231 432 2262 Ed.
460 2232 589 2270 Mycill.
606 2231 738 2271 Gryph.
755 2237 790 2261 et
821 2230 994 2261 aliae.—-51
1020 2230 1116 2260 Serv.
1143 2231 1210 2261 Hei
1226 2231 1329 2263 milii!
1343 2231 1413 2269 ¹iam
1434 2232 1577 2273 Scythico
1592 2242 1644 2261 no-

185 2283 251 2304 men
266 2274 309 2304 N.
321 2273 353 2304 in
369 2274 438 2304 orbe
451 2277 517 2305 est.-
534 2275 697 2315 Excerpt.
724 2275 821 2307 Voss.
839 2273 872 2304 in
899 2272 1072 2304 urba—52
1089 2274 1201 2304 Jamne
1218 2274 1435 2306 scribendum
1451 2287 1458 2306 :
1483 2285 1543 2315 pro
1556 2285 1646 2315 poena

847 2369 986 2402 NOTAE

229 2435 268 2464 41
295 2434 464 2475 Orefreti]
497 2435 759 2475 Hellespontum
788 2435 886 2473 dicit,
941 2434 1085 2475 intelligi
1100 2434 1214 2475 possit.

189 2492 253 2523 qua
268 2493 421 2515 accessus
444 2490 539 2525 patet
558 2487 664 2517 Roma
683 2487 716 2516 in
738 2487 886 2517 Pontum
984 2487 1026 2515 46
1051 2484 1200 2523 Caesaris]
1238 2482 1380 2520 Tiberii,
1403 2482 1455 2511 vel
1484 2480 1645 2519 Augusti,

190 2532 410 2565 venientibus.
940 2535 1035 2575 cujus
1048 2534 1205 2574 auspiciis
1222 2537 1301 2562 tunc
1316 2530 1477 2570 temporis
1492 2530 1547 2559 ille
1559 2530 1643 2560 mili·

232 2582 450 2625 Propontidos]
487 2587 582 2617 Mare
606 2591 658 2617 est
683 2587 773 2627 quod
806 2586 885 2617 Hel·
942 2585 1048 2616 tabat.
1071 2583 1247 2623 Depriore
1261 2579 1643 2622 potiusintelligendum

190 2632 378 2671 lespontnm
396 2633 483 2663 inter
497 2641 531 2666 et
544 2636 732 2676 Bosporum
744 2636 885 2668 Thraci·
942 2644 1078 2665 censeo.

191 2690 247 2713 um
263 2680 456 2721 porrigitur.
982 2686 1023 2713 47
1049 2680 1258 2720 Rebellatrir]
1290 2680 1445 2713 Quintilii
1461 2680 1549 2711 enim
1561 2680 1643 2711 Vari

232 2733 273 2762 44
286 2730 382 2771 Pars]
393 2731 441 2763 Ut
451 2731 528 2764 hinc
540 2734 749 2775 aliquatenus
762 2736 886 2769 veritas
942 2733 1100 2766 socordia
1116 2736 1185 2765 tres
1201 2731 1353 2773 legiones
1366 2741 1431 2763 non
1447 2731 1495 2763 ita
1510 2730 1642 2773 pridem
