1877 3193
183 160 297 203 2572

668 173 707 202 P.
739 171 897 202 OVIDII
931 170 1143 203 NASONIS

184 263 326 315 Quem
346 266 423 318 pia
442 267 672 308 vobiscum
691 267 837 321 proles
858 266 1085 309 comitavit
1103 268 1290 317 euntem,

241 332 386 385 Digna
403 338 583 387 parente
606 347 704 384 suc,
725 333 1063 388 nominibusque
1083 333 1214 375 datis.

184 397 411 441 Fratribus
432 401 655 451 assimilis,
677 415 786 455 quos
806 402 1012 455 proxima
1030 401 1193 455 templa
1211 403 1404 443 tenentes

1576 398 1634 443 85

240 466 385 508 Divus
406 468 461 508 ab
484 469 663 509 excelsa
686 467 837 509 Julius
859 468 954 509 aede
976 469 1112 509 videt.

184 532 272 573 His
292 532 595 586 Messallinus,
616 535 777 589 quibus
796 536 947 576 omnia
966 535 1118 576 cedere
1140 535 1310 586 debent,

241 600 437 642 Primum
457 602 623 643 laetitiae
643 616 735 644 non
753 606 880 656 negat
901 616 998 644 esse
1018 603 1178 644 locum.

185 665 407 721 Quicquid
428 669 483 708 ab
503 668 572 708 his
593 677 805 721 superest,
827 670 1006 709 venitin
1027 673 1242 711 certamen
1262 669 1422 711 amoris
1441 682 1451 710 z

241 734 344 776 Hac
364 734 586 775 hominum
601 735 710 775 nulli
730 740 856 788 parte
876 737 1092 776 secundus
1112 737 1210 777 eris.

1577 733 1636 776 90

185 799 320 842 Hunc
342 801 465 850 colis,
487 804 585 841 ante
603 801 719 841 diem
739 814 964 862 perwquem
986 801 1159 843 decreta
1178 803 1363 843 merenti

239 867 376 909 Venit
394 869 620 910 honoratis
638 869 786 909 laurea
807 868 939 921 digna
957 868 1113 910 comis.

182 991 211 1018 et
227 986 398 1018 nominibus
413 988 571 1027 concessis,
587 989 726 1019 comitati
740 992 811 1020 sunt
832 989 986 1020 vobiscum
1010 990 1083 1020 (lum
1101 989 1265 1020 incederet.
1310 988 1484 1019 Per-similis
1499 992 1550 1020 est
1564 988 1637 1027 fra-

183 1029 294 1069 tribus,
306 1039 380 1070 quos
392 1030 538 1062 habentes
552 1032 632 1062 oecles
644 1031 804 1072 proximas
817 1032 919 1063 Divus
940 1033 1049 1063 Julius
1063 1031 1146 1062 videt
1161 1041 1199 1062 ex
1213 1032 1337 1063 sublimi
1351 1032 1474 1071 templo.
1506 1031 1639 1062 Messal-

183 1072 264 1102 linus
286 1082 345 1103 non
368 1073 519 1114 diffitetur
538 1074 674 1114 primum
697 1075 794 1105 locum
819 1075 941 1105 laetz‘tz'ae
963 1084 1027 1105 esse
1051 1074 1111 1113 his,
1137 1075 1245 1114 quibus
1265 1074 1368 1106 omnia
1391 1074 1500 1105 debent
1523 1074 1640 1106 cedere.

185 1114 338 1154 Quicquid
352 1116 503 1155 reliquum
516 1120 560 1147 est
575 1117 612 1146 ab
628 1117 708 1157 istis,
723 1116 805 1148 venit
822 1117 855 1148 z'n
870 1121 1022 1149 certamen
1037 1116 1150 1148 amoris
1162 1128 1172 1148 .·
1195 1118 1274 1148 nulli
1295 1117 1449 1148 hominum
1474 1116 1537 1147 eris
1561 1115 1639 1155 infe-

182 1158 248 1187 rior
263 1157 318 1188 hac
333 1158 366 1188 in
374 1161 477 1198 parte.
522 1159 622 1190 Istum
635 1160 803 1200 veneraris,
813 1170 869 1200 per
882 1169 970 1200 quem
983 1161 1090 1191 laurea
1105 1159 1201 1199 digna
1219 1162 1343 1192 decreta
1357 1163 1428 1191 ante
1447 1162 1566 1200 tempus
1579 1168 1640 1190 me-

794 1254 1027 1266 mumque„

185 1315 228 1337 ex
244 1305 556 1338 Pircklieimeriano
573 1308 655 1339 Cod.
680 1308 814 1339 Phoebea
837 1307 964 1347 conjuge
978 1307 1145 1345 ferra—83
1170 1308 1264 1339 Leid.
1289 1312 1323 1338 et
1339 1307 1423 1338 editi
1439 1307 1577 1347 quidam
1591 1308 1638 1347 pi.

184 1348 339 1380 nobiscum
352 1350 430 1389 prol.
453 1350 539 1380 Mox
562 1350 679 1382 Heius.
703 1351 790 1391 conj.
815 1351 918 1381 comit.
946 1353 1183 1381 ovantem.—-84
1208 1351 1248 1381 R.
1269 1353 1391 1389 parent.
1415 1359 1470 1379 sua
1495 1359 1575 1379 nom.
1603 1353 1640 1381 et

185 1390 280 1422 Serv.
301 1392 367 1422 suis
382 1401 443 1431 pro
458 1393 561 1423 datis:
586 1393 704 1424 Heius.
722 1393 869 1424 malebat
893 1393 1069 1423 raia—85
1094 1392 1212 1423 Heius.
1230 1392 1376 1422 malebat
1395 1391 1502 1422 Fratr.
1518 1391 1639 1421 assimi-

184 1433 239 1464 les.
286 1433 424 1464 Deinde
440 1434 481 1464 P.
496 1436 601 1474 templ,
626 1438 767 1471 tuentes5
799 1439 835 1465 et
859 1436 937 1466 Bas.
953 1435 1181 1466 colentes—86
1203 1434 1287 1465 Cod.
1306 1434 1458 1466 Gallicus
1474 1434 1568 1473 Dius,
1585 1435 1639 1464 vel

184 1474 341 1513 Summus,
355 1485 417 1514 pro
433 1476 557 1512 Divus,·
579 1480 615 1506 et
643 1476 785 1507 Summus
805 1476 908 1507 habet
934 1477 1011 1507 Pol.
1033 1481 1069 1507 et
1090 1477 1246 1507 undecim
1263 1477 1334 1508 alii.
1378 1477 1461 1506 Mox
1492 1481 1641 1516 quatuor

185 1516 262 1547 libri
277 1517 312 1548 J.
337 1527 407 1548 arce
429 1517 577 1548 υἱώ-88
602 1518 643 1548 In
660 1518 860 1558 quibusdam
883 1518 993 1549 Laetit.
1017 1518 1111 1558 prim.
1140 1518 1271 1548 inverso
1289 1518 1419 1549 ordine.
1443 1518 1527 1548 Mox
1555 1518 1640 1559 Arg.

185 1559 238 1589 ille
255 1568 315 1599 pro
328 1562 490 1590 esse.-—89
513 1559 595 1592 Jun.
625 1560 758 1600 Quiquis
771 1560 822 1591 ab.
847 1560 931 1591 Mox
949 1560 1045 1591 Leid.
1071 1561 1112 1591 ad
1138 1569 1199 1600 pro
1215 1561 1258 1592 in.
1275 1561 1315 1591 R.
1340 1560 1373 1591 in
1388 1560 1556 1591 certamina
1571 1570 1639 1591 nos·

186 1601 229 1631 tri
243 1611 253 1637 ,·
275 1605 310 1632 et
327 1601 393 1633 duo
408 1601 488 1632 libri
504 1602 537 1632 in
553 1605 707 1634 certamen
722 1603 939 1634 honoris.-91
965 1602 1005 1633 In
1022 1603 1165 1641 vulgatis
1177 1608 1251 1633 erat
1268 1603 1362 1634 Hanc
1373 1603 1457 1642 colit,
1471 1606 1542 1633 ante
1557 1603 1640 1633 diem

185 1653 240 1681 per
254 1653 344 1683 quam
358 1646 440 1675 decr.
458 1649 494 1675 et
512 1644 672 1676 Ciofanus
690 1655 732 1676 ex
760 1645 868 1676 Codd.
899 1644 1031 1685 profert
1057 1645 1151 1676 Hanc
1164 1646 1237 1676 colit
1255 1649 1327 1676 ante
1353 1645 1435 1676 diem
1456 1655 1639 1685 quanquam.

186 1685 241 1717 Sa.
264 1686 410 1717 omnium
432 1687 632 1718 veterrimus
660 1688 750 1718 Hanc
766 1689 862 1725 colet;
886 1692 921 1718 et
943 1697 1090 1728 quamque
1114 1689 1196 1720 decr.
1214 1688 1270 1719 alii
1285 1688 1476 1729 complures
1501 1688 1588 1730 cocis,
1603 1692 1640 1719 et

841 1790 986 1823 NOTAE

187 1873 331 1908 mutata,
347 1869 455 1900 Penei
469 1868 550 1909 filia,
564 1869 694 1901 Phoebo
707 1869 887 1902 carissima.
939 1879 1048 1911 neque
1060 1870 1160 1901 anxie
1171 1870 1475 1912 hujusmodinugas
1486 1873 1639 1902 astruere

231 1923 271 1951 83
300 1919 476 1960 Vobiscum]
500 1921 552 1950 De
574 1920 774 1951 Messallino
801 1921 889 1952 aliis·
938 1930 1086 1961 unquam
1107 1921 1256 1953 libuerit.

190 1981 255 2013 que
269 1972 402 2003 Tiberio
419 1973 542 2004 additis
569 1972 711 2004 ducibus
727 1973 888 2015 loquitur,
984 1974 1025 2002 86
1048 1972 1144 2012 AEde]
1167 1972 1260 2004 Julio
1277 1981 1357 2003 vero
1382 1971 1509 2003 Caesari
1536 1970 1641 2002 divini

190 2022 247 2062 qui
272 2032 407 2054 currum
434 2023 508 2063 ejus
525 2023 709 2064 prosecuti,
731 2023 811 2055 dum
827 2024 887 2055 tri-

189 2072 377 2111 umpliaret.

234 2121 357 2161 Proles]
394 2123 541 2161 Drusus,
580 2122 727 2163 scilicet,
755 2122 888 2154 Tiberii

191 2169 290 2201 filius.

233 2223 273 2251 84
295 2220 488 2260 Nominibus]
508 2220 759 2261 Caesarquippe
776 2222 889 2261 appel-

191 2269 337 2309 labatur,
352 2270 441 2300 sicut
464 2274 497 2300 et
512 2270 628 2310 reliqui
646 2279 687 2300 ex
704 2269 804 2301 domo
819 2270 887 2300 Au-

192 2323 299 2361 gusta.

234 2373 273 2400 85
311 2368 489 2408 Fratribus]
526 2368 643 2399 Caium
678 2373 712 2399 et
747 2369 885 2399 Lucium

193 2420 343 2451 Caesares
378 2419 616 2456 intelligendos
652 2427 724 2448 esse
755 2419 888 2449 omnino

192 2479 326 2508 censeo,
340 2469 394 2510 qui
413 2473 570 2509 tanquam
586 2478 797 2500 successores
807 2469 889 2500 Julii

194 2522 349 2561 Caesaris,
368 2520 514 2561 Augusti
533 2530 610 2551 vero
635 2530 677 2550 ex
691 2519 760 2550 filia
786 2528 888 2559 nepo-

195 2576 256 2610 tes,
285 2572 318 2602 in
350 2572 423 2601 aede
449 2571 592 2600 veneris
623 2569 796 2610 genitricis
827 2568 889 2599 sub

194 2621 296 2661 ipsius
323 2621 465 2651 Caesaris
491 2621 670 2651 simulacro
697 2619 800 2650 locati
817 2617 889 2650 fue-

195 2674 283 2701 rant.
328 2671 528 2710 Quanquam
554 2670 692 2699 aliorum
711 2669 804 2709 sequi
820 2668 889 2708 opi-

194 2720 326 2752 nionem
342 2719 370 2750 si
385 2719 458 2760 quis
475 2719 631 2760 voluerit,
647 2729 708 2760 per
724 2728 776 2750 me
791 2719 889 2759 licct;

939 2021 1085 2053 honores
1105 2023 1275 2063 attributi,
1292 2022 1419 2063 templa
1432 2022 1534 2053 etiam
1551 2021 1641 2053 dica·

942 2075 989 2112 ta,
1005 2073 1119 2103 Romae
1136 2072 1272 2113 quidem
1300 2072 1334 2102 in
1357 2081 1398 2103 ea
1420 2071 1557 2112 regione
1583 2070 1641 2102 ubi

943 2122 1035 2153 mdes
1051 2123 1212 2154 Castoris.

985 2174 1026 2201 87
1049 2171 1130 2210 His]
1154 2172 1245 2204 Quos
1265 2172 1465 2202 memoravit
1479 2180 1521 2202 ex
1537 2173 1640 2210 gente

942 2220 1105 2260 Augusta.

987 2269 1117 2309 Cedere]
1150 2271 1305 2309 Namque
1329 2269 1404 2299 illos
1426 2267 1572 2298 maxime
1598 2276 1641 2299 ex

941 2319 1086 2350 victoria
1122 2324 1288 2359 partoque
1326 2318 1493 2357 triumpho
1530 2318 1639 2349 laetari

940 2368 1067 2399 decuit.

983 2420 1024 2447 89
1064 2417 1231 2456 Quicquid]
1269 2416 1465 2456 Hominum,
1493 2417 1639 2458 scilicet,

942 2467 1109 2507 reliquum
1135 2471 1187 2497 est
1211 2471 1285 2507 post
1310 2468 1384 2497 illos
1407 2477 1509 2507 supra
1524 2477 1639 2499 recen-

942 2516 1036 2547 sitos.

990 2567 1097 2607 Venit]
1120 2568 1208 2599 Quia
1222 2568 1303 2597 nulli
1318 2576 1471 2598 cessurus
1487 2571 1539 2599 est
1552 2577 1640 2609 prae-

943 2622 1039 2648 terea
1055 2617 1279 2648 Messallinus.

984 2670 1022 2698 91
1061 2667 1168 2707 Hunc]
1204 2669 1257 2699 De
1283 2666 1420 2699 Tiberio
1447 2667 1637 2707 intelligen-

942 2717 1032 2759 dum,
1047 2718 1103 2759 qui
1120 2717 1317 2749 Messallino
1341 2717 1526 2749 Pannoniae
1552 2726 1638 2759 prae·
