1877 3193
529 198 683 230 EPIST.
719 199 784 230 EX
818 200 976 231 ΡοΝΤο
1010 199 1103 232 L113.
1134 202 1196 233 ιν,
1224 192 1293 234 14.
1522 196 1637 238 2745

181 291 398 345 Tempora
421 295 597 334 sacrata
617 306 717 335 mea
737 298 839 336 sunt
854 296 1001 338 velata
1021 308 1194 346 corona,
1582 302 1638 342 55

239 358 454 400 Publicus
475 360 613 401 invito
634 373 763 414 quam
784 363 908 403 favor
929 364 1154 417 imposuit.

183 423 329 474 Quam
351 432 476 478 grata
495 429 561 467 est
580 427 711 479 igitur
729 428 914 470 Latonae
938 429 1068 470 Delia
1089 431 1233 482 tellus,

237 491 408 533 Erranti
429 496 567 533 tutum
589 506 688 547 quae
712 489 833 534 d'edit
850 507 936 534 una
955 495 1101 534 locum
1120 508 1132 546 3

178 557 292 598 Tam
313 559 418 599 mihi
438 572 539 600 cara
559 560 738 600 Tomis:
770 560 915 612 patria
937 573 1037 613 quae
1060 561 1165 601 sede
1187 561 1347 614 fugatis

236 624 430 679 Tempus
448 625 504 666 ad
523 626 607 666 hoc
622 625 751 665 nobis
770 625 949 679 hospita
968 627 1056 667 fida
1076 633 1238 669 manet.
1580 631 1635 673 60

180 691 240 732 Di
261 692 392 732 modo
409 692 631 743 fecissent,
652 693 840 746 placidae
864 707 987 747 spem
1009 698 1163 748 posset
1180 696 1337 737 habere

235 758 388 809 Pacis,
409 764 452 801 et
471 773 499 800 a
517 760 658 813 gelido
678 761 851 813 longius
873 774 955 801 axe
977 761 1108 803 foret!

176 899 251 928 sunt
267 900 377 927 ornata
392 906 503 928 corona
517 900 652 936 sacrata,
664 908 755 938 quam
771 897 977 929 benevolentia
991 898 1112 939 publica
1129 898 1271 938 imposuit
1289 898 1370 930 mihi
1381 899 1507 932 nolenti.
1533 900 1634 937 Quam

177 949 251 978 ergo
266 942 353 970 terra
382 940 487 978 Delia,
517 950 584 979 quae
609 941 673 970 sola
692 941 826 980 praebuit
852 942 949 972 locum
971 951 1108 972 securum
1133 942 1275 981 vaganti,
1290 945 1335 972 est
1354 946 1478 983 accepta
1493 943 1635 984 Latonoe,

177 984 241 1012 tam
262 982 338 1012 mihi
353 983 464 1013 dilecta
481 983 594 1021 Tomis,
611 993 678 1023 quoe
693 983 814 1023 hospita
827 987 947 1024 perstat
960 984 1070 1025 fidelis
1084 984 1143 1014 huc
1164 993 1256 1024 usque
1270 984 1357 1015 nobis
1368 985 1468 1025 pulsis
1481 987 1567 1016 domo
1581 996 1636 1027 pa·

177 1027 276 1055 terna.
321 1025 379 1055 Dii
392 1028 513 1055 tantum
526 1026 749 1065 proestitissent
774 1031 812 1058 ut
838 1030 939 1067 posset
962 1027 1072 1058 habere
1094 1037 1176 1067 spem
1200 1027 1376 1068 tranquilla>
1396 1029 1496 1070 pacis,
1512 1031 1541 1060 et
1556 1032 1634 1060 esset

178 1066 325 1097 remotior
335 1077 354 1097 α
366 1069 435 1108 polo
449 1068 603 1107 glaciali!

790 1142 1021 1154 ‘eoem-etet

176 1204 370 1236 leniam—53
393 1206 489 1237 Unus
518 1207 639 1238 Heius.
655 1217 722 1238 sum
745 1208 868 1239 Geticis
889 1209 1104 1240 immam—55
1127 1209 1206 1239 Tres
1231 1208 1311 1239 libri
1335 1212 1405 1240 sunt
1432 1209 1546 1240 vallata
1571 1219 1633 1241 cor.

176 1251 212 1277 et
230 1247 269 1278 P.
286 1248 375 1280 Dan.
392 1252 603 1280 ornata—5⁹
615 1250 702 1280 Tres
719 1250 797 1281 libri
811 1251 887 1280 mihi
901 1254 998 1289 grata
1018 1251 1053 1281 T.
1077 1250 1146 1281 Alii
1163 1251 1267 1281 etiam
1279 1251 1389 1282 Tomus
1406 1252 1459 1282 vel
1476 1252 1634 1283 Tomos.—

176 1292 214 1319 61
240 1290 282 1322 P.
300 1291 390 1323 Dan.
407 1302 522 1332 quoque
538 1300 600 1332 pro
614 1294 712 1324 modo.
757 1292 894 1323 Deinde
912 1292 1008 1325 Leid.
1030 1303 1114 1333 spem
1124 1293 1212 1333 pacis
1227 1293 1345 1324 abunde
1361 1293 1546 1333 Posset,·et.

834 1406 866 1437 N
872 1405 973 1438 OTAE

175 1487 443 1527 commentator,
467 1497 544 1528 quae
572 1487 623 1518 his
650 1487 795 1518 dabatur
819 1488 877 1528 qui
933 1488 1110 1528 quae‚olim
1121 1487 1288 1520 fluctuans
1303 1493 1464 1531 tectaque
1476 1491 1635 1531 mari‚re-

176 1538 337 1577 Olympia
354 1537 527 1568 vicissent.
566 1538 672 1570 Quasi
690 1548 772 1569 vero
787 1538 876 1579 apud
932 1542 1036 1577 pente
1052 1538 1192 1568 Latonae
1220 1540 1436 1579 parturienti,
1463 1545 1498 1571 et
1522 1541 1633 1573 locum

175 1597 248 1618 eam
264 1593 401 1628 gentem
415 1588 651 1628 Olympiorum
665 1589 778 1629 aliqua
790 1589 877 1619 ratio
933 1586 975 1618 ad
992 1587 1191 1627 pariendum
1206 1590 1387 1629 quaerenti,
1399 1599 1473 1621 sese
1489 1590 1632 1623 obtulit:

175 1638 291 1669 fuerit.
337 1639 504 1669 Civitates
529 1638 654 1669 habent
681 1648 795 1669 omnes
819 1639 874 1669 im·
933 1647 996 1678 qua
1010 1647 1046 1668 re
1063 1638 1109 1668 illi
1128 1638 1331 1677 gratissima.

176 1689 358 1720 munitates
374 1698 449 1718 suas
476 1693 511 1719 et
536 1689 724 1728 privilegia,
743 1689 876 1729 quibus,
975 1690 1015 1718 58
1057 1687 1140 1727 Una]
1174 1688 1269 1718 Sola:
1310 1698 1452 1729 namque
1484 1689 1631 1722 immisso

176 1743 234 1769 aut
250 1739 336 1770 bene
353 1738 496 1777 merim,
521 1743 580 1768 aut
607 1747 648 1767 ex
672 1738 783 1779 aliqua
800 1748 876 1769 con·
931 1740 1053 1767 contra
1078 1737 1242 1768 Latonam
1273 1744 1434 1779 serpente
1460 1739 1632 1782 Pythone,

175 1788 318 1827 ditione,
345 1787 503 1828 privatim
533 1788 700 1828 nonnulla
723 1787 875 1819 tribuun·
929 1787 1019 1819 Juno
1035 1787 1194 1827 pellicem
1209 1798 1250 1819 ex
1264 1788 1416 1820 omnibus
1434 1791 1531 1820 terris
1547 1800 1632 1821 sum-

175 1842 241 1869 tur.
929 1837 1100 1869 movebat.

217 1892 257 1919 55
283 1888 445 1928 Tempora]
468 1888 591 1928 Caput.
973 1891 1014 1919 59
1038 1887 1188 1927 fugatis]
1210 1888 1296 1919 Mihi
1312 1887 1437 1928 fugato.

220 1938 356 1978 Corona]
381 1939 431 1969 Ex
454 1938 582 1968 hedera
605 1938 742 1970 Baccho
769 1948 877 1979 sacra,
972 1940 1014 1968 60
1038 1937 1187 1977 Hospita]
1211 1939 1298 1970 Quae
1315 1949 1367 1970 me
1384 1939 1526 1979 recepit.

177 1997 241 2029 qua
259 1987 370 2029 poetae
388 1987 650 2018 decorabantur.
973 1990 1012 2018 61
1037 1987 1144 2028 Spem]
1168 1989 1221 2019 Ne
1247 1998 1381 2029 semper
1397 1990 1561 2021 Getarum
1578 2001 1628 2021 es-

219 2039 258 2067 57
282 2037 426 2078 Latonoe]
457 2039 542 2071 Quae
559 2037 727 2078 Apollinis
744 2042 779 2069 et
795 2038 876 2069 Dia·
931 2042 984 2069 set
1000 2038 1247 2071 incursionibus
1264 2039 1420 2071 obnoxia.

177 2096 229 2117 nae
247 2090 365 2118 mater.
972 2091 1013 2119 62
1033 2088 1159 2130 Gelido]
1186 2089 1233 2121 Ut
1263 2090 1388 2122 mitiori
1406 2089 1482 2123 aere
1500 2090 1627 2124 fruere-

220 2135 328 2177 Delia]
362 2137 467 2170 Delos
495 2138 593 2169 maris
620 2138 723 2180 AEgaei
752 2139 874 2181 insula,
931 2142 995 2172 tur.
