1877 3193
234 176 349 217 2772

234 283 380 332 Nunc,
403 294 489 336 quo
511 279 737 322 Battiades
757 281 981 322 inimicum
1000 281 1187 323 devovet
1208 281 1326 332 Ibin,

709 188 751 218 P.
784 187 841 217 Οἵ)
852 187 943 217 ῘΒῙΙ
976 186 1189 219 NASONIS

1625 284 1681 323 55

294 350 396 391 Hoc
417 363 498 403 ego
519 349 714 389 devoveo
734 351 860 401 teque
877 351 1065 401 tuosque
1085 349 1234 390 modo.

234 418 381 471 thue
398 417 487 466 ille,
508 415 699 457 historiis
720 416 943 456 involvam
964 415 1157 456 carmina
1176 416 1311 456 caecis
1328 429 1338 456 :

290 485 396 526 Non
414 485 579 524 soleam
602 484 800 537 quamvis
820 483 904 523 hoc
927 495 1061 535 genus
1083 483 1179 536 ipse
1200 482 1340 537 sequi.

231 552 360 593 Illius
380 553 587 604 ambages
608 552 804 592 imitatus
824 550 870 590 in
890 550 1031 598 Ibide,
1053 550 1174 590 dicar

288 618 466 659 Oblitus
486 619 620 658 moris
645 617 890 671 judiciique
909 617 1010 656 mei.

1624 612 1680 654 60

230 684 289 725 Et
306 686 524 737 quoniam,
545 685 622 737 qui
643 685 719 732 sis,
739 682 930 723 nondum
951 683 1253 734 quaerentibus
1274 681 1371 732 edo,

285 750 428 791 Ibidis
444 751 609 790 interea
628 754 673 790 tu
697 760 872 802 quoque
892 759 1053 787 nomen
1073 748 1199 789 habe.

229 817 380 870 thue
399 818 484 857 mei
505 830 658 857 versus
680 817 947 868 aliquantum
967 814 1107 854 noctis
1136 814 1369 863 habebunt,

285 884 361 924 Sic
382 884 485 924 vitae
508 884 639 924 series
661 887 753 923 tota
773 882 833 923 sit
849 885 941 922 atra
961 885 1062 923 tuae.

228 951 345 991 Haec
365 951 445 991 tibi
466 951 601 991 natali
621 949 728 990 faxo
747 949 775 990 J
780 948 940 1001 anique
962 947 1178 989 Kalendis

284 1017 389 1058 Non
408 1019 635 1058 mentituro
654 1017 839 1070 quilibet
858 1029 932 1056 ore
953 1016 1081 1068 legat.

227 1085 286 1125 Di
306 1085 440 1125 maris
458 1088 500 1125 et
519 1087 659 1133 terrae,
682 1084 843 1136 quique
863 1082 933 1122 his
950 1083 1128 1122 meliora
1147 1080 1309 1121 tenetis

283 1150 403 1192 Inter
424 1151 630 1193 diversos
651 1165 751 1192 cum
770 1151 886 1192 Jove
906 1162 1037 1202 regna
1056 1149 1185 1202 polos
1203 1162 1214 1199 ;

223 1272 292 1300 tuos
307 1279 341 1299 eo
353 1270 440 1299 modo
455 1279 511 1309 quo
527 1270 694 1300 Battiades
719 1271 842 1300 devovet
858 1269 932 1300 Ibin
957 1269 1126 1300 inimicum.
1172 1269 1216 1298 Et
1237 1267 1329 1298 sicuti
1352 1267 1415 1308 ille,
1436 1267 1595 1308 implicabo
1610 1275 1675 1298 ver·-

221 1321 274 1349 sus
281 1310 402 1348 fabulis
415 1311 559 1349 obscuris,
573 1312 699 1342 tametsi
713 1322 768 1349 ego
782 1322 840 1342 non
855 1312 1062 1341 consueverim
1081 1311 1201 1341 imitari
1223 1311 1279 1340 hoc
1294 1320 1399 1347 genus.
1446 1311 1594 1341 Imitatus
1615 1310 1677 1341 cir-

221 1353 324 1384 cuitus
337 1353 400 1391 eJ‘us
414 1354 445 1383 in
464 1353 563 1391 Ibide,
577 1353 664 1383 dicar
678 1353 836 1384 immemor
850 1363 924 1383 meoe
937 1353 1163 1384 consuetudinis
1177 1355 1207 1381 et
1213 1352 1341 1389 judicii.
1386 1353 1429 1382 Et
1441 1353 1590 1391 siquidem
1601 1361 1677 1382 non-

222 1397 296 1425 dum
311 1396 378 1426 dico
393 1396 444 1435 qui
469 1396 512 1425 sis
534 1395 718 1434 petentibus,
734 1399 768 1425 tu
784 1396 909 1425 interim
924 1394 1031 1424 habeto
1055 1395 1147 1424 etiam
1161 1403 1269 1423 nomen
1286 1393 1395 1423 Ibidis,
1440 1395 1485 1423 Et
1499 1394 1593 1423 sicuti
1606 1403 1673 1423 mea

221 1437 362 1467 carmina
376 1437 526 1467 habebunt
541 1437 735 1475 aliquantum
748 1437 906 1474 caliginis,
920 1437 966 1466 ita
983 1440 1047 1466 tota
1061 1437 1152 1465 series
1166 1435 1239 1465 ritae
1255 1440 1316 1465 tuce
1333 1436 1374 1464 sit
1391 1435 1483 1472 nigra
1494 1446 1503 1465 .-
1510 1435 1592 1472 faxo
1607 1435 1673 1474 qui-

220 1479 271 1509 vis
283 1480 366 1517 legat
381 1480 439 1508 tihi
453 1479 517 1508 hoec
533 1488 584 1508 ore
599 1488 658 1508 non
671 1488 748 1508 vano
764 1478 819 1508 die
835 1478 946 1514 natali,
967 1481 995 1506 et
1009 1477 1161 1507 Kalendis
1175 1477 1263 1506 Jam'.
1288 1477 1347 1506 Dii
1361 1477 1457 1506 maris
1475 1481 1504 1507 et
1520 1481 1625 1515 terrae,
1641 1480 1672 1507 et

220 1520 275 1561 qui
290 1520 436 1551 obtinetis
447 1520 571 1560 potiora
584 1530 681 1560 regna
703 1530 771 1550 cum
786 1520 864 1550 Jore
875 1519 957 1549 inter
973 1528 1048 1549 axes
1060 1518 1224 1558 oppositos,
1246 1517 1401 1557 adhibete,
1416 1528 1480 1557 oro,
1499 1519 1557 1550 huc
1572 1527 1672 1549 omnes

829 1595 887 1607 Νι

217 1647 287 1688 quis
301 1657 363 1688 pro
388 1647 539 1687 qui.—53
563 1647 625 1678 Ed.
641 1647 800 1687 Salvagu.
820 1646 848 1677 si
869 1656 992 1685 pergas,
1018 1645 1149 1676 z'n.—55
1173 1645 1216 1675 In
1240 1646 1293 1676 Sa.
1310 1650 1383 1675 erat
1399 1656 1456 1685 quo
1474 1645 1673 1678 Bacchilides

220 1690 396 1721 inim.—-59
420 1691 459 1720 In
483 1689 577 1719 Ibida
602 1689 690 1719 Edd.
717 1689 851 1728 plurimi
868 1693 903 1719 et
928 1698 986 1718 sex
1013 1687 1142 1727 scripti.
1166 1688 1278 1718 Burm.
1302 1687 1371 1718 Alii
1399 1689 1501 1719 etiam
1518 1689 1550 1719 in
1579 1688 1670 1720 Ibida

219 1732 418 1763 dicam—(33
443 1731 594 1762 Gallicus
611 1731 695 1762 Cod.
716 1732 790 1771 th.
816 1741 889 1761 mese
903 1740 980 1761 vers.
1002 1731 1086 1760 Tum
1110 1739 1193 1760 unus
1210 1730 1329 1760 Heius.
1346 1731 1416 1769 aliq.
1433 1740 1540 1760 nomen
1556 1731 1672 1762 hab.—

218 1777 260 1805 65
284 1773 494 1813 [Profacz'to]
515 1776 525 1791 ‘
542 1783 626 1803 unus
651 1784 693 1804 ex
708 1774 791 1804 ineis
807 1773 920 1811 factio.
945 1772 1165 1803 Bononiensis
1180 1772 1280 1808 sacto.
1303 1773 1433 1810 Scribe,
1450 1772 1555 1810 [ατη
1580 1772 1671 1813 quod

220 1820 275 1846 est
296 1816 474 1847 minantis:
499 1816 580 1846 nibil
605 1814 817 1855 frequentius
845 1815 935 1856 apud
960 1815 1104 1854 optimos
1134 1819 1299 1845 auctores.
1324 1815 1411 1845 Vide
1430 1816 1541 1845 Notas
1567 1815 1669 1854 [Not.

218 1857 315 1899 Van]
338 1859 426 1890 Met.
438 1867 519 1890 xm.
542 1858 626 1889 875)
648 1858 850 1890 Heius—(56
875 1859 951 1889 Pet.
970 1858 1063 1888 Nunc
1076 1857 1227 1887 matutino
1250 1856 1411 1897 φιλ-69
1436 1856 1497 1888 Ed.
1514 1857 1670 1897 Domitii,

878 1953 1018 1986 NOTAE

216 2021 359 2054 Iambici
375 2023 549 2062 virulenti,
567 2022 686 2064 quibus
699 2022 742 2053 ad
758 2023 914 2064 laqueum

215 2072 388 2103 inimicum
407 2073 484 2103 Ibin
498 2073 582 2104 velit
598 2074 814 2112 compellere.

259 2125 299 2152 55
323 2122 505 2161 Battiades]
544 2123 771 2153 Callimachus
799 2127 863 2159 est,
895 2133 914 2153 a

215 2171 322 2202 Batto
349 2179 458 2211 patre,
485 2174 638 2213 Cyrenes.
663 2173 850 2212 conditore,
872 2184 913 2204 eo

215 2221 350 2250 nomine
365 2220 487 2251 dictus.

258 2269 413 2309 Devovet]
441 2270 535 2300 Diris
549 2270 639 2300 illum
651 2271 840 2301 addicendo
854 2281 914 2309 per

213 2319 488 2358 imprecationes.

257 2371 298 2398 57
318 2368 432 2407 Coecis]
449 2368 626 2407 Obscuris,
639 2369 746 2398 minus
759 2369 911 2407 adeoque

215 2418 370 2458 cognitis,
382 2429 457 2458 quae
473 2425 507 2448 ot
517 2420 726 2448 oraculorum
740 2418 853 2453 tidem,
865 2419 912 2448 ita

215 2471 252 2498 ct
282 2469 412 2498 anxium
445 2468 587 2498 babeant
625 2473 911 2507 expectationem,

216 2526 283 2557 qua
299 2517 368 2547 Ibis
388 2520 600 2556 pen-ellatur.

257 2570 298 2596 59
333 2567 500 2606 Amlmgcsj
546 2569 713 2600 Anibaues
751 2567 911 2598 (licuntur

216 2625 386 2647 sermones
398 2622 531 2647 obscuri
548 2619 601 2657 qui
620 2620 724 2648 inulto
739 2618 865 2649 ambitu
877 2624 913 2649 et

215 2665 361 2696 circuitu
390 2668 444 2696 vix
462 2667 606 2708 denique
633 2668 713 2709 quid
736 2668 797 2700 sibi
823 2668 912 2710 quis·

216 2712 306 2756 piam
322 2716 402 2747 velit
418 2717 585 2757 aperiunt.

1011 2025 1052 2053 63
1078 2022 1202 2063 Noctis]
1228 2021 1448 2055 Difficultatis
1465 2026 1500 2054 et
1519 2022 1669 2055 obscuri-

969 2073 1061 2104 tatis,

1011 2125 1051 2153 64
1073 2123 1170 2163 Atra]
1198 2122 1332 2153 Infelix.

1010 2174 1049 2201 65
1076 2171 1202 2210 Natali]
1248 2172 1336 2210 Quo,
1364 2172 1509 2211 scilicet,
1534 2172 1561 2203 si
1585 2172 1665 2213 quid

966 2219 1103 2250 infausti
1120 2221 1309 2260 accidisset,
1325 2222 1509 2252 ominosum
1526 2230 1612 2260 esse,
1629 2225 1667 2252 et

967 2271 998 2299 in
1017 2275 1126 2301 totum
1141 2281 1263 2302 annum
1278 2273 1401 2302 malum
1416 2272 1582 2310 derivare,
1593 2279 1665 2301 cre-

968 2318 1104 2349 debant.

1010 2371 1049 2397 65
1073 2367 1164 2407 Jani]
1192 2369 1361 2407 Prospera
1372 2369 1493 2406 omnia,
1510 2368 1610 2400 sicuti
1627 2373 1663 2401 et

966 2415 1064 2446 hodie
1080 2424 1337 2454 consueverant,
1353 2423 1550 2448 recurrente
1575 2429 1663 2450 anno

966 2475 1064 2502 novo,
1076 2466 1229 2497 ,lanum-ii
1252 2466 1402 2506 adeoque
1421 2468 1598 2506 Kalendis,
1613 2469 1662 2499 iu-

967 2517 1072 2545 vicem
1091 2518 1298 2554 comprecari
1316 2519 1467 2547 solebant
1483 2529 1489 2547 :
1515 2528 1574 2557 pro
1589 2519 1661 2559 qui-

968 2565 1026 2596 bus
1060 2567 1316 2604 imprecationes
1344 2569 1506 2607 ‹ruJusque
1528 2569 1661 2607 generis

966 2617 1054 2648 Ibidi
1083 2618 1273 2648 recitandas
1299 2620 1391 2649 Raso
1409 2619 1492 2650 dicit
1515 2629 1589 2651 sese
1605 2629 1661 2651 cu-

965 2672 1127 2698 raturum.

1006 2720 1046 2750 67
1076 2718 1154 2760 His]
1187 2719 1278 2753 Mari
1307 2724 1341 2752 et
1369 2724 1474 2761 terra,
1503 2720 1657 2754 scilicet:
