1863 3193
284 157 398 200 2234
774 169 812 202 Ρ.
843 170 1002 201 ovmn
1035 171 1248 203 NAsoms

284 262 379 304 Aut
398 266 448 304 ut
467 263 584 305 edax
602 264 744 306 vultur
764 276 924 317 corpus
946 264 1246 318 circumspicit
1265 265 1437 321 ecquod

340 330 434 371 Sub
453 331 577 371 nulla
596 331 790 384 positum
809 343 980 371 cernere
1002 331 1147 384 possit
1166 332 1297 373 humo
1316 347 1326 374 ι

285 397 360 438 Sic
381 411 481 438 mea
500 398 649 439 nescio
669 399 784 452 quis,
804 399 939 439 rebus
959 398 1073 438 male
1091 398 1207 439 fidus
1228 400 1416 450 acerbis,

342 464 392 504 In
411 465 529 505 bona
546 471 768 516 venturus,
789 466 827 506 si
846 470 1057 519 paterere,
1079 465 1173 506 fuit.

284 529 418 572 Hunc
439 535 513 573 tua
537 545 614 585 per
633 533 763 574 sortes
783 534 921 575 virtus
944 533 1168 574 submovit
1188 533 1371 583 amicos,

341 597 478 639 Nulla
498 600 654 653 quibus
673 600 795 641 reddi
817 602 956 654 gratia
976 600 1110 653 digna
1129 603 1293 653 potest.

282 663 401 717 Ergo
424 678 555 719 quam
573 668 746 717 misero,
767 671 858 709 tam
877 681 995 718 vero,
1017 672 1127 708 teste
1147 667 1347 721 probaris
1365 679 1375 707 :

340 731 433 773 Hic
455 733 635 787 aliquod
657 735 830 788 pondus
853 735 892 777 si
912 736 1042 777 modo
1062 735 1189 776 testis
1209 735 1356 776 habet.

284 798 380 841 Nec
398 802 615 853 probitate
638 805 712 843 tua
732 804 849 856 prior
868 808 935 845 est
954 808 1029 845 aut
1048 803 1259 844 Hectoris
1276 813 1405 851 uxor,

338 865 431 907 Aut
451 880 599 908 comes
620 870 817 910 extincto
844 870 1089 910 Laodamia
1112 870 1222 909 viro.

279 931 349 972 Tu
373 934 412 973 si
433 933 678 973 Maeonium
698 937 841 974 vatem
862 934 1014 975 sortita
1032 934 1192 975 fuisses
1209 949 1221 987 ;

339 999 585 1052 Penelopes
608 1003 724 1039 esset
744 999 863 1040 fama
882 1000 1076 1041 secunda
1091 1004 1195 1043 tuae.

281 1064 386 1106 Sive
407 1065 486 1105 tibi
507 1065 589 1106 hoc
609 1066 758 1115 debes,
779 1066 903 1107 nulla
921 1068 998 1119 pia
1016 1068 1138 1109 facta
1157 1068 1393 1121 magistra3

339 1130 537 1186 Cumque
558 1144 672 1174 nova
691 1145 836 1174 mores
856 1140 961 1174 sunt
980 1133 1061 1175 tibi
1080 1133 1178 1175 luce
1199 1133 1316 1174 dati:

1679 533 1736 574 15

1680 865 1737 906 20

281 1254 333 1281 tur
346 1261 447 1291 rapax
462 1252 669 1293 circumspicit
683 1263 755 1284 num
766 1253 864 1294 possit
878 1254 983 1286 videre
996 1253 1121 1294 aliquod
1136 1262 1245 1292 corpus
1258 1253 1443 1292 insepultam
1454 1262 1464 1282 .·
1487 1251 1533 1284 ila
1548 1253 1648 1284 nescio
1669 1254 1737 1294 quis

279 1293 489 1334 perfldusfait
504 1295 696 1327 involaturus
711 1296 744 1326 in
759 1306 826 1327 mea
849 1296 938 1335 bona,
961 1296 1050 1328 rebus
1071 1296 1218 1335 adversis,
1242 1296 1270 1326 si
1284 1296 1412 1326 sineres.
1460 1295 1527 1326 Tua
1541 1294 1643 1326 virtus
1656 1295 1738 1326 hunc

280 1335 400 1375 depulit
413 1346 470 1376 per
485 1339 627 1369 cordatos
641 1339 767 1377 amicos,
793 1338 902 1379 quibus
916 1339 1000 1370 nulla
1012 1349 1071 1380 par
1084 1338 1191 1378 gratia
1205 1341 1303 1378 potest
1319 1337 1442 1375 referri.
1486 1339 1630 1377 Adeoque
1645 1347 1736 1378 quam

279 1376 410 1418 infelici,
426 1381 490 1410 tam
503 1384 584 1411 certo
599 1382 735 1412 laudaris
752 1385 840 1421 teste,
854 1382 882 1412 si
897 1383 984 1413 modo
999 1382 1048 1413 hic
1063 1381 1153 1412 testis
1173 1380 1263 1412 habel
1279 1381 1414 1421 aliquam
1429 1380 1626 1427 dignitatem.
1671 1380 1738 1428 Ne·

280 1429 336 1459 que
350 1422 397 1451 rel
420 1422 532 1461 conjux
549 1423 708 1464 Hectoris,
726 1425 772 1454 vel
796 1424 966 1455 Laodamia
991 1427 1150 1464 prosecuta
1164 1423 1311 1455 maritum
1335 1426 1500 1460 mortuum,
1517 1421 1574 1452 tibi
1586 1422 1737 1462 praecellzt

277 1462 442 1501 probitate.
488 1464 526 1495 Si
552 1468 586 1496 tu
601 1470 692 1496 nacla
718 1476 795 1497 esses
821 1467 952 1497 Po'e'tam
970 1467 1153 1504 Maeonium,
1176 1467 1243 1497 laus
1258 1467 1428 1506 Penelopes
1452 1468 1530 1496 esset
1555 1464 1654 1494 minor
1669 1467 1736 1494 tua.

280 1503 341 1535 Seu
355 1505 412 1536 tibi
428 1506 510 1537 istud
525 1508 612 1539 debes
630 1508 722 1547 sacta
734 1509 788 1549 pia
803 1508 887 1540 nulla
909 1510 1045 1550 docente,
1074 1514 1103 1541 et
1123 1509 1223 1540 virtus
1245 1508 1304 1539 tibi
1330 1511 1375 1539 est
1390 1517 1528 1539 concessa
1542 1517 1612 1538 cum
1632 1506 1738 1547 prima

280 1636 493 1669 cruoris—12
518 1640 682 1671 Francius
707 1641 846 1673 volebat
872 1642 912 1672 In
936 1642 1019 1673 nuda
1043 1652 1109 1681 pos.
1154 1642 1306 1682 Scaliger
1330 1645 1366 1672 et
1390 1640 1545 1682 quaedam
1562 1637 1735 1687 Edd.·1SJub

280 1679 459 1710 nullm—13
484 1680 538 1711 An
556 1691 621 1712 non
638 1684 776 1723 rectius,
801 1686 880 1715 male
895 1684 997 1725 fisus:
1020 1685 1162 1716 credens
1188 1690 1224 1716 et
1248 1683 1421 1715 confidens
1449 1693 1484 1714 se
1510 1682 1586 1713 ideo
1602 1681 1736 1712 facilius

280 1720 441 1753 invadere
456 1732 556 1763 posse
572 1733 647 1755 mea
664 1725 762 1765 bona,
780 1727 858 1767 quia
873 1727 1028 1758 acerbam
1044 1725 1216 1757 fortunam
1244 1726 1423 1766 experior:
1449 1724 1509 1756 sed
1537 1729 1573 1755 et
1599 1724 1737 1762 vulgata

279 1764 405 1794 servari
422 1769 548 1805 potest,
566 1771 604 1798 ut
620 1768 664 1798 sit
687 1768 719 1798 in
737 1768 835 1799 rebus
849 1769 931 1800 meis
947 1769 1092 1808 acerbis,
1109 1769 1229 1810 quibus
1245 1768 1329 1799 fides
1356 1769 1427 1809 ejus
1452 1766 1602 1798 debebat
1624 1773 1661 1795 se
1685 1773 1737 1794 os-

279 1806 435 1847 tendere,
449 1807 583 1840 infidus.
620 1810 817 1842 tiaran—17
843 1811 1003 1852 Quinque
1020 1811 1128 1843 Codd.
1144 1815 1337 1851 tam...quam
1361 1810 1482 1842 ordine
1499 1808 1732 1854 mutata-19

280 1847 442 1880 Francius
460 1852 577 1883 mallet
594 1852 660 1883 Nec
673 1854 789 1893 pietate
803 1856 912 1885 t.-2·2
936 1855 998 1885 Be.
1028 1854 1098 1885 Tibi
1123 1863 1184 1895 pro
1198 1856 1356 1885 tuan—23
1380 1853 1422 1882 P.
1447 1855 1482 1880 et
1503 1849 1559 1879 alu
1581 1848 1646 1879 hoec
1671 1856 1734 1888 pro

280 1889 345 1922 hoc.
377 1892 548 1935 Meliores,
570 1898 657 1926 teste
676 1895 794 1927 Heius.
810 1897 1107 1936 nulla...magistra;
1131 1896 1189 1927 alii
1204 1893 1493 1931 nullo...magi³tr⁰-

933 1991 1072 2022 NOTAE

280 2060 385 2091 lenire
403 2066 528 2101 posset.
1029 2063 1121 2100 sime,
1137 2066 1176 2094 ut
1200 2062 1336 2104 quidem
1355 2060 1505 2099 videtur,
1526 2060 1580 2091 hic
1596 2060 1734 2091 halluci-

325 2111 387 2144 Qui
406 2111 537 2149 petiere]
571 2111 699 2142 Nullibi
717 2121 782 2143 non
809 2116 886 2143 sunt
910 2111 976 2143 fre-

281 2163 422 2199 quentes
438 2160 669 2199 hujuscemodi
686 2161 790 2200 corvi,
806 2162 862 2202 qui
882 2162 974 2193 vivo-

279 2218 350 2239 rum
368 2209 469 2239 etiam
487 2220 627 2250 corpora
644 2210 860 2250 distringunt.

324 2262 363 2289 12
386 2259 451 2289 Sub
464 2260 562 2300 nulla]
589 2261 812 2301 Insepultum.

325 2311 361 2339 17
392 2309 485 2349 Vero]
516 2310 605 2342 Quia
621 2310 753 2342 afflictis
779 2321 976 2345 succurrere

280 2367 369 2389 verae
401 2364 454 2391 est
485 2360 630 2392 virtutis.
677 2362 732 2392 De
763 2372 798 2393 se
828 2363 977 2404 loquitur

279 2408 398 2448 Poeta,
411 2411 468 2450 qui
485 2411 600 2442 uxoris
619 2412 734 2443 virtuti
749 2414 977 2445 testimonIum

280 2460 446 2498 perhibet.

326 2509 487 2551 Probaris]
510 2512 605 2543 Bona
631 2516 666 2544 et
691 2512 796 2553 proba
819 2523 839 2543 a
861 2523 914 2545 me
931 2513 977 2544 di·-

282 2565 378 2588 ceris.

326 2611 365 2638 18
390 2608 467 2648 Hic]
505 2611 569 2641 Ubi
594 2621 706 2643 rerum
732 2621 812 2644 vero
828 2612 978 2644 testimo-

282 2658 337 2688 nia
371 2658 506 2696 adsunt,
535 2660 614 2690 nihil
653 2671 737 2701 opus
772 2667 824 2694 est
854 2663 978 2694 verbis.

283 2708 374 2739 Cave
390 2707 594 2750 interpretes
612 2711 739 2752 audias,
765 2713 823 2754 qui
838 2713 978 2755 ineptis-

1028 2114 1100 2144 nati
1120 2117 1209 2144 sunt.
1257 2113 1310 2143 De
1333 2122 1381 2152 se,
1409 2112 1558 2152 inquam,
1582 2110 1731 2152 loquitur

1029 2163 1150 2195 Poeta.

1074 2217 1114 2245 19
1138 2213 1300 2253 Hectoris]
1353 2213 1603 2252 Andromache,
1655 2223 1730 2254 quae

1030 2264 1188 2295 maritum
1206 2263 1442 2295 ardentissime
1455 2262 1592 2293 amavit.

1073 2317 1114 2345 20
1140 2313 1263 2354 Comes]
1279 2314 1436 2354 Namque
1448 2311 1643 2350 Laodamia,
1655 2321 1730 2343 cum

1031 2364 1259 2395 Protesilaum
1285 2372 1382 2394 suurn
1400 2362 1443 2393 ab
1468 2362 1617 2393 Hectore
1630 2362 1733 2393 inter-

1031 2413 1161 2445 fectum
1193 2413 1378 2452 didicisset,
1407 2416 1578 2452 superstes
1601 2411 1631 2442 ei
1657 2421 1731 2443 esse

1031 2465 1151 2495 noluit.
1189 2464 1317 2494 Verum
1333 2462 1466 2503 plenius
1477 2461 1565 2492 illam
1580 2470 1623 2492 ex
1640 2462 1731 2502 cpis-

1031 2516 1101 2546 tola
1117 2525 1175 2546 sua
1191 2514 1401 2554 cognoveris.

1071 2567 1110 2595 21
1138 2563 1320 2603 Moeonium]
1360 2563 1557 2599 Homerum,
1587 2562 1731 2601 scilieet,

1031 2613 1217 2645 Poetarum
1234 2613 1434 2645 Graecorum
1450 2612 1650 2653 principem·

1072 2667 1114 2695 22
1138 2663 1315 2703 Penelopes]
1362 2663 1448 2695 Quae
1483 2661 1614 2702 Ulyssis
1644 2669 1729 2691 uxor

1033 2713 1215 2745 Homerico
1232 2713 1380 2745 carmine
1392 2711 1535 2754 aliisque
1546 2708 1727 2743 notissima.
