1877 3193
549 213 702 244 EPis'r.
738 214 802 244 ex
839 213 996 244 PoN‘ro
1031 213 1129 244 Lm.
1162 214 1194 245 1.
1224 202 1267 244 8.
1523 204 1637 246 2547

177 305 274 348 Nec
296 310 343 348 tu
363 307 599 349 credideris
617 309 800 350 urbanae
823 308 1057 350 commoda
1080 308 1183 349 vitae

234 373 444 425 Quaerere
467 374 717 416 Nasonem:
750 377 907 429 quaerit
927 380 969 417 et
987 376 1064 415 illa
1085 383 1244 416 tamen.

176 440 295 482 Nam
316 441 447 482 modo
467 454 546 481 vos
567 442 714 482 animo
734 441 886 481 dulces
906 442 1163 481 reminiscor
1183 441 1314 482 amici
1332 455 1343 493 3

233 507 363 548 Nunc
384 508 486 548 mihi
508 521 605 548 cum
628 520 731 549 cara
751 509 940 562 conjuge
963 512 1067 548 nata
1086 509 1234 549 subit:

176 574 302 628 Eque
322 574 450 616 domo
471 587 618 614 rursus
634 574 829 627 pulchrae
851 574 951 614 loca
972 579 1112 616 vertor
1134 574 1190 615 ad
1213 573 1361 625 Urbis,

234 642 489 695 Cunctaque
508 655 629 682 mens
650 642 792 683 oculis
813 641 1012 695 pervidet
1033 642 1109 682 illa
1130 641 1233 682 suis.

176 710 306 751 Nunc
325 710 432 759 fora,
454 723 564 750 nunc
582 710 715 761 aedes,
736 723 851 750 nunc
875 723 1088 750 marmore
1110 713 1229 750 tecta
1250 708 1433 760 theatra,

233 776 366 818 Nunc
383 778 499 819 subit
519 785 699 832 aequata
719 779 916 831 porticus
938 778 1081 818 omnis
1100 777 1249 818 humo.

175 843 387 886 Gramina
406 858 521 886 nunc
542 845 703 898 Campi
723 845 931 898 pulchros
951 844 1193 897 spectantis
1215 845 1260 885 in
1280 844 1444 894 hortos,

229 912 482 967 Stagnaque
502 919 548 954 et
570 913 737 967 Euripi,
761 912 1084 966 Virgineusque
1104 913 1265 967 liquor.

1581 374 1636 416 30

1579 712 1635 754 35

171 1042 398 1074 existimaveris
415 1043 572 1074 Nasonem
596 1045 704 1083 optare
728 1044 883 1074 commoda
908 1044 982 1074 vitae
997 1044 1144 1074 urbauae:
1170 1048 1200 1075 et
1216 1048 1318 1075 tumen
1333 1048 1420 1085 optat
1435 1045 1501 1076 illa.
1548 1045 1635 1076 Num

171 1085 339 1124 aliquando
352 1096 404 1116 vos
419 1090 520 1117 mente
534 1087 645 1123 recolo,
664 1086 730 1117 cari
741 1087 835 1117 amici
847 1097 859 1123 ;
883 1086 1053 1127 modofilia
1068 1097 1098 1116 se
1111 1087 1188 1117 mihi
1200 1086 1294 1127 offert
1309 1097 1376 1118 cum
1390 1088 1502 1118 dilecta
1518 1098 1612 1119 uxore
1623 1098 1633 1118 τ

170 1131 201 1158 et
217 1137 325 1158 rursus
339 1138 386 1158 me
398 1128 501 1166 refero
515 1139 555 1160 ex
571 1131 657 1160 domo
668 1130 708 1159 ud
720 1129 784 1159 loca
785 1129 927 1167 formosa
944 1129 1049 1167 Urbis,
1060 1133 1090 1159 et
1102 1139 1186 1159 mens
1195 1130 1365 1169 perlustrat
1379 1130 1434 1160 illa
1450 1130 1552 1161 omnia
1571 1131 1635 1160 suis

171 1169 277 1201 oculis.
322 1171 418 1201 Modo
427 1171 514 1211 sora,
538 1173 625 1202 modo
643 1172 781 1211 Templa,
798 1173 885 1202 modo
899 1172 1036 1202 Theatra
1051 1174 1152 1201 strata
1168 1181 1331 1208 marmore,
1348 1173 1434 1202 modo
1451 1173 1550 1203 omnis
1563 1183 1635 1212 por-

171 1212 253 1243 ticus
266 1215 410 1252 recurrit,
426 1217 512 1244 terra
527 1217 660 1254 (equata.
708 1215 801 1244 Modo
811 1214 957 1252 gramina
973 1214 1084 1253 Campi
1096 1214 1314 1253 prospicientis
1325 1214 1357 1244 in
1364 1214 1519 1250 formosos
1530 1215 1636 1244 hortos

172 1254 379 1295 subeunt,'et
392 1259 516 1296 stagna,
539 1260 569 1287 et
586 1255 713 1295 Euripi,
738 1259 768 1286 et
784 1266 862 1295 aqua
877 1255 1031 1294 virginea.
1075 1255 1132 1294 At,
1158 1257 1260 1295 credo,
1277 1256 1462 1294 jucunditas
1481 1257 1575 1288 Urbis
1589 1257 1636 1287 ita

784 1338 1021 1350 eeeeeeeeeeee

168 1393 366 1425 undas.—29
380 1391 421 1424 P.
452 1393 567 1425 credid.
599 1393 747 1424 Romana»
773 1397 969 1426 comm—33
998 1395 1039 1426 In
1056 1395 1147 1435 vulg.
1172 1394 1277 1436 Atque
1304 1397 1403 1427 domo.
1429 1396 1437 1412 ‘
1453 1395 1635 1427 Sententia

170 1435 287 1476 exigit,
309 1436 399 1475 Aque
413 1436 521 1467 domo.-
543 1436 592 1467 ita
608 1435 717 1475 infra3
739 1437 748 1453 ‘
763 1437 862 1478 Aque
881 1438 945 1468 tuis
963 1442 1036 1468 toto
1066 1437 1202 1468 dividor
1227 1438 1310 1469 orbe
1326 1438 1437 1478 rogis.'
1469 1439 1478 1455 ‘
1503 1438 1633 1469 Urbem

168 1478 354 1518 pulchram’
378 1478 540 1519 intelligit
556 1480 712 1517 Romam,
736 1490 837 1520 quam
855 1485 930 1519 post
947 1479 1140 1510 incendium
1165 1489 1242 1511 xrv.
1266 1481 1453 1519 regionum,
1474 1480 1562 1520 quod
1589 1480 1631 1511 ab

169 1520 257 1552 U.C.
274 1530 361 1552 anno
371 1529 450 1552 Dec.
465 1521 650 1559 acciderat,
663 1522 695 1551 in
710 1531 832 1552 novam
848 1521 1133 1560 pulchritudinem
1148 1522 1297 1552 restituit
1308 1523 1423 1554 Caesar
1436 1521 1634 1562 Augustus.'

170 1563 297 1594 Fabric.
344 1564 432 1602 Eque
448 1565 535 1593 domo
553 1563 637 1592 bene
653 1563 800 1603 Argeut.
816 1568 851 1593 et
869 1568 939 1593 tres
957 1563 1026 1593 alii.
1062 1564 1179 1602 Multi,
1195 1564 1314 1604 Deque.
1347 1565 1513 1604 Sequenti
1531 1574 1631 1596 versu

170 1614 232 1645 pro
243 1605 397 1644 proeuidet
413 1605 646 1644 reponendum
663 1614 751 1644 esse,
772 1605 923 1645 pervidet,
944 1615 1020 1636 cnm
1033 1606 1175 1645 providet
1192 1607 1236 1637 sit
1252 1608 1284 1637 in
1298 1608 1466 1637 nonnullis
1483 1607 1633 1647 scriptis,

170 1647 339 1686 superiori
355 1647 476 1686 Elegia
491 1647 690 1679 monuimus.
738 1647 1004 1686 Arundelianus‚
1025 1658 1110 1679 mens
1125 1649 1219 1679 ocutis
1233 1650 1381 1688 praevidet
1398 1660 1451 1680 usa
1467 1650 1542 1689 suis,
1565 1659 1630 1680 non

168 1690 234 1720 illa.
260 1689 378 1720 Heius.
424 1688 580 1720 Francos.
605 1690 714 1730 Deque
729 1692 817 1720 domo
829 1691 952 1730 pulsus.-
976 1690 1110 1731 deinde,
1124 1691 1284 1731 pulchram
1299 1696 1458 1723 convertor
1472 1694 1512 1722 ad
1527 1692 1632 1723 urbem

169 1731 280 1762 codex
296 1731 548 1763 Gallicus—37
572 1732 714 1773 Septem
733 1733 808 1763 libri
825 1736 898 1764 tunc
919 1743 980 1773 pro
997 1743 1098 1770 nunc‚·
1122 1744 1204 1764 unus
1220 1738 1295 1765 tum.
1342 1735 1426 1766 Mox
1444 1734 1540 1766 Leid.
1565 1735 1633 1775 pul-

169 1774 241 1805 chro
255 1783 302 1815 sp.
316 1775 361 1815 in,
385 1775 440 1805 vel
462 1775 500 1805 ab
523 1775 623 1808 horto.
669 1776 759 1807 Mor.
785 1779 871 1806 ortus
898 1785 959 1817 pro
985 1776 1189 1808 hortos.—38
1212 1777 1366 1818 Stagnaq.
1393 1788 1462 1808 cum
1487 1777 1565 1818 ripis
1594 1777 1630 1808 V.

832 1882 971 1915 NOTAE

211 1966 254 1995 29
294 1965 361 1996 Nec
389 1967 541 2007 quoerere]
592 1966 657 1997 Illa
687 1965 774 1996 enim
805 1974 873 1996 non

171 2013 353 2054 quaerimus
370 2025 446 2056 quae
472 2016 634 2058 consequi
650 2016 786 2047 omnino
807 2024 872 2046 non

170 2072 360 2103 possumus.

213 2115 254 2143 30
279 2113 419 2154 Quoerit]
461 2116 621 2147 Recurrit
636 2125 716 2147 vero
737 2125 873 2156 semper

171 2172 325 2204 quaerere
337 2174 412 2204 quae
426 2175 589 2205 amamus,
599 2171 782 2207 utcumque
796 2175 872 2197 con-

168 2213 263 2254 sequi
279 2213 389 2244 minus
407 2215 559 2246 minusve
575 2225 748 2257 queamus.

211 2265 253 2294 32
287 2264 391 2305 Nata]
434 2265 571 2304 Pei-illa,
599 2266 743 2305 scilicet,
769 2275 870 2306 quam

168 2314 273 2345 solam
283 2314 440 2346 habuisse
452 2316 622 2347 Nasonem
637 2317 689 2348 vel
700 2316 779 2347 hinc
791 2315 872 2347 satis

169 2363 288 2405 liquet.

210 2416 251 2445 33
273 2414 382 2455 Urbi-³]
409 2416 538 2453 Romae,
555 2417 702 2456 scilicet,
719 2426 819 2458 quam
834 2420 872 2448 ut

171 2464 351 2496 maximam
368 2471 402 2497 et
421 2466 524 2498 Orbis
541 2467 724 2506 dominam,
739 2467 870 2498 Urbem

169 2512 378 2554 simpliciter,
389 2517 524 2548 honoris
533 2527 647 2556 causa,
659 2518 869 2550 vocitabant.

214 2564 257 2593 36
279 2564 431 2606 AEquata]
447 2566 658 2599 Pavimentis
669 2569 775 2610 aequis
787 2574 868 2600 stra-

173 2616 207 2642 ta

214 2662 375 2702 Porticus]
405 2663 502 2694 Inter
513 2665 605 2696 clara
617 2666 755 2700 fuerunt
767 2668 872 2700 Urbis

173 2711 333 2752 aedificia,
348 2713 401 2743 vel
419 2713 547 2745 aedibus
570 2717 688 2756 sacris,
703 2719 757 2749 vel
781 2719 874 2750 illus-

172 2763 276 2795 trium
299 2762 447 2794 virorum
462 2762 630 2805 domibus,
653 2766 707 2797 vel
723 2766 871 2807 publicis

928 1961 1083 1995 aedificiis
1108 1972 1262 2002 annexae,
1285 1962 1512 2001 necessitatis,
1535 1971 1632 1994 orna-

927 2013 1045 2051 menti,
1061 2017 1096 2043 et
1110 2012 1294 2052 voluptatis
1308 2021 1409 2043 causa
1423 2016 1629 2044 exstructae:

927 2063 984 2093 ubi
1003 2063 1201 2103 plerumque
1227 2062 1329 2092 animi
1351 2062 1474 2102 gratia,
1501 2062 1630 2093 aestivis

928 2113 1116 2154 praesertim
1148 2112 1332 2152 caloribus,
1361 2113 1402 2143 ad
1423 2111 1629 2153 captandam

927 2163 1079 2194 umbram
1097 2163 1361 2195 inambulabam.

969 2216 1009 2245 37
1029 2213 1154 2254 Campi]
1176 2213 1340 2244 Martium
1355 2212 1510 2254 intellige
1527 2221 1629 2254 prop-

926 2270 979 2298 ter
995 2267 1245 2298 celebritatem.

969 2320 1010 2348 38
1030 2316 1159 2357 Euripi]
1186 2316 1330 2346 Canales
1347 2315 1433 2346 dicit
1448 2325 1507 2346 seu
1521 2323 1632 2355 aquae-

925 2367 1060 2406 ductus,
1076 2366 1267 2407 cujusmodi
1283 2365 1421 2397 fuerunt
1437 2365 1628 2406 praesertim

925 2418 960 2449 in
985 2418 1085 2449 Circo
1109 2418 1269 2456 maximo,
1290 2416 1347 2447 ubi
1373 2425 1468 2456 aquae
1493 2418 1627 2455 stagna·

927 2468 1020 2499 bant.

973 2517 1156 2557 Virgineus]
1180 2515 1372 2555 Virgineam
1391 2523 1510 2554 aquam
1527 2512 1626 2555 dicit,

924 2577 1024 2610 quam
1043 2567 1198 2607 Agrippa
1216 2565 1322 2595 aetlilin
1351 2565 1382 2594 in
1408 2573 1488 2603 agro
1506 2563 1626 2595 Lucul-

924 2619 1015 2649 liano
1057 2616 1234 2646 collectan·
1269 2614 1411 2644 Romam
1445 2613 1628 2654 perduxit3

925 2668 1014 2709 quod
1054 2665 1285 2707 quaerentibus
1319 2665 1481 2696 militibus
1514 2664 1626 2697 fontes

925 2718 1126 2759 virguncula
1135 2717 1296 2759 quasdam
1306 2726 1407 2748 venas
1415 2716 1627 2756 monstravit,

924 2778 1006 2811 quas
1019 2767 1129 2800 secuti
1145 2767 1201 2810 qui
1217 2766 1378 2800 foderant
1395 2775 1492 2809 aquae
1509 2766 1624 2807 ingen-
