1877 3193
868 209 979 240 IBIS.
1039 206 1041 208 ’

1538 199 1650 243 2821

192 304 288 347 Nec
309 305 405 356 tibi,
428 306 465 347 si
483 306 590 361 quid
609 318 748 356 amas,
769 305 940 346 felicius
963 304 1185 346 Haemone
1206 294 1333 347 cedat
1352 319 1362 347 :

247 372 397 426 thue
422 387 505 414 sua
526 373 777 422 Macareus,
800 373 863 412 sic
885 373 1056 425 potiare
1077 377 1167 414 tua.

197 439 280 481 Vel
300 440 467 489 videas,
491 441 611 493 quod
625 441 736 494 jam,
755 452 854 480 cum
875 440 1064 478 flammae
1086 442 1243 480 cuncta
1260 441 1467 489 tenerent,

1569 437 1655 479 565

249 507 500 548 Hectoreus
521 508 666 561 patria
686 507 796 548 vidit
816 507 871 545 ab
894 518 995 545 arce
1018 519 1140 557 puer.

193 575 412 627 Sanguine
432 575 593 628 probra
614 574 724 621 luas,
743 576 791 611 ut
809 583 894 610 avo
917 571 1108 622 genitore
1130 576 1320 622 creatus,

250 641 334 681 Per
354 641 525 681 facinus
541 652 674 680 -soror
695 641 767 678 est
789 639 859 678 cui
880 651 960 678 sua
981 638 1097 679 facta
1117 652 1291 692 parens.

194 706 382 747 Ossibus
401 708 534 760 inque
557 707 648 746 tuis
670 705 747 745 teli
768 718 904 757 genus
924 706 1090 746 haereat
1109 706 1234 756 illud,

247 773 456 815 Traditur
480 773 614 814 Icarii
635 786 723 826 quo
745 773 961 814 cecidisse
983 787 1130 826 gener.

1572 775 1657 816 570

194 839 343 894 thue
363 841 532 894 loquax
554 841 599 881 in
621 853 738 894 equo
759 844 828 881 est
849 841 982 881 elisus
1005 844 1150 892 guttur
1169 854 1345 892 acerno,

249 907 326 949 Sic
349 909 428 949 tibi
447 908 676 949 claudatur
696 909 861 963 pollice
882 909 1008 949 vocis
1029 909 1124 950 iter.

190 1038 263 1069 olim
278 1039 364 1069 vultu
377 1048 492 1071 sereno.
538 1039 658 1079 Neque,
680 1041 709 1071 si
723 1040 797 1080 quid
819 1041 945 1080 diligas,
964 1041 1084 1071 eveniat
1101 1039 1220 1070 beatius
1235 1039 1399 1077 Hoemone,
1419 1041 1448 1069 et
1465 1038 1510 1069 ita
1523 1037 1659 1079 potiaris

193 1087 252 1112 tua
267 1091 382 1120 sorore,
411 1085 445 1112 ut
462 1082 630 1113 Macareus
642 1093 708 1115 sua.
760 1083 815 1114 Vel
829 1093 936 1114 cernas
958 1085 1037 1123 quod
1053 1083 1146 1124 filius
1163 1082 1337 1113 Hectoreus
1362 1082 1511 1121 spectavit
1535 1081 1574 1112 ab
1588 1090 1658 1111 arce

187 1124 305 1163 patria,
320 1135 388 1154 cum
403 1125 491 1163 ignes
505 1125 726 1165 corripuissent
743 1126 812 1164 jam
830 1126 932 1163 ferme
948 1125 1062 1156 omnia.
1110 1126 1262 1155 Exsolvas
1270 1125 1405 1166 flagitia
1428 1129 1484 1155 tua
1497 1123 1660 1163 sanguine,

190 1167 270 1197 sicut
286 1171 372 1198 ortus
386 1177 440 1197 avo
455 1171 556 1207 patre,
584 1169 634 1198 cui
660 1178 746 1199 soror
770 1178 825 1199 sua
841 1172 887 1199 est
905 1168 997 1204 facta
1012 1171 1112 1198 mater
1125 1178 1181 1208 per
1196 1169 1304 1199 scelus.
1348 1168 1453 1206 Atque
1469 1166 1548 1196 illud
1561 1174 1660 1204 genus

190 1208 300 1248 spiculi
314 1220 371 1250 quo
385 1219 482 1248 gener
499 1210 597 1241 Icarii
622 1211 739 1241 (licitur
753 1211 897 1242 occidisse
920 1211 1072 1253 infigatur
1090 1211 1152 1241 tuis
1174 1211 1299 1240 ossibus.
1347 1211 1391 1240 Et
1408 1209 1660 1249 quemadmodum

189 1252 313 1291 garruli
330 1252 442 1290 fauces
457 1263 636 1293 compressae
651 1254 684 1284 in
710 1264 786 1294 equo
807 1255 949 1294 dai-aceo,
975 1254 1021 1284 ila
1045 1253 1098 1283 via
1124 1252 1205 1283 vocis
1227 1253 1286 1283 tibi
1307 1252 1518 1292 proecludatur
1538 1251 1659 1291 pollice.

807 1337 1043 1349 eeeeeeeeeeee

192 1400 273 1430 doct.
291 1400 469 1432 Constant.
487 1401 632 1432 Fanens.
655 1399 839 1431 emendare
867 1400 971 1430 vellet
994 1399 1101 1430 vulta:
1128 1399 1248 1430 Heius.
1266 1399 1355 1438 conj.
1372 1398 1500 1429 Meliti.-
1523 1398 1532 1415 ‘
1550 1397 1661 1428 Socra-

192 1445 239 1472 tes
252 1442 454 1480 dignissimus
470 1443 598 1472 Moreti
613 1443 702 1472 liber
716 1453 723 1472 ε
749 1442 894 1472 Socrates
912 1443 991 1481 quod
1004 1442 1123 1471 doctior
1138 1441 1245 1480 prima
1261 1441 1365 1471 editio
1379 1452 1387 1478 ;
1408 1441 1467 1470 sed
1484 1440 1661 1480 epitheton

193 1484 277 1515 illud
294 1484 464 1514 doctissimi
481 1484 595 1514 nescio
613 1494 655 1514 an
674 1488 791 1522 aptum
808 1488 844 1514 et
861 1484 1036 1522 proprium
1053 1483 1188 1513 Socrati
1204 1493 1211 1513 :
1239 1484 1358 1513 vellem
1375 1483 1407 1512 in
1425 1483 1530 1513 Msto.
1546 1483 1660 1522 aliquo

194 1526 404 1566 reperiretur
430 1527 650 1557 sanctissimus.
674 1527 898 1556 Burn1.—564
925 1526 979 1555 Sic
996 1535 1037 1555 ex
1055 1526 1190 1565 scriptis
1205 1526 1339 1565 reponit
1357 1525 1474 1555 Heius.
1490 1533 1552 1564 pro
1569 1524 1660 1563 vulg.

193 1571 343 1599 tu.-565
370 1568 547 1600 Constant.
564 1569 712 1599 Fanens.
735 1567 869 1599 emend.
891 1568 931 1598 Et
948 1568 1010 1597 rid.
1036 1568 1126 1597 Mor.
1145 1572 1179 1598 et
1203 1577 1288 1598 nnus
1308 1567 1426 1598 Heins.
1453 1566 1661 1604 QuatemJam

194 1615 316 1652 captum
336 1621 405 1642 cum
420 1611 652 1651 flamm-566
675 1610 818 1641 Plurimi
844 1611 894 1648 ab,
912 1611 963 1640 vel
990 1609 1023 1640 in
1049 1611 1123 1640 urbe
1147 1613 1344 1650 pawn—568
1369 1610 1421 1640 Sa.
1449 1614 1485 1639 et
1511 1613 1579 1639 tres
1603 1609 1661 1639 alii

195 1653 417 1691 Prohfacz'nus
428 1653 548 1684 ,1—571
575 1654 614 1684 R.
631 1654 689 1694 loq.
715 1654 813 1683 medio
840 1655 896 1683 est.
921 1653 1003 1683 Mox
1020 1653 1075 1683 Sa.
1105 1657 1140 1683 et
1169 1653 1265 1683 multi
1282 1653 1339 1683 alii
1367 1662 1443 1683 cum
1461 1650 1661 1692 quibusdam

197 1696 283 1728 Edd.
298 1700 384 1737 gutt.
400 1696 549 1736 Agenor:
574 1706 659 1727 unus
687 1696 808 1727 Heins.
838 1696 986 1735 Egenor;
1011 1695 1179 1736 Gallicus,
1204 1695 1368 1732 acerbum;
1392 1694 1527 1725 Heinsii
1541 1693 1661 1725 acerbo,

861 1791 892 1822 N
898 1790 1000 1822 OTAE

198 1870 349 1898 sanctum
367 1877 429 1908 per
455 1867 616 1898 invidiam
639 1870 901 1904 accusaverunt,

197 1918 292 1959 quasi
317 1917 560 1949 Atheniensem
582 1919 803 1959 juventutem
827 1927 901 1958 pra-

197 1967 247 1998 vis
264 1967 413 1998 moribus
438 1972 473 1999 et
490 1967 581 1999 falsis
605 1967 825 2009 religionibus
841 1967 901 1998 im-

199 2018 332 2050 haeret.

239 2071 303 2099 562
328 2068 429 2108 Reus]
475 2069 635 2099 Socrates
662 2072 728 2108 est,
757 2068 902 2109 philoso-

197 2118 342 2159 phorum
366 2118 466 2149 facile
494 2119 652 2159 princeps
678 2118 769 2149 inter
785 2118 902 2150 Ethni-

198 2177 268 2208 cOS,
282 2168 552 2209 sapientissimus
566 2169 606 2199 ab
623 2169 902 2208 oraciilojiidica-

198 2224 266 2258 tus,
282 2229 384 2260 quem
408 2223 524 2250 tamen
550 2219 665 2250 cicuta
687 2219 793 2260 iniqui
811 2218 903 2259 judi-

197 2279 254 2300 ees
273 2270 495 2301 sustulerunt.

239 2323 302 2351 563
326 2321 494 2361 Hoemone]
514 2323 594 2361 Pro,
613 2331 711 2363 quam
729 2321 901 2353 Haemoni.

199 2369 279 2400 Fuit
306 2374 419 2401 autem
446 2371 504 2401 ille
533 2372 691 2402 Creontis
719 2371 821 2410 tilius,
845 2371 902 2412 qui

199 2428 338 2459 regnum
353 2418 549 2451 Thebanum
573 2421 715 2453 Eteocle
741 2426 777 2453 et
801 2421 903 2463 Poly-

198 2469 275 2500 nice
303 2467 493 2499 interfectis
524 2470 658 2502 invasit.
702 2471 901 2511 Antigonen

201 2517 339 2557 amavit,
371 2526 470 2557 qnam
495 2527 568 2550 cum
598 2520 732 2551 videret
762 2529 780 2549 a
802 2524 901 2560 patre

200 2568 410 2607 damnatam,
425 2567 515 2608 quod
532 2575 651 2601 contra
668 2570 812 2601 vetitum
835 2570 901 2600 Po-

199 2617 347 2658 lynicem
358 2616 500 2648 fratrem
514 2620 729 2659 tumulasset,
740 2630 815 2650 sese
830 2619 901 2660 ipse

199 2677 335 2709 quoquo
347 2667 469 2698 amoris
486 2669 701 2708 impatientia
715 2669 903 2702 interfecit.

201 2717 406 2758 Quanquam
433 2717 534 2757 paulo
556 2718 656 2747 aliter
681 2723 784 2761 atque
810 2719 903 2751 varie

201 2777 273 2799 rem
291 2771 398 2800 totam
415 2766 541 2801 diversi
560 2767 710 2801 tradunt.

999 1868 1062 1896 564
1082 1865 1262 1905 Macareus]
1279 1865 1380 1896 Hunc
1396 1864 1431 1894 in
1447 1863 1660 1895 Heroidibus

956 1926 998 1947 ex
1024 1917 1114 1956 turpi
1139 1926 1215 1947 cum
1242 1916 1377 1947 Canace
1402 1924 1517 1946 sorore
1541 1924 1661 1946 concu-

956 1965 1030 1996 bitu
1048 1965 1210 1996 infamem
1226 1966 1383 1997 vidimus.

999 2019 1062 2047 566
1086 2016 1185 2056 Puer]
1221 2016 1397 2056 Astyanax
1427 2019 1493 2054 est,
1522 2015 1565 2046 de
1592 2024 1661 2056 quo

956 2077 1069 2108 supra,
1099 2067 1155 2108 qui
1182 2067 1344 2098 Hectoris
1368 2065 1455 2096 filius
1479 2069 1661 2106 postquam

958 2119 1105 2158 patriam
1136 2126 1291 2149 eversam
1327 2116 1467 2147 vidisset
1495 2115 1536 2146 de
1565 2114 1663 2154 turri,

957 2169 1092 2210 Ulyssis
1122 2178 1234 2209 suasu,
1265 2167 1297 2198 in
1334 2171 1461 2198 terram
1491 2165 1662 2206 projectus

958 2225 1019 2251 est.

1000 2273 1062 2301 567
1089 2269 1235 2309 Creatus]
1269 2267 1400 2299 Adonis
1424 2269 1488 2306 est,
1508 2265 1661 2304 Myrrhae

957 2322 1061 2362 filius,
1088 2322 1197 2362 cnjus,
1224 2323 1263 2350 ut
1291 2323 1325 2350 et
1349 2317 1480 2355 matris,
1498 2316 1662 2355 Cynaras,

959 2372 1162 2413 Cypriorum
1186 2380 1258 2407 rex,
1273 2373 1369 2408 pater
1386 2365 1471 2403 fuit3
1496 2365 1555 2394 illa
1572 2374 1663 2405 vero,

958 2421 1122 2462 siquidem
1146 2427 1223 2448 cum
1265 2420 1363 2456 patre
1394 2423 1465 2443 rem
1493 2412 1664 2454 habuerit,

957 2474 1067 2500 mater
1083 2472 1119 2498 et
1136 2475 1240 2497 soror.
1286 2464 1340 2494 Ab
1369 2472 1453 2503 apro
1475 2467 1589 2493 antem
1605 2472 1662 2494 oc-

957 2519 1060 2549 cisum
1076 2515 1212 2547 Adonin
1228 2515 1262 2545 in
1279 2515 1422 2545 Metam.
1439 2512 1593 2543 vidimus.

998 2570 1062 2598 570
1088 2565 1206 2604 Gener]
1229 2564 1370 2604 Ulysses
1389 2568 1453 2602 est,
1471 2563 1572 2593 Icarii
1589 2563 1661 2604 qui-

957 2617 1033 2648 dem
1050 2625 1166 2658 gener,
1190 2624 1267 2646 cum
1289 2614 1501 2654 Penelopen,
1525 2613 1600 2653 ejus
1622 2613 1661 2644 ti-

956 2668 1047 2707 liam,
1076 2666 1213 2697 duxerit
1247 2674 1398 2696 uxorem.
1457 2665 1660 2705 Quanquam

958 2723 1073 2750 autern
1090 2718 1133 2749 de
1148 2716 1277 2756 Ulyssis
1294 2719 1402 2746 morte
1423 2724 1490 2745 non
1518 2724 1584 2745 una
1609 2718 1661 2746 est

958 2768 1142 2809 sententia,
1170 2767 1382 2800 arbitrantur
1406 2770 1521 2797 tamen
1559 2765 1660 2806 pleri-
