1877 3193
817 176 926 208 lssis.
1485 169 1598 212 2815

147 270 194 311 Si
215 274 292 312 tua
311 269 538 325 contigerit
554 269 734 312 Minoas
752 273 915 326 puppis
937 285 1112 328 arenas;

202 337 268 380 Te
289 337 569 393 Corcyraeum
590 337 768 380 Cressia
782 341 911 381 turba
930 345 1067 394 putet.

147 404 477 460 Lapsuramque
498 406 675 448 domum
695 408 869 456 subeas,
893 412 938 448 ut
958 408 1136 461 sanguis
1153 407 1329 460 Aleuae,

203 473 341 515 Stella
360 474 649 529 Leoprepidae
671 488 769 515 cum
789 474 869 514 fuit
891 487 1021 526 aequa
1041 475 1152 516 viro.

143 612 292 651 oppressit
307 612 404 643 simili
418 616 526 644 morte.
571 613 608 643 Si
621 616 675 643 tua
689 611 779 642 navis
792 611 960 650 contigerit
974 621 1085 642 arenas
1101 612 1239 651 Minoas,
1264 612 1358 643 turba
1376 613 1500 645 Cressia
1514 614 1598 646 arbi-

143 657 246 685 treeur
261 658 292 685 te
311 656 506 696 Corcyreum.
551 655 653 694 Atque
675 654 865 693 ingrediaris
886 655 1006 685 domum
1031 664 1184 695 casurum,
1209 658 1244 686 ut
1265 656 1368 696 proles
1382 656 1503 699 Aleuae,
1528 668 1599 690 cum

756 750 992 762 eeeeeeeeeeee

144 813 205 845 bro
220 822 246 845 ι.
289 814 550 845 Praecedentem
577 824 710 845 versum
737 814 828 846 refer
847 815 889 845 ad
905 825 1018 846 casum
1035 816 1130 847 nucis
1145 816 1266 856 pineae,
1292 822 1329 848 ut
1351 817 1442 848 Naso
1458 817 1599 852 fortasse

144 856 240 887 nobis
257 857 433 897 reliquerit
448 868 454 887 z
480 858 580 896 Idaea,
602 861 656 888 aut
678 858 774 888 simili
786 859 880 898 pinus
893 868 981 898 quem
997 863 1094 889 morte
1106 860 1246 898 peremit.
1293 860 1347 891 Ob
1364 860 1493 891 arboris
1510 863 1600 893 enim

146 899 255 939 pineae
282 899 508 940 frequentiam
529 901 667 941 pinifera
691 900 755 931 Ida
785 900 894 941 poetis
920 902 1042 940 passim
1068 902 1204 933 dicitur.
1230 902 1343 933 Heius.
1390 902 1523 944 Aliquis
1545 905 1599 936 hie

145 942 360 982 quaerendus,
377 943 433 983 qui
450 953 527 973 casu
543 944 673 974 arboris
689 944 787 983 pinus
805 949 856 974 est
873 944 1015 983 occisus,
1028 944 1181 975 diversus
1198 945 1239 976 ab
1256 944 1391 985 Aty,ad
1405 956 1504 986 quein
1521 957 1601 987 pen·

145 989 292 1015 tameter
308 986 477 1024 pertinet:
501 986 598 1017 simili
613 986 701 1017 enim
717 990 813 1017 morte
829 986 929 1026 dixit,
947 986 1037 1028 quia,
1052 991 1089 1018 ut
1102 988 1157 1018 ille
1173 992 1315 1019 venator
1331 989 1424 1028 prior
1439 998 1519 1020 casu
1532 990 1601 1020 suis

144 1027 260 1067 periit,
282 1028 330 1057 sic
354 1028 441 1059 alter
465 1029 594 1059 arboris
625 1030 720 1059 ruina
744 1038 934 1069 oppressus.
981 1030 1032 1060 De
1066 1030 1133 1071 Aty
1157 1031 1261 1061 etiarn
1292 1031 1452 1071 exposuit
1475 1031 1601 1065 Alciat.

144 1069 286 1110 Parerg.
303 1079 352 1100 vx.
371 1073 400 1101 ·2.
436 1071 603 1112 Antiquus
620 1071 756 1112 quidam
771 1072 988 1111 Scholiastes,
1003 1072 1097 1112 cujus
1109 1074 1280 1113 specimen
1292 1074 1326 1103 in
1341 1084 1467 1112 paucos
1486 1084 1601 1106 versus

145 1113 332 1143 transmisit
357 1113 438 1144 milii
455 1124 496 1144 ex
513 1114 636 1155 Anglia
651 1113 711 1144 flos
731 1115 892 1154 juvenum
911 1115 1114 1146 Batavorum
1139 1115 1172 1147 J.
1192 1116 1232 1146 P.
1252 1116 1422 1155 Dorville,
1441 1126 1515 1147 curn
1527 1118 1601 1158 jam

144 1154 210 1185 huc
234 1165 340 1196 usque
364 1155 434 1186 fere
458 1166 571 1196 operae
598 1158 630 1187 iu
654 1157 753 1188 Ibide
779 1157 979 1188 excudenda
1002 1158 1257 1197 processissent,
1278 1165 1444 1190 memorat
1459 1160 1514 1190 hic
1537 1159 1602 1191 Ar-

146 1197 270 1228 choma
294 1199 462 1239 quendam
480 1205 687 1236 venatorem,
702 1200 757 1240 qui
775 1200 958 1230 insolenter
975 1201 1107 1231 locutus
1123 1201 1154 1231 in
1169 1202 1328 1239 Dianam,
1350 1202 1468 1232 eadem
1493 1207 1602 1234 morte

145 1240 250 1279 periit
274 1251 340 1281 qua
366 1242 498 1273 Thoas:
526 1243 584 1273 sed
612 1243 684 1283 quis
710 1243 896 1283 nugacibus
917 1243 982 1273 illis
1009 1244 1332 1275 commentatoribus
1349 1244 1488 1275 credat?
1512 1244 1602 1275 forte

145 1291 266 1314 nomen
287 1284 457 1324 proprium
476 1286 558 1316 latet
575 1285 607 1315 in
631 1286 707 1321 illis,
729 1285 792 1315 sive
815 1285 908 1324 idem,
934 1286 988 1315 vel
1011 1289 1100 1326 atque
1122 1287 1202 1317 idem
1230 1287 1336 1317 simili.
1382 1287 1450 1317 Pro
1470 1287 1604 1326 peremit

145 1334 227 1356 vero
258 1325 292 1356 in
319 1337 383 1357 uno
406 1328 516 1367 Regio
540 1333 627 1365 erat,
649 1327 794 1366 peregit;
817 1326 907 1357 forte
932 1328 1082 1358 rectius:
1107 1329 1173 1358 vid.
1198 1329 1240 1358 ad
1263 1329 1339 1358 Val.
1363 1328 1455 1358 Flac.
1484 1337 1508 1359 1.
1528 1331 1602 1360 146.

144 1367 257 1398 Burm.
303 1369 380 1409 Seq.
413 1379 460 1399 vs.
489 1370 578 1399 turba
598 1372 685 1408 petat
708 1370 787 1398 olim
804 1368 886 1398 editi
904 1374 939 1399 et
956 1374 1099 1410 quatuor
1116 1370 1248 1409 scripti.
1290 1370 1399 1400 Cresia
1416 1371 1519 1400 etiam
1534 1381 1603 1402 me-

144 1409 209 1439 lius
237 1419 336 1450 quam
367 1411 489 1441 Cressia
517 1411 619 1441 scribi
648 1416 764 1442 censet
781 1410 994 1441 doctissimus
1011 1412 1261 1441 Emmenessius
1279 1412 1320 1442 ad
1339 1412 1469 1444 AEneid.
1487 1423 1531 1444 1v.
1549 1417 1602 1445 70.

146 1451 279 1482 Graecis
296 1453 384 1482 enim
402 1453 544 1491 Κρήσιος·
563 1452 641 1482 vide
659 1453 865 1490 Stephanum
882 1453 914 1481 iu
933 1452 1049 1491 Κρήτη.
1075 1453 1295 1483 Barna-514
1320 1454 1498 1495 Pleraeque
1515 1456 1603 1487 Edd.

146 1493 235 1525 Stell.
264 1494 440 1535 Lycoritoe:
464 1494 618 1535 quaedam
651 1495 827 1534 Lycoredoe,
855 1504 953 1533 quam
983 1495 1161 1525 lectionem
1187 1500 1304 1525 tuetur
1327 1500 1363 1526 et
1379 1498 1520 1536 exponit
1537 1497 1604 1528 An-

146 1537 245 1567 dreas
262 1536 429 1575 Alciatus,
458 1537 632 1576 l'arergou
656 1537 731 1568 Jur.
753 1545 801 1566 vr.
818 1539 871 1566 21.
896 1541 931 1566 et
955 1537 1023 1566 alii.
1074 1539 1082 1553 ‘
1099 1537 1208 1568 Recte
1226 1537 1426 1578 Leoprepidae
1451 1540 1605 1580 Scaliger

145 1579 180 1610 in
210 1578 413 1610 Ausonianis
442 1578 674 1619 Lectionibus,
700 1579 858 1609 insistens
884 1579 1038 1618 vestigiis
1064 1584 1215 1610 veterum
1240 1581 1495 1620 exemplarium.
1520 1583 1606 1614 Leo-

147 1622 262 1662 prepis
279 1621 366 1653 filius
382 1622 591 1653 Simonides:
617 1622 665 1652 ita
694 1621 816 1660 passim
845 1626 1012 1653 auctores,
1036 1622 1150 1653 Heius.
1187 1623 1292 1653 Alebae
1315 1623 1449 1663 quidam
1474 1625 1606 1666 scripti.

147 1664 257 1695 Alaboe
275 1665 414 1706 Regius.
451 1665 539 1695 Vide
557 1665 674 1695 dehac
690 1664 870 1695 Simonidis
892 1664 1030 1694 historia
1047 1665 1178 1696 Pliaedr.
1193 1665 1248 1695 lib.
1265 1674 1312 1696 1v.
1329 1664 1398 1698 fab.
1415 1670 1466 1697 24.
1481 1672 1516 1698 et
1528 1677 1604 1708 quae

148 1707 195 1737 ibi
213 1708 275 1738 viri
301 1708 394 1738 docti
418 1713 635 1738 annotarunt.
682 1708 877 1747 Leoprepes
902 1716 982 1737 vero
1010 1712 1107 1747 pater
1131 1708 1311 1738 Simonidis
1334 1714 1540 1740 memoratur
1561 1710 1602 1741 ab

149 1749 281 1780 AEliano
295 1750 354 1781 lib.
372 1759 422 1781 lv.
442 1754 492 1781 14.
517 1750 604 1780 unde
621 1750 775 1780 firmatur
790 1750 954 1789 Scaligeri
975 1751 1154 1781 eorrectio.
1202 1751 1283 1781 Mss.
1300 1750 1468 1790 Letoridce‚
1485 1752 1606 1793 Lyquo-

146 1793 235 1833 ridoe,
254 1793 469 1834 Leoquoridoe,
500 1793 687 1833 Leotepidae‚
715 1793 889 1833 Leporidoe,
916 1794 968 1832 &aa
1002 1793 1062 1823 Cui
1077 1792 1146 1830 fuit
1171 1793 1273 1824 etiam
1287 1793 1417 1826 Sarrav.
1448 1794 1604 1827 Burm.—

800 1903 831 1933 N
839 1901 940 1933 OTAE

193 1991 253 2019 511
280 1988 419 2028 Minoas]
445 1988 484 2020 In
501 1987 617 2020 Sicilia
634 1987 853 2019 interfectum

151 2039 302 2070 Minoem
325 2040 398 2079 jam
431 2049 533 2079 supra
560 2038 716 2069 vidimus.
771 2039 853 2078 Ejus

150 2099 226 2121 ossa
249 2090 280 2120 in
299 2091 442 2130 patriam
460 2100 535 2120 cum
554 2090 735 2130 populares
752 2089 853 2119 reser-

150 2145 241 2179 rent,
254 2150 273 2172 a
286 2141 475 2181 Corcyraeis
489 2151 547 2171 seu
564 2140 679 2171 insul-<e
693 2140 851 2180 Corcyrae

150 2191 270 2221 incolis
301 2193 386 2221 male
426 2192 564 2222 tractati
596 2196 684 2222 sunt.
738 2191 851 2223 Quare

151 2251 382 2282 quoscumque·
412 2242 458 2272 illi
494 2243 527 2273 in
559 2243 661 2273 Creta
692 2242 851 2281 corripie-

153 2291 233 2322 bant
256 2291 297 2321 ad
326 2301 440 2333 regem
466 2303 560 2323 suum
585 2291 722 2323 inferias
740 2292 852 2323 mitte-

151 2341 246 2372 bant.

152 2411 156 2414 -
195 2394 257 2422 512
281 2392 392 2431 Putet]
416 2392 580 2434 Adeoque
596 2397 630 2424 et
649 2396 786 2424 mactet.

195 2444 257 2471 513
281 2440 418 2478 ›sang-uis
433 2441 554 2481 Aleuoe]
574 2444 702 2483 Scopas
724 2448 787 2482 est,
811 2453 852 2473 ex

154 2491 271 2523 Aleuae
301 2491 476 2531 progenie,
507 2493 662 2524 Creontis
686 2500 722 2523 et
748 2493 854 2523 Eche-

154 2542 272 2574 cratiae
295 2542 393 2579 lilius,
422 2546 460 2571 ut
483 2542 656 2574 Theocriti
684 2543 853 2582 interpres

155 2591 272 2622 tradit.
298 2592 458 2621 Fabulam
485 2601 562 2621 vero
579 2598 680 2624 totam
699 2603 741 2623 ex
759 2592 853 2623 (licc-

156 2651 237 2673 rone
266 2641 307 2672 de
336 2643 432 2673 Orat.
456 2651 494 2672 11.
521 2645 574 2672 86.
603 2646 733 2683 accipe,
757 2643 852 2682 cujus

156 2693 230 2724 haec
247 2696 324 2723 sunt
342 2692 466 2722 verba:
493 2694 501 2708 ‘
520 2692 649 2722 Dicunt
666 2694 765 2733 enirn,
778 2703 853 2724 cnm

157 2746 307 2774 coenaret
323 2742 501 2775 Crannone
518 2741 551 2773 iu
566 2741 739 2774 Thessalia
755 2743 856 2774 Simo-

906 1986 1002 2016 nides
1019 1985 1108 2026 apud
1132 1985 1291 2025 Scopam,
1314 1984 1524 2016 fortunatum
1547 1985 1604 2017 lio-

906 2036 1028 2066 minem
1055 2040 1090 2066 et
1115 2035 1274 2074 nobilem,
1296 2035 1546 2077 cecinissetque
1569 2036 1605 2067 id

905 2096 1053 2125 carmen,
1069 2086 1155 2126 quod
1181 2087 1212 2115 in
1237 2096 1311 2116 eum
1343 2085 1549 2125 scripsisset,
1570 2087 1606 2117 in

906 2148 971 2178 quo
990 2138 1095 2168 multa
1119 2137 1260 2167 ornandi
1289 2146 1403 2175 (eausa,
1429 2138 1607 2176 poetarum

905 2197 1011 2226 more,
1028 2187 1058 2217 in
1077 2188 1252 2218 Castorem
1282 2189 1411 2227 scripta
1435 2193 1468 2217 et
1495 2187 1608 2218 Pollu-

906 2249 979 2269 cem
1004 2237 1159 2274 fuissent,
1176 2238 1273 2268 nimis
1289 2238 1380 2267 illum
1399 2237 1535 2268 sordide
1558 2236 1608 2267 Si·

907 2288 1031 2319 monidi
1060 2288 1197 2323 dixisse,
1220 2298 1254 2317 si·
1283 2288 1455 2317 dimidium
1481 2288 1552 2326 ejus
1577 2287 1608 2317 ei

908 2338 997 2379 quod
1029 2344 1146 2378 pactus
1173 2344 1265 2368 esset
1291 2347 1350 2376 pro
1377 2338 1433 2366 illo
1460 2336 1608 2366 carmine

908 2390 1077 2426 daturum,
1096 2389 1258 2428 reliquum
1277 2397 1295 2416 a
1313 2387 1380 2416 suis
1395 2385 1610 2425 Tyndaridis,

908 2450 991 2480 quos
1019 2448 1114 2478 reque
1143 2437 1327 2473 laudasset,
1354 2440 1499 2475 peteret,
1524 2436 1552 2466 si
1575 2436 1608 2467 ei

909 2490 1096 2520 videretur.
1149 2487 1251 2516 Paulo
1284 2491 1359 2525 post
1390 2495 1462 2515 esse
1492 2485 1610 2517 ferunt

909 2539 1099 2569 nuntiatum
1118 2536 1291 2573 Simonidi,
1307 2541 1342 2566 ut
1363 2535 1515 2574 prodiret
1529 2547 1538 2574 3
1554 2537 1609 2577 ju.

910 2598 1010 2619 venes
1026 2594 1115 2618 stare
1131 2587 1170 2617 ad
1183 2587 1318 2626 januam
1337 2586 1418 2616 duos
1436 2586 1610 2626 quosdam,

910 2639 964 2679 qui
990 2648 1065 2668 cum
1082 2646 1288 2676 magnopere
1307 2642 1509 2667 evocarent:
1537 2646 1608 2667 sur-

911 2689 1038 2718 rexisse
1056 2688 1160 2726 illum,
1178 2686 1343 2726 prodisse,
1367 2686 1489 2718 vidisse
1505 2686 1609 2718 nemi-

912 2749 1009 2771 nem:
1046 2739 1108 2770 hoc
1138 2737 1272 2770 iuterim
1303 2738 1413 2779 spatio
1446 2737 1607 2781 conclave
