1877 3193
225 148 340 192 2818

229 253 381 307 thue
401 251 754 307 Agamemnonio
773 251 934 294 vulnus
954 251 1073 294 dedit
1093 251 1253 305 anguis
1275 250 1462 303 Orestae,

285 321 356 362 Tu
376 334 553 375 quoque
574 319 628 360 de
649 330 796 359 morsu
816 318 937 359 virus
956 318 1144 361 habente
1163 318 1314 361 cadas.

230 387 297 432 Sit
315 388 394 429 tibi
412 387 605 440 conjugii
625 399 714 427 nox
736 386 877 439 prima
894 387 1138 428 novissima
1155 387 1281 428 vitae.

286 455 474 509 Eupolis
495 456 580 495 hoc
601 455 745 507 periit,
764 459 809 494 et
829 460 947 495 nova
967 459 1124 507 nupta,
1145 455 1294 495 modo.

227 522 378 577 thue
400 521 709 563 cothurnatum
729 521 912 574 periisse
934 522 1226 575 Lycophrona
1246 527 1439 572 narrant,

286 589 468 631 Haereat
488 589 532 628 in
551 588 673 628 fibris
695 587 788 628 fixa
809 589 970 640 sagitta
991 590 1094 630 tuis.

227 655 320 698 Aut
340 655 460 696 lacer
479 654 523 694 in
543 653 669 707 sylva
689 653 893 694 manibus
916 666 1124 707 spargare
1145 659 1321 697 tuorum
1339 670 1349 698 ε

285 722 480 775 Sparsus
501 724 550 762 ut
570 724 639 762 est
656 720 825 762 Thebis
847 733 986 773 angue
1007 726 1181 763 creatus
1204 735 1302 764 avo.

228 787 405 841 Perque
423 787 538 828 feros
561 792 732 828 montes
753 791 877 828 tauro
896 788 1098 840 rapiente
1119 788 1332 831 traharis:

285 854 349 896 Ut
365 857 509 896 tracta
529 859 596 896 est
617 855 786 909 conjux
808 855 1048 909 imperiosa
1069 855 1194 909 Lyci.

228 920 449 976 Quodque
468 935 561 964 suae
584 934 721 976 passa
740 925 808 963 est
828 923 973 975 pellex
993 923 1133 964 invita
1156 922 1312 974 sorori,

283 988 479 1030 Excidat
500 992 598 1030 ante
619 989 756 1043 pedes
776 989 924 1043 lingua
947 994 1117 1031 resecta
1136 995 1250 1032 tuos,

227 1055 445 1098 Conditor
464 1059 511 1098 ut
531 1056 684 1104 tardae,
708 1055 887 1098 Blaesus
909 1057 1180 1110 cognomine,
1203 1056 1397 1112 Cyrrhae,

284 1122 418 1165 Orbis
439 1125 485 1166 in
505 1124 743 1165 innumeris
763 1124 981 1166 inveniare
1002 1124 1130 1166 locis.

715 160 754 188 P.
786 158 946 188 OVlDll
982 157 1193 189 NASONIS

1598 320 1684 362 530

1597 655 1684 697 535

1597 991 1682 1031 510

224 1254 270 1284 Et
283 1256 531 1294 quemadmodum
542 1265 665 1295 serpens
675 1255 848 1286 vulneravit
863 1255 994 1286 Oresten
1005 1255 1294 1294 Agamemnoniam,
1305 1258 1337 1285 tu
1350 1254 1442 1285 etium
1451 1264 1557 1295 pereas
1567 1255 1604 1286 de
1618 1254 1682 1285 ictu

225 1296 354 1328 habente
368 1306 526 1328 venenum.
570 1299 647 1328 Nox
666 1298 769 1338 prima
784 1297 920 1336 conjugii
942 1298 984 1327 sit
1000 1298 1058 1328 tibi
1074 1298 1184 1328 ultima
1196 1299 1286 1328 vitae:
1304 1298 1432 1337 Eupolis
1447 1301 1476 1328 et
1494 1308 1571 1328 not-u
1586 1301 1684 1338 nupta

224 1338 336 1370 occidit
351 1339 407 1370 hoe
420 1340 520 1370 modo.
565 1341 611 1371 Et
623 1339 718 1370 sicuti
731 1340 835 1370 dicunt
852 1340 1083 1378 Lycophronem
1106 1340 1322 1370 cothurnatum
1337 1341 1478 1378 periisse,
1493 1341 1612 1378 sagitta
1626 1340 1683 1370 im—

221 1384 316 1421 pactu.
329 1384 390 1412 stet
405 1381 438 1412 z‘n
454 1380 621 1412 visceribus
637 1381 709 1411 tuis.
759 1381 813 1411 Vel
828 1381 998 1420 discerptus
1023 1381 1057 1410 in
1081 1382 1176 1421 sylvis
1201 1381 1369 1418 disjiciurz's
1394 1382 1533 1411 manibus
1549 1385 1681 1419 tuorum,

224 1423 318 1455 sicuti
332 1427 424 1454 natus
436 1434 492 1454 avo
506 1426 644 1461 serpente
658 1422 801 1459 disjectus
816 1425 861 1451 est
881 1422 1003 1452 Thebis.
1046 1422 1149 1461 Atque
1163 1422 1348 1452 distraharis
1362 1433 1416 1461 per
1431 1433 1552 1461 asperos
1567 1427 1681 1454 montes

224 1469 315 1496 tauro
330 1466 479 1505 rapiente,
503 1464 582 1494 sicut
598 1473 677 1494 uxor
690 1473 771 1494 sceva
787 1463 865 1503 Lyci
880 1464 1033 1493 distracta
1048 1467 1104 1493 est.
1154 1465 1195 1493 Et
1221 1465 1299 1502 quod
1323 1465 1424 1502 pellex
1449 1465 1565 1494 sororis
1580 1465 1682 1496 invita

223 1517 316 1547 passa
330 1510 388 1546 est,
410 1507 518 1546 lingua
535 1510 590 1538 tua
604 1506 738 1536 abscissa
758 1507 849 1536 cariat
873 1509 946 1536 ante
971 1506 1061 1545 perles
1077 1508 1155 1536 taos.
1204 1506 1247 1536 Ut
1270 1506 1408 1536 conditor
1423 1507 1520 1536 ίαν-ἄιε
1537 1507 1680 1547 Myrrhae

224 1549 405 1591 cognomine
427 1550 516 1581 laesus
530 1549 700 1581 inveniaris
724 1549 758 1579 in
783 1548 856 1580 locis
878 1547 1048 1579 innwneris
1061 1548 1157 1579 orbis.
1201 1548 1246 1579 Et
1261 1548 1329 1588 apis
1341 1548 1446 1579 sedula
1461 1548 1573 1590 infigat
1587 1550 1683 1581 oculis

839 1644 1072 1656 eeeeeeeeeeee

225 1712 289 1740 529
314 1707 357 1739 R.
372 1708 442 1739 ded.
468 1706 565 1739 hostis
591 1708 631 1739 Ο.
655 1706 725 1739 Alii
749 1707 850 1739 etiam
876 1709 1099 1740 Oresti—533
1124 1707 1242 1739 Heius.
1266 1718 1308 1738 ex
1333 1707 1469 1748 scriptis
1493 1707 1578 1748 legit
1601 1707 1684 1741 σοίῆ.

224 1751 368 1783 cecidisse
383 1751 530 1781 L.-535
557 1749 626 1782 Alii
641 1750 674 1781 z'n
688 1750 902 1791 sylvis—539
926 1750 993 1781 Alii
1014 1752 1087 1790 pell.
1110 1751 1234 1787 invium
1258 1751 1407 1781 nonnulli
1432 1751 1534 1782 etiam
1556 1751 1681 1781 sororis.

225 1796 330 1825 -541
355 1792 501 1826 Quidam
519 1793 637 1834 legunt
655 1794 806 1833 Cognitor
826 1796 859 1823 ut
874 1797 898 1824 t.
916 1794 1039 1830 Blaesus
1053 1803 1139 1832 cogn.
1157 1793 1321 1833 Myrrhce:
1344 1798 1379 1823 et
1395 1793 1547 1823 nonnulli
1567 1793 1683 1824 Condi-

223 1836 596 1877 tor...lcesus...Myrrhoe.
641 1836 811 1867 Domitius
827 1841 863 1866 et
886 1836 1048 1867 Zarottus
1068 1836 1215 1867 deitor
1231 1839 1285 1867 ut:
1309 1841 1377 1866 tuni
1407 1835 1541 1875 plurimi
1562 1835 1682 1874 scripti

224 1880 357 1916 tardum
379 1882 415 1910 et
430 1879 518 1911 Mor.
534 1881 643 1920 raptoe.
680 1879 760 1911 Pet.
776 1880 858 1911 lusus
872 1889 959 1919 cogn.
976 1883 1011 1911 et
1026 1879 1069 1911 R.
1085 1879 1363 1910 conamine—542
1386 1878 1485 1909 Alter
1512 1878 1590 1909 Pet.
1621 1878 1681 1908 Or-

880 1974 1026 2007 NOTAE

223 2057 442 2090 obstrinxisse
458 2058 612 2090 Alcaeum
627 2058 800 2100 conjicias.

264 2111 328 2139 529
355 2109 484 2150 Vulnus]
507 2109 618 2150 Hujus
642 2110 793 2141 historiae
815 2113 922 2142 testes

222 2157 420 2189 scholiastes
433 2160 597 2191 nonnulli.
627 2159 683 2191 De
700 2160 825 2192 Oreste
842 2170 923 2191 vero

222 2205 485 2246 Agamemnonis
512 2208 581 2240 filio
601 2209 673 2249 jam
699 2209 824 2250 saepius
854 2210 925 2240 dic-

223 2260 304 2288 tum.

262 2301 327 2336 532
351 2304 498 2345 Eupolis]
543 2305 611 2336 Hie
637 2307 721 2335 alius
746 2316 765 2336 a
791 2307 923 2337 comico

223 2356 325 2398 poeta
355 2354 435 2395 fuit,
467 2359 503 2386 et
532 2355 640 2386 Niciae
669 2355 767 2386 filius.
811 2356 923 2386 Periit

221 2411 334 2438 autem
351 2414 427 2436 cum
443 2414 529 2436 nova
545 2409 652 2445 nupta
677 2404 840 2444 Glycerio
864 2413 923 2434 no-

222 2457 325 2496 mine,
340 2455 461 2487 Eudici
478 2454 559 2493 filia,
576 2455 685 2495 prima
702 2454 815 2485 statim
838 2463 922 2494 nup-

222 2507 345 2537 tiarum
362 2512 478 2544 nocte,
494 2505 642 2544 collapso
661 2504 818 2535 thalamo.
848 2503 923 2535 Qua

221 2556 264 2586 de
281 2565 315 2587 re
329 2560 426 2587 extat
443 2556 601 2586 Graecum
617 2554 847 2595 Epigramma.

264 2608 326 2637 533
349 2606 565 2646 Lycophrona]
591 2606 656 2637 Hie
680 2615 756 2637 cuin
773 2606 814 2636 de
837 2605 922 2636 anti-

222 2664 364 2696 quorum
390 2655 568 2696 poetarum
594 2656 790 2696 principatu
814 2660 923 2687 certa-

222 2710 275 2736 ret
291 2705 417 2746 sagitta
443 2706 485 2737 ab
510 2706 704 2738 adversario
726 2706 814 2738 ictus
835 2706 923 2738 occi·

976 2059 1039 2090 dit.
1096 2057 1325 2090 Chalcidensis
1355 2056 1421 2088 fuit
1457 2055 1680 2089 Grannnatici

976 2108 1153 2150 cujusdam
1180 2107 1279 2139 filius.
1327 2107 1493 2138 Obscurae
1521 2111 1599 2137 sunt
1625 2106 1678 2137 hae

976 2159 1114 2199 fabulae,
1140 2168 1183 2189 ex
1209 2158 1332 2199 quibus
1354 2158 1491 2188 nomina
1515 2163 1574 2188 aut
1597 2156 1680 2188 nihil

977 2209 1091 2249 potius
1108 2213 1294 2248 captamus.

1020 2261 1083 2290 536
1109 2258 1254 2297 Creatus]
1280 2258 1452 2289 Pentheus
1474 2261 1539 2295 est,
1554 2257 1596 2287 de
1611 2265 1677 2296 quo

978 2308 1012 2337 in
1029 2308 1272 2347 superioribus,
1301 2317 1319 2337 a
1346 2306 1483 2336 furente
1513 2309 1620 2334 matre
1640 2308 1679 2338 et

977 2358 1075 2396 hujus
1091 2358 1259 2386 sororibus
1284 2356 1466 2386 dilaniatus
1481 2364 1488 2391 ;
1514 2354 1569 2383 ille
1586 2364 1676 2385 nam-

978 2415 1042 2446 que
1060 2405 1223 2436 Cadmum
1241 2405 1274 2434 in
1295 2404 1484 2433 Draconem
1507 2408 1676 2435 mutatum

978 2465 1074 2487 avum
1090 2455 1216 2486 habuit.

1019 2508 1082 2536 538
1107 2503 1243 2544 conjux]
1265 2503 1316 2533 De
1334 2512 1372 2533 ea
1389 2503 1545 2543 Hyginus
1559 2502 1626 2534 fab.
1642 2506 1676 2535 ⁷.

976 2556 1080 2587 Dirce
1108 2560 1218 2586 autem
1244 2554 1457 2593 intelligitur,
1483 2564 1580 2594 quani
1612 2554 1675 2586 Ze-

977 2606 1052 2636 thus
1079 2609 1114 2636 et
1144 2605 1314 2643 Amphion
1343 2613 1385 2634 ex
1418 2602 1571 2644 Antiope
1602 2603 1674 2634 nati

977 2660 1147 2686 taurorum
1182 2654 1397 2694 sylvestrium
1441 2653 1560 2684 caudis
1596 2652 1674 2684 ideo

976 2704 1227 2737 distrahendam
1244 2704 1473 2745 revinxerunt,
1487 2702 1577 2746 quod
1598 2711 1673 2734 con-
