1877 3193
513 195 666 226 Emsr.
703 194 767 225 EX
802 194 960 224 PoN‘ro
995 194 1090 225 mn.
1120 194 1184 225 iv.
1212 184 1279 225 14.
1512 187 1633 226 2743-

169 289 369 339 Quilibet
389 289 591 330 excutiat
610 289 748 330 nostri
768 293 1047 330 monumenta
1066 289 1228 330 laboris
1246 303 1256 340 3
1570 292 1625 331 :25

226 357 373 398 Litera
392 356 445 398 de
467 357 595 397 vobis
617 359 683 397 est
703 369 799 397 mea
820 360 975 409 questa
994 357 1112 398 nihil.

170 424 339 476 Frigus,
361 428 404 465 et
422 425 623 465 incursus
645 424 763 464 omni
783 423 836 463 de
856 427 978 475 parte
998 423 1233 471 timendos,

224 491 283 532 Et
303 492 424 545 quod
443 492 639 544 pulsetur
658 503 806 531 murus
828 491 884 530 ab
904 490 1046 537 hoste,
1069 502 1239 542 queror.

167 557 220 598 In
239 559 354 609 loca,
373 572 460 599 non
480 559 688 606 homines,
714 556 945 596 verissima
965 555 1150 596 crimina
1171 555 1280 595 dixi.

224 625 428 679 Culpatis
447 628 639 665 vestrum
659 635 738 662 vos
760 635 934 676 quoque
957 635 1076 676 saepe
1098 622 1254 663 solum.
1568 625 1623 664 :30

164 692 292 733 Esset
310 694 519 745 perpetuo
539 703 621 730 sua
638 702 770 743 quam
791 689 989 730 vitabilis
1009 689 1167 743 Ascra,

220 758 346 800 Ausa
365 762 433 799 est
450 758 656 810 agricolae
682 757 815 798 Musa
836 755 992 797 docere
1011 756 1143 797 senis.

163 826 226 868 At
245 826 383 867 fuerat
400 829 513 866 terra
532 825 717 877 genitus,
740 824 816 877 qui
835 824 1028 876 scripsit,
1050 824 1093 864 in
1112 823 1192 864 illa
1209 838 1217 863 ε

220 893 435 935 Intumuit
454 893 547 934 vati
571 905 650 934 nec
672 895 821 933 tamen
841 889 986 932 Ascra
1006 904 1104 932 suo.

164 959 278 1010 Quis
297 962 482 1014 patriam
502 960 659 1001 solerte
678 959 817 1012 magis
838 958 996 999 dilexit
1015 957 1181 998 Ulixe?
1567 959 1624 998 :35

220 1027 325 1069 Hoc
346 1032 496 1068 tamen
517 1027 734 1081 asperitas
754 1026 899 1067 indice
918 1029 1024 1066 nota
1042 1025 1129 1067 loci
1148 1030 1226 1066 est.

163 1094 268 1136 Non
285 1097 401 1146 loca,
422 1095 500 1136 sed
520 1107 662 1135 mores
682 1093 812 1134 dictis
833 1093 1014 1135 vexavit
1033 1094 1192 1134 amaris

218 1162 429 1216 Scepsius
450 1161 693 1212 Ausonios,
722 1165 912 1214 actaque
935 1160 1081 1201 Roma
1101 1173 1176 1201 rea
1195 1167 1275 1200 est.

162 1227 297 1269 Falsa
316 1232 459 1270 tamen
480 1240 617 1282 passa
638 1232 705 1269 est
721 1241 850 1281 aequa
870 1227 1074 1268 convicia
1093 1230 1253 1276 mente,

218 1293 373 1336 Obfuit
392 1296 559 1336 auctori
578 1308 660 1335 nec
682 1294 775 1335 fera
795 1294 945 1347 lingua
965 1305 1063 1334 suo.
1566 1292 1620 1332 40

159 1418 276 1447 vestras
290 1416 385 1447 sedes.
430 1415 542 1452 Quivis
568 1417 708 1456 inquirat
730 1416 763 1447 in
785 1420 982 1447 monumenta
997 1416 1097 1446 nostri
1111 1415 1235 1454 laboris,
1250 1424 1324 1445 meae
1339 1414 1439 1445 literoe
1457 1415 1535 1446 nihil
1549 1420 1620 1446 sunt

158 1462 271 1499 questae
286 1460 323 1490 de
337 1458 433 1490 vobis.
483 1460 659 1499 Conqueror
666 1458 787 1497 frigus,
803 1462 834 1488 et
848 1459 981 1498 impetus
986 1458 1205 1494 formidandos
1220 1467 1259 1487 ex
1274 1458 1356 1488 omni
1370 1456 1479 1495 latere,
1495 1462 1524 1488 et
1543 1461 1622 1498 quod

157 1502 268 1532 moenia
281 1502 463 1542 quatiantur
477 1501 516 1531 ab
531 1502 627 1532 hoste.
675 1501 782 1539 Olv'eci
803 1501 962 1532 verissima
982 1500 1113 1530 crimina
1135 1500 1167 1530 in
1191 1500 1267 1538 loca,
1289 1509 1348 1529 non
1364 1499 1509 1530 homines.
1561 1501 1621 1531 Vos

156 1545 253 1574 etium
268 1544 423 1574 damnatis
437 1553 516 1583 saepe
527 1546 663 1574 vestram
676 1546 805 1573 terram.
852 1543 947 1573 Musa
959 1542 1040 1573 senis
1054 1543 1198 1580 agricolae
1212 1551 1273 1572 non
1287 1542 1388 1572 verita
1405 1545 1451 1572 est
1463 1544 1621 1573 ostendere

158 1596 252 1626 quam
266 1586 365 1617 Ascra
380 1596 435 1616 sua
451 1589 528 1616 esset
552 1595 671 1625 semper
687 1585 856 1624 fugienda.
902 1585 948 1615 At
962 1585 1013 1624 qui
1027 1584 1154 1624 scripsit
1162 1584 1274 1623 fuerat
1288 1587 1379 1615 natus
1392 1584 1425 1614 in
1439 1584 1496 1615 illa
1509 1588 1595 1616 terra
1607 1596 1619 1622 ;

157 1638 251 1668 'neque
264 1632 367 1659 tamen
383 1629 483 1659 Ascra
506 1628 678 1658 insurrexit
693 1628 727 1658 in
743 1627 875 1658 Po'e‘tam
889 1637 989 1658 suum.
1037 1627 1115 1662 Quis
1130 1628 1231 1666 magis
1243 1627 1359 1657 amavit
1373 1636 1467 1657 suam
1480 1628 1621 1666 patriam

156 1670 245 1708 vafro
265 1669 399 1712 Ulysse?
446 1670 584 1701 Dur-itas
599 1670 657 1700 loci
673 1673 718 1701 est
733 1673 837 1700 lamen
850 1670 976 1708 cognita
998 1670 1050 1699 illo
1067 1669 1186 1707 judice.
1231 1670 1374 1709 Scepsius
1388 1679 1447 1699 uon
1459 1670 1619 1700 damnavit

157 1714 235 1751 loca,
261 1715 314 1743 sed
328 1722 427 1744 mores
443 1713 540 1744 Italos
564 1713 690 1752 scriptis
705 1712 833 1752 asperis,
856 1717 887 1742 et
905 1712 1005 1742 Roma
1028 1714 1172 1742 accusata
1185 1714 1251 1742 est:
1279 1711 1354 1742 tulit
1377 1713 1479 1742 tamen
1502 1712 1618 1751 probra

149 1756 236 1793 falsa
252 1765 339 1796 aequo
350 1756 452 1786 animo
462 1766 475 1792 ;
498 1765 592 1796 neque
604 1755 714 1794 lingua
729 1755 881 1786 maledica
892 1755 998 1786 nocuit
1012 1753 1134 1785 domino
1146 1764 1211 1785 suo.
1256 1755 1302 1785 At
1316 1754 1441 1795 iniquus
1462 1754 1620 1795 interpres

767 1844 1005 1856 eeeeeeeeeeee

155 1899 290 1920 monum.
307 1888 518 1920 doloris—28
540 1889 678 1930 Septem
693 1888 770 1919 libri
783 1890 862 1929 quod
884 1889 1026 1928 pulsatur
1040 1890 1204 1920 mun—31
1231 1888 1306 1919 Pol.
1325 1892 1361 1919 et
1379 1892 1448 1919 tres
1464 1888 1522 1919 alii
1537 1890 1616 1928 quod

155 1941 218 1972 pro
247 1942 348 1972 quam.
394 1932 482 1962 Tum
508 1941 591 1962 unus
614 1931 700 1962 liber
719 1931 905 1962 miserabilis
930 1931 971 1962 A.
996 1931 1053 1962 alii
1078 1930 1247 1970 mutabilis,
1270 1930 1521 1962 mirabitis—32
1547 1931 1613 1961 Ms.

155 1974 288 2005 Bersm.
302 1978 348 2006 est
363 1974 507 2014 Argolici
527 1975 659 2005 M.—30
682 1974 786 2004 Multi
798 1974 906 2011 judice
922 1983 983 2013 pro
1000 1974 1111 2004 indice.
1153 1974 1239 2004 Tum
1256 1973 1374 2004 Heius.
1392 1983 1434 2004 ex
1452 1974 1614 2012 Excerpt.

155 2015 282 2056 Scalig.
300 2021 335 2048 et
350 2026 409 2047 sex
431 2017 504 2047 aliis
520 2016 653 2056 recepit
668 2019 741 2046 nota
764 2025 824 2056 pro
841 2017 929 2056 vulg.
946 2016 1052 2051 dicim
1075 2016 1143 2046 Ms.
1160 2016 1291 2046 Bersm.
1308 2017 1419 2051 docta;
1442 2016 1616 2046 Feschian.

155 2062 192 2089 et
207 2057 307 2089 Voss.
326 2058 429 2096 sacta.
475 2059 552 2090 Duo
579 2060 684 2089 etiam
711 2058 789 2088 libri
813 2059 870 2088 soli
897 2068 958 2098 pro
986 2058 1139 2089 loct—37
1163 2058 1270 2088 Dictis
1286 2067 1327 2089 ex
1344 2058 1421 2089 Pol.
1448 2062 1484 2089 et
1505 2058 1614 2089 tribus

156 2100 231 2131 aliis
246 2101 364 2132 Burm.
379 2101 531 2132 restituit
549 2112 557 2140 3
577 2101 665 2141 vulg.
680 2101 906 2141 scriptis—38
930 2100 1023 2132 Libri
1045 2105 1129 2131 vett.
1157 2100 1296 2141 Septius,
1321 2100 1458 2141 Sepsiw,
1473 2101 1615 2142 Sepicus,

811 2186 949 2218 NOTAE

196 2252 236 2282 31
263 2250 372 2291 Esset]
408 2251 586 2292 Exemplis
602 2252 751 2283 ostendit
767 2251 799 2282 in
817 2261 856 2282 eo

152 2300 237 2332 nihil
260 2301 340 2332 mali
368 2310 445 2332 esse
459 2300 550 2342 quod
571 2302 646 2333 loca
669 2302 732 2333 sibi
747 2302 857 2333 invisa

152 2350 375 2383 damnaverit.

196 2402 310 2442 Ascra]
332 2402 475 2433 Boeotiae
502 2401 568 2432 fuit
593 2402 701 2441 vicus,
728 2402 761 2434 in
784 2402 856 2433 solo

152 2452 260 2484 sterili
277 2457 313 2484 et
330 2462 465 2493 aspero,
481 2451 621 2483 Hesiodi
639 2452 758 2493 patria.

193 2505 235 2534 82
259 2503 434 2543 Agricolae]
465 2502 555 2535 Quia
579 2502 622 2534 de
646 2503 856 2543 agricultura

152 2553 301 2593 scripsit.

196 2604 236 2633 33
256 2603 405 2642 Geniius]
423 2602 557 2643 Quique
571 2603 656 2635 adeo
670 2614 748 2638 suos
762 2605 853 2637 cives

152 2652 280 2685 laedere
297 2653 406 2684 minus
423 2653 555 2685 debuit.

197 2706 238 2735 ³4
263 2702 433 2743 Intumuit]
455 2703 570 2734 Iratus
587 2707 652 2735 est.

196 2754 238 2784 ³6
261 2752 363 2793 Nota]
388 2752 490 2794 Apud
508 2752 708 2795 Homerum,
723 2755 793 2788 scil.
810 2756 853 2788 de

911 2251 1040 2282 Ithacae
1055 2251 1175 2291 patriae
1185 2250 1371 2291 asperitate
1382 2254 1417 2281 et
1431 2250 1613 2282 sterilitate

910 2301 1132 2342 conqueritur
1147 2310 1252 2342 saepe.

953 2355 993 2384 37
1010 2352 1070 2383 Sed
1082 2352 1194 2392 mores]
1210 2352 1309 2385 Quod
1323 2351 1431 2391 majus
1446 2356 1499 2383 est
1512 2361 1611 2391 quam

909 2402 952 2434 de
966 2403 1049 2434 locis
1066 2403 1240 2444 conqueri.

953 2456 994 2484 38
1009 2452 1164 2493 Scepsius]
1192 2451 1418 2491 Philosophus
1434 2459 1476 2481 an
1493 2449 1609 2491 poeta,

910 2508 969 2534 aut
987 2502 1059 2543 quis
1075 2503 1128 2532 hic
1146 2501 1261 2539 fuerit,
1280 2510 1347 2531 non
1362 2500 1481 2541 liquet.

951 2550 1120 2590 Ausonios]
1143 2552 1322 2581 Romanos.

952 2602 1033 2633 Acta
1048 2599 1115 2640 rea]
1140 2600 1321 2640 Accusata,
1337 2599 1427 2641 quod
1444 2599 1610 2641 deprava·

909 2653 951 2684 tis
967 2651 1125 2683 moribus.

951 2706 993 2736 39
1027 2702 1136 2743 Falsa]
1169 2702 1258 2734 Quia
1281 2700 1369 2733 salsa.
1396 2700 1608 2742 praedicabat

907 2753 1084 2796 Scepsium
1125 2751 1294 2794 siquidem
1323 2755 1439 2785 tamen
1475 2752 1607 2785 Nasoni
