1877 3193
218 175 333 218 2822
708 193 749 221 P.
783 191 943 222 ovmu
976 192 1192 225 NAsoNJs

218 280 312 325 Aut
332 287 380 325 ut
399 282 695 326 Anaxarchus
714 285 805 338 pila
824 287 1034 328 minuaris
1055 289 1096 328 in
1118 289 1224 341 alta,

276 350 464 406 Ictaque
484 365 563 405 pro
586 352 740 394 solidis
760 354 960 407 frugibus
981 369 1083 397 ossa
1104 362 1267 400 sonent.

219 416 370 472 thue
386 424 555 472 patrem
578 419 852 473 Psamathes,
875 424 1034 466 condat
1055 428 1097 465 te
1120 426 1323 468 Phoebus
1339 426 1383 467 in
1403 427 1493 470 ima

276 486 489 538 Tartara;
522 487 641 540 quod
663 493 782 530 natae
804 489 970 531 fecerat
990 492 1062 533 ille
1082 506 1192 534 suae.

222 552 359 606 Inque
379 556 474 594 tuos
494 567 548 595 ea
569 556 710 607 pestis
732 559 819 605 eat,
841 570 973 609 quam
990 558 1146 600 dextra
1169 559 1380 602 Choroebi

281 619 414 670 Vicit,
436 634 566 675 opem
585 622 759 662 miseris
782 622 1090 678 Argolicisque
1112 628 1227 668 tulit.

220 686 368 740 thue
389 701 528 741 nepos
549 690 735 740 AEthrae,
753 690 936 732 Veneris
952 693 1173 744 periturus
1197 695 1253 734 ob
1269 695 1394 745 iram,

276 754 395 795 Exul
414 756 470 796 ab
492 758 690 799 attonitis
713 758 954 799 excutiaris
975 759 1113 812 equiS.

1597 429 1682 471 575

1594 762 1682 803 580

225 896 279 927 Vel
295 899 328 927 ut
344 896 553 929 Anaxarchus
567 899 711 930 tumlarz‘s
734 900 768 930 in
783 901 884 940 amplo
898 902 1057 939 mortario,
1079 903 1109 932 et
1126 911 1192 932 ossa
1207 901 1286 932 trita
1301 902 1467 942 strepitum
1485 902 1612 940 faciant
1625 911 1683 942 pro

217 940 319 969 solitis
325 938 486 978 frugibus.
530 941 632 981 Atque
647 942 757 982 Apollo
774 946 803 973 te
824 944 933 973 mittat
947 945 987 974 ad
1003 943 1125 981 Iaseros
1138 948 1173 974 ut
1186 948 1307 984 patrem
1323 945 1518 984 Psamathes,
1539 946 1617 984 quod
1632 945 1683 975 ille

210 981 423 1023 seceratfiliae
437 993 511 1013 sace.
559 985 604 1014 Et
618 984 695 1015 illud
711 988 883 1015 monstrum
898 986 1038 1016 incurrat
1059 987 1092 1017 in
1116 990 1196 1026 tuos,
1222 988 1300 1027 quod
1316 997 1422 1018 ananus
1440 987 1581 1018 Choroebz'
1596 996 1683 1026 supe-

216 1025 312 1063 ravit,
334 1029 365 1056 et
375 1026 507 1066 praebuit
520 1027 674 1058 auxilium
688 1028 809 1059 miseris
823 1029 990 1067 Argolicis.
1034 1030 1080 1059 Et
1094 1031 1175 1060 sicut
1189 1040 1280 1070 nepos
1294 1030 1427 1070 AEthroe,
1441 1030 1595 1071 profugus
1609 1028 1686 1067 deji-

216 1067 311 1098 ciaris
326 1068 364 1099 ab
379 1069 464 1109 equis
490 1070 664 1110 exterritis,
690 1071 860 1101 moriturus
877 1075 1005 1112 propter
1019 1071 1268 1111 indIgnationem
1289 1073 1428 1105 Veneris.
1472 1073 1561 1103 Sicut
1576 1072 1684 1112 hospes

830 1155 1068 1167 aeaeaeaeaeaeaeaeaeaeaeae

219 1209 324 1237 -573
349 1207 389 1238 R.
406 1208 485 1240 Pet.
503 1212 539 1240 et
555 1210 703 1251 quinque
720 1211 777 1242 alii
806 1212 837 1242 in
854 1213 938 1249 ima,-
962 1213 1014 1244 Sa.
1032 1216 1067 1244 et
1091 1222 1150 1243 sex
1166 1213 1199 1244 z'n
1222 1215 1403 1244 unm—574
1426 1212 1514 1243 Tres
1529 1219 1605 1242 cum
1627 1209 1687 1241 Fr.

217 1253 253 1279 et
269 1259 320 1288 pr.
338 1250 400 1281 Ed.
416 1252 570 1292 Lectaque
582 1263 632 1292 pr.
647 1254 765 1285 Heius.
779 1255 869 1295 conj.
884 1256 1068 1295 Fractaque.
1092 1255 1161 1286 Alii
1177 1255 1281 1287 etiam
1295 1266 1354 1296 pro
1369 1255 1467 1286 solitis
1471 1254 1624 1294 fr.--576
1641 1253 1683 1284 In

220 1291 367 1330 vulgatis
384 1299 458 1323 erat
484 1294 649 1331 Sameum,·
672 1297 730 1326 sed
754 1298 762 1313 ‘
782 1298 894 1328 scribe
922 1299 1109 1328 Psamathes
1125 1308 1167 1328 ex
1198 1298 1349 1330 Photi0.'
1370 1298 1484 1328 Heius.
1509 1297 1538 1328 Ι.
1554 1301 1589 1326 et
1605 1305 1683 1336 qua-

219 1338 297 1363 tuor
312 1333 473 1370 Samacis;
499 1337 577 1366 Pet.
594 1337 736 1368 Samates
749 1349 760 1369 .-
784 1339 850 1369 duo
874 1339 978 1369 etiam
995 1340 1150 1370 Salmacis
1164 1344 1255 1379 atque
1268 1345 1401 1380 patrem.
1427 1341 1511 1370 Mox
1528 1338 1683 1369 Gallicus

219 1375 277 1405 nb.
301 1375 333 1406 in
359 1376 544 1408 alta—576
567 1379 662 1409 Unus
692 1380 811 1410 Heius.
838 1390 906 1419 quoe
930 1391 991 1420 pro
1017 1383 1215 1420 quom—579
1239 1382 1406 1412 Perituros
1421 1391 1464 1411 ex
1488 1380 1683 1410 melioribus

219 1418 339 1450 Heius.
355 1419 535 1460 rescripsit
550 1430 613 1460 pro
637 1421 729 1461 vulg.
744 1423 934 1453 moriturus.-
957 1422 1046 1453 Edu.
1060 1422 1219 1461 quaedam
1242 1428 1279 1454 et
1294 1423 1416 1462 scripti
1439 1426 1572 1462 septem
1588 1423 1682 1453 mori-

878 1517 1024 1549 NOTAE

219 1609 285 1642 que
302 1600 480 1641 cujusdam
503 1600 607 1642 piscis
635 1607 802 1634 venenata
827 1603 924 1644 spina

221 1660 290 1692 qua
314 1651 522 1683 instructum
550 1650 616 1684 fuit
641 1653 802 1694 Telegoni
823 1653 924 1694 jacu-

218 1702 289 1733 lum
313 1712 377 1743 per
392 1704 573 1734 tumultum
588 1704 787 1735 transfixum
809 1703 924 1745 fuisse,

221 1761 299 1790 cum
322 1752 377 1783 hic
403 1762 445 1783 ex
462 1752 560 1784 Circe
586 1754 628 1785 ab
656 1755 714 1786 illo
744 1759 923 1796 susceptus

220 1805 353 1841 patrem
370 1812 465 1833 suum
481 1812 548 1834 non
564 1808 733 1836 nosceret.

263 1854 325 1883 571
349 1852 495 1893 Loquax]
526 1853 629 1885 Hunc
644 1853 754 1885 locum
771 1855 925 1895 explicat

221 1901 413 1934 Politianus
434 1903 469 1934 in
484 1904 728 1944 Miscellaneis‚
745 1909 781 1936 et
797 1906 839 1937 ad
855 1905 924 1938 An-

221 1953 340 1984 ticlum
356 1954 525 1994 quendam
545 1954 663 1994 refert,
685 1956 756 1997 qui,
773 1966 850 1988 cum
871 1966 925 1988 ce-

221 2004 305 2035 teris
330 2004 462 2036 Graecis
485 2015 572 2047 equo
593 2006 738 2038 durateo
763 2007 925 2046 inclusus,

221 2054 265 2085 ad
282 2064 399 2086 vocem
423 2056 568 2088 Helenae
591 2057 780 2090 simulantis
804 2068 927 2090 sermo-

222 2113 300 2135 nem
317 2110 353 2136 et
367 2106 471 2137 verba
484 2107 596 2138 uxoris
611 2107 700 2139 illius
713 2108 924 2148 respondere

223 2154 343 2185 voluit.
398 2156 467 2188 Sed
497 2158 539 2189 ab
566 2157 690 2198 Ulysse
707 2168 748 2189 eo
766 2168 871 2200 usque
889 2159 926 2189 il-

222 2202 286 2233 lius
314 2202 428 2234 fauces
460 2216 675 2248 compress-ee,
699 2209 810 2241 donec
849 2219 925 2241 cum

224 2261 307 2283 voce
323 2262 390 2283 una
406 2258 442 2284 et
456 2256 558 2286 vitam
575 2258 763 2299 amitteret,
784 2263 926 2290 auctore

223 2300 471 2341 Tryphiodoro.

266 2354 329 2382 573
352 2351 574 2394 Anaxarchus]
588 2354 629 2385 In
644 2353 840 2386 Anaxarchi
857 2356 926 2387 vita

225 2401 333 2433 tradit
348 2402 505 2434 Laertius
528 2403 731 2435 Abderitam
754 2404 868 2444 fuisse,
889 2409 926 2436 et

224 2452 460 2484 Alexandrum
477 2458 642 2485 secutum.
684 2454 854 2486 Habuisse
870 2465 924 2486 au·

226 2508 294 2534 tem
309 2502 479 2535 inimicum
498 2504 765 2536 Nicocreontem
782 2505 926 2546 Cyprio·

226 2563 299 2584 rum
337 2558 529 2595 tyrannum.
578 2555 730 2586 Proinde
764 2565 840 2587 cum
870 2555 930 2586 ali-

225 2605 361 2647 quando
377 2616 452 2636 cum
478 2605 674 2637 Alexandro
697 2611 861 2646 coenaret,
888 2607 929 2638 is-

227 2664 294 2696 que
324 2655 366 2686 de
402 2656 548 2687 convivii
583 2661 751 2697 apparatu
778 2656 930 2688 Anaxar-

226 2706 328 2736 chum
350 2705 591 2747 interrogarct‚
619 2707 833 2747 respondisse
861 2716 929 2738 om·

225 2756 283 2788 uia
296 2756 389 2788 laute
405 2759 508 2797 atque
520 2755 652 2788 affatim
664 2760 832 2798 apparata
842 2766 931 2798 esse,

977 1606 1208 1644 praeterquam
1220 1602 1311 1644 quod
1324 1604 1427 1643 caput
1440 1601 1593 1642 Satrapae
1606 1601 1684 1644 (Ni-

978 1658 1195 1686 cocreontem
1210 1651 1370 1694 innuens)
1387 1662 1452 1684 non
1469 1652 1586 1683 eodem
1602 1653 1683 1700 alla-

977 1710 1050 1736 tum
1065 1709 1167 1737 esset.
1213 1704 1314 1735 Hanc
1341 1713 1458 1734 vocem
1482 1708 1601 1743 postea
1622 1703 1684 1734 Ni-

977 1760 1193 1787 cocreontem
1205 1759 1341 1786 mortuo
1354 1753 1551 1785 Alexandro
1564 1754 1685 1792 ultum,

979 1808 1081 1846 atque
1109 1804 1349 1836 Anaxarchum
1376 1807 1581 1843 tempestate
1603 1813 1683 1844 qua-

978 1853 1056 1885 dam
1081 1854 1123 1885 ad
1152 1854 1304 1895 Cyprum
1328 1853 1507 1894 appulsum
1532 1862 1685 1893 compre-

977 1904 1150 1942 hendisse,
1171 1908 1207 1935 et
1229 1903 1299 1944 pila
1317 1912 1376 1934 seu
1398 1902 1558 1933 mortario
1579 1902 1687 1942 impo-

977 1954 1079 1986 situm
1112 1953 1247 1995 pistillis
1278 1952 1398 1984 sei-reis
1421 1951 1586 1983 contundi
1608 1951 1682 1992 jus-

980 2005 1074 2036 sisse.
1120 2005 1322 2045 Quanquam
1357 2002 1414 2034 ille
1449 2011 1516 2032 non
1550 2011 1586 2033 se
1623 2001 1683 2032 sed

979 2054 1112 2086 culeum
1129 2063 1224 2085 suum
1240 2052 1338 2084 tundi
1355 2061 1460 2093 usque
1475 2050 1632 2083 asseruit.

1021 2107 1084 2136 574
1109 2103 1281 2143 Frugibus]
1330 2103 1430 2142 Quae,
1469 2100 1617 2142 scilicet,
1649 2100 1682 2133 in

980 2155 1140 2187 mortario
1157 2153 1401 2185 tundebantur.

1022 2209 1083 2238 575
1109 2206 1241 2236 Patrem
1271 2202 1471 2242 Psamathes]
1511 2203 1682 2242 Crotopus

980 2259 1044 2296 est,
1070 2255 1165 2295 cujus
1195 2253 1401 2285 crudelitate
1429 2253 1553 2284 Linum
1576 2250 1684 2281 infau-

980 2310 1050 2337 teni
1065 2304 1260 2344 expositum
1287 2307 1323 2334 et
1348 2312 1368 2333 a
1395 2301 1535 2333 canibus
1555 2300 1684 2330 lacera·

979 2358 1050 2385 tum
1066 2363 1170 2392 supra
1186 2353 1342 2383 vidimus.

1021 2404 1082 2433 577
1106 2400 1227 2439 Pestis]
1265 2400 1321 2429 De
1351 2401 1501 2428 monstro
1533 2397 1681 2438 quodam

979 2450 1189 2490 intelligunt,
1211 2448 1301 2490 quod
1324 2446 1409 2478 filios
1433 2450 1580 2478 matrum
1606 2447 1683 2479 sinu

979 2502 1128 2533 educens
1159 2503 1261 2540 atque
1301 2497 1466 2528 devorans
1495 2497 1681 2530 Choroebm

981 2551 1167 2590 interfecit,
1182 2552 1219 2580 ut
1233 2558 1275 2580 ex
1288 2548 1398 2579 Statio
1414 2547 1598 2588 colligitur.

1025 2605 1088 2634 578
1110 2599 1280 2640 Argolicis]
1325 2598 1403 2630 Toti
1440 2597 1681 2638 Peloponneso

981 2652 1140 2684 infestum
1168 2649 1272 2681 fuisse
1299 2648 1384 2680 illud
1412 2651 1601 2680 monstrum
1624 2656 1682 2680 vo·

979 2703 1066 2735 lunt.

1022 2754 1085 2784 679
1108 2751 1213 2792 Nepos
1227 2748 1364 2790 AEthroe]
1385 2746 1597 2790 Hippolytus
1610 2750 1680 2788 est,
