1877 3193
646 179 891 210 TRISTIUM
927 179 1022 209 Lm.
1054 168 1188 211 1v.8.

1533 172 1648 214 2415

192 273 267 316 Sic
288 274 433 328 igitur,
456 273 579 315 tarda
599 273 714 314 vires
735 275 950 314 minuente
972 275 1164 322 senecta,

251 341 326 382 Me
343 354 518 394 quoque
537 340 687 380 donari
705 341 797 393 jam
819 341 938 389 rude,
962 346 1136 393 tempus
1156 342 1260 380 erat.

189 407 380 461 Tempus
403 413 508 456 crat,
530 420 608 447 uec
630 420 696 446 me
716 408 981 459 peregrinum
1004 407 1162 446 ducere
1185 405 1363 456 coelum,

249 475 346 516 Nec
365 477 524 515 siccam
549 473 703 514 Getico
724 474 841 513 fonte
862 474 1003 513 levare
1025 474 1145 512 sitim
1162 486 1171 513 ε

191 543 278 583 Sed
301 543 445 590 modo,
466 554 577 594 quos
596 541 747 588 habui,
772 553 958 580 vacuum
980 539 1182 580 secedere
1203 540 1250 579 in
1268 539 1417 582 hortos
1435 554 1445 582 ε

247 609 376 650 Nunc
396 609 618 648 hominum
641 608 740 648 visu
758 620 908 647 rursus
930 612 974 647 et
995 607 1112 647 Urbe
1133 607 1232 649 frui.

191 677 264 718 Sic
285 677 427 717 animo
450 676 669 728 quondam
691 688 778 716 non
799 675 1024 716 divinante
1044 675 1191 716 futura

246 743 467 797 Optabam
489 743 663 797 placide
684 744 828 785 vivere
848 757 982 797 posse
1005 756 1154 783 senex.

1588 741 1644 783 30

190 810 298 851 Fata
317 814 628 864 repugnarunt:
660 825 773 864 quae,
795 824 894 851 cum
915 810 1020 849 mihi
1042 814 1237 863 tempora
1256 809 1396 862 prima

244 876 399 917 Mollia
421 878 696 930 praebuerint,
719 878 956 930 posteriora
976 880 1170 929 gravant.

185 943 388 998 Jamque,
411 944 560 984 decem
579 945 724 984 lustris
745 945 860 984 omni
882 945 973 985 sine
993 944 1091 985 labe
1113 945 1321 998 peractiS,

245 1011 376 1051 Parte
399 1025 568 1064 premor
588 1013 689 1052 vitae
714 1012 922 1053 deteriore
942 1025 1067 1054 meae.

184 1164 252 1192 erat
268 1171 315 1192 me
330 1162 423 1192 etiam
431 1161 498 1199 jam
512 1162 621 1193 donari
637 1164 723 1201 rude,
737 1164 889 1193 senectute
901 1163 984 1193 lenta
991 1162 1165 1199 frangente
1176 1161 1267 1191 vires.

1318 1160 1447 1199 Tempus
1461 1163 1539 1197 erut,
1551 1169 1643 1199 neque

186 1213 234 1234 me
248 1204 350 1234 ‹1'e'rem
366 1205 491 1235 haurire
513 1208 707 1243 extraneum,
734 1214 830 1243 neque
856 1205 963 1234 sedare
977 1204 1065 1234 sitim
1082 1203 1202 1233 aridam
1227 1202 1417 1240 scaturigine
1434 1202 1566 1232 Getica.-
1591 1203 1643 1232 sed

185 1255 264 1276 nunc
278 1247 407 1276 otiosum
424 1257 469 1277 me
485 1248 620 1286 recipere
634 1247 667 1277 in
688 1247 793 1277 hortos
806 1256 879 1286 quos
895 1245 998 1283 habui,
1022 1255 1099 1276 nunc
1114 1246 1210 1276 denuo
1227 1245 1298 1282 frui
1313 1248 1472 1284 conspectu
1487 1245 1642 1274 hominum

184 1292 276 1328 atque
296 1289 386 1320 Urbe.
432 1290 484 1319 lta
510 1289 582 1319 olim
606 1288 747 1319 coz-eham
772 1297 858 1327 posse
884 1288 986 1318 vivere
1013 1288 1124 1319 leniter
1146 1292 1308 1328 provectus
1330 1291 1436 1323 oetate,
1461 1290 1561 1317 mente
1582 1296 1642 1316 non

182 1332 362 1369 providente
382 1334 524 1361 ventura,
570 1331 652 1361 Fata
672 1330 916 1371 prohibuerunt;
938 1341 1004 1370 quae
1027 1340 1096 1361 cum
1118 1330 1258 1361 dederint
1282 1330 1360 1361 mihi
1381 1331 1484 1370 prima
1506 1332 1643 1368 tempora

183 1372 275 1412 lenia,
288 1373 445 1412 sequentia
460 1373 585 1404 molesta
598 1377 680 1405 sune.
724 1374 857 1414 Jamque
868 1374 969 1404 decem
981 1374 1089 1404 lustris
1099 1373 1247 1404 absolutis
1259 1374 1327 1404 sine
1338 1374 1421 1404 omni
1434 1376 1518 1409 nota,
1532 1380 1643 1410 urgeor

794 1477 1027 1489 “emmas“

183 1557 218 1584 et
241 1552 329 1584 Edd.
345 1554 440 1583 armis
465 1562 525 1593 pro
549 1554 739 1584 annis.——22
763 1553 906 1584 Plurimi
933 1564 1011 1585 arm.
1037 1555 1214 1585 Deos.—23
1237 1553 1317 1584 Jun.
1335 1552 1430 1583 Leid.
1448 1554 1482 1582 et
1502 1551 1633 1582 Bersm.

182 1597 288 1625 tardas
305 1605 366 1635 pro
380 1597 480 1626 tarda.
523 1596 605 1626 Tum
624 1601 707 1626 vett.
726 1596 812 1626 Edd.
829 1597 889 1627 vir.
906 1597 1059 1628 adimente
1073 1599 1226 1628 sem—26
1250 1597 1292 1626 R.
1316 1599 1351 1625 et
1366 1595 1432 1625 duo
1449 1595 1521 1624 sice.
1535 1594 1640 1632 gelido

175 1637 260 1675 font.
277 1648 361 1667 unus
379 1638 534 1677 Scythico,
547 1639 628 1668 Mox
646 1638 725 1669 Jun.
742 1645 776 1669 et
792 1638 888 1669 Leid.
908 1639 993 1677 sont.
1010 1641 1110 1670 luz-are
1125 1639 1265 1670 sia—27
1282 1638 1345 1669 Be.
1362 1637 1425 1668 Sed
1441 1646 1555 1676 quoque
1567 1646 1641 1676 quos

183 1679 273 1709 habui
287 1690 395 1710 vacuos
406 1682 501 1711 seced.
525 1681 660 1720 plurimi
678 1681 781 1712 etiam
806 1681 862 1711 alii
880 1691 954 1712 cum
972 1683 1062 1720 vulg.
1085 1691 1216 1713 vacuos.-
1238 1685 1292 1711 est
1306 1690 1436 1711 vacuum
1451 1689 1492 1709 cx
1509 1679 1640 1710 emend.

183 1721 303 1751 Heius.
322 1722 401 1753 Jun.
425 1723 465 1753 R.
490 1726 525 1753 et
551 1733 601 1762 pr.
631 1722 693 1754 Ed.
721 1724 754 1754 in
783 1733 846 1764 pro
874 1727 1003 1755 et.—30
1028 1720 1149 1755 Heins.
1172 1723 1322 1754 malebat
1341 1724 1494 1762 Optaram
1507 1722 1586 1760 plac.
1604 1726 1640 1752 et

183 1763 314 1794 Bersm.
331 1765 397 1795 Ms.
415 1765 550 1797 exhibet
563 1766 683 1805 placido
699 1768 845 1798 vim—31
874 1767 943 1798 Pro
968 1777 1035 1798 cum
1058 1767 1134 1798 mihi
1152 1767 1233 1798 Lov.
1255 1766 1492 1807 quamvis.—32
1516 1765 1578 1795 Be.
1603 1768 1639 1794 ct

832 1886 977 1919 NOTAE

182 1965 358 2003 postquam
377 1971 435 1991 suo
452 1960 561 1991 officio
578 1962 655 1991 olim
666 1960 801 1993 functus
820 1966 883 1992 est.
939 1962 1116 2002 spatiosos,
1144 1962 1362 2003 interpretati
1379 1964 1470 1999 sunt,
1494 1964 1564 2000 aut,
1581 1960 1638 1992 do-

225 2014 266 2044 22
290 2010 401 2050 Ponit]
428 2011 591 2042 Solebant
609 2021 690 2042 vero
708 2015 743 2042 et
758 2011 884 2043 milites
938 2012 1029 2043 mino
1046 2018 1214 2042 carentes,

980 2064 1021 2092 32
1048 2061 1206 2100 Grai-ant]
1231 2060 1357 2093 Gravia
1374 2064 1477 2101 atque
1493 2061 1637 2092 molesta

937 2110 1080 2142 faciunt.

182 2064 218 2090 et
247 2060 448 2100 gladiatores
474 2060 548 2091 Deo
576 2060 722 2100 cuipiam
750 2061 884 2091 emeriti

182 2115 241 2141 aut
279 2110 361 2140 rude
392 2111 507 2140 donati
542 2120 635 2140 arma
665 2111 882 2151 suspendere.

181 2160 271 2190 Hinc
291 2160 500 2190 Horatianus
527 2160 584 2190 ille
607 2160 615 2176 ‘
634 2159 804 2198 Veianius,
830 2170 880 2191 ar-

181 2209 242 2240 mis
273 2210 430 2240 Herculis
460 2209 502 2239 ad
531 2213 664 2249 postem
681 2209 768 2247 fixis,
792 2210 879 2241 latet

180 2260 315 2291 abditus
331 2259 436 2299 agro)

221 2315 261 2343 23
303 2312 419 2352 Tarda]
457 2313 542 2345 Quae
575 2311 691 2344 tardos
722 2311 805 2344 facit
842 2317 878 2344 et

180 2372 310 2403 graves.

221 2415 262 2444 24
288 2413 391 2453 Rude]
417 2413 522 2453 Virga
539 2417 611 2444 erat
627 2413 794 2453 impolita,
811 2423 877 2454 qua

181 2461 381 2500 gladiatores
398 2463 613 2494 donabantur
633 2464 779 2504 spectati
796 2464 876 2495 satis

183 2519 258 2541 cum
272 2512 305 2541 in
322 2513 509 2543 libertatern
527 2513 797 2544 vindicabantur.

224 2562 263 2590 25
288 2561 407 2592 Ducere
421 2564 541 2604 coelum]
565 2563 656 2595 Aere
671 2564 747 2595 frui.

224 2611 266 2639 27
287 2609 434 2650 Vacuum]
451 2613 550 2644 Quod
567 2614 612 2644 ibi
630 2624 756 2646 vacuus
773 2618 875 2656 atque

181 2659 308 2690 otiosus
338 2661 545 2700 voluptatem
574 2673 616 2694 ex
652 2665 770 2696 studiis
807 2665 875 2695 suis

183 2712 324 2749 caperet
351 2708 472 2741 Poeta.
519 2710 587 2742 Alii
623 2723 745 2757 vacuos,
775 2714 876 2757 quod,

979 2164 1019 2191 33
1053 2162 1167 2191 Decem
1194 2160 1315 2199 lustris]
1350 2160 1511 2200 Adeoque
1541 2160 1636 2200 quin-

934 2211 1166 2251 quagesimum
1181 2220 1303 2241 annum
1321 2211 1415 2241 Naso
1432 2209 1573 2249 agebat3
1594 2210 1637 2240 si-

933 2260 1084 2301 quidem,
1117 2264 1156 2291 ut
1190 2260 1393 2291 doctissimis
1426 2260 1526 2290 etiam
1556 2260 1635 2291 viris

932 2311 1109 2352 placitum,
1136 2312 1278 2341 lustrum
1305 2310 1422 2341 Poetis
1444 2310 1635 2350 praesertim

934 2361 1082 2402 quinque
1112 2371 1275 2392 annorum
1300 2360 1446 2401 spatium
1467 2361 1634 2400 complec-

932 2413 1028 2443 titur.

974 2465 1013 2493 34
1039 2461 1220 2501 Deteriore]
1245 2461 1253 2477 ‘
1272 2460 1364 2491 AEtas
1381 2460 1468 2489 enim
1486 2462 1561 2498 post
1577 2467 1633 2488 an-

931 2522 1009 2542 num
1025 2511 1336 2553 quinquagesimum
1352 2510 1438 2538 solet
1450 2517 1522 2537 csse
1539 2507 1633 2538 dete-

931 2562 1019 2602 rior‚’
1046 2561 1155 2602 inquit
1180 2562 1446 2590 Commentator.
1496 2557 1629 2597 Nugae:

930 2622 1039 2653 neque
1072 2612 1104 2641 id
1137 2611 1258 2650 agitur.
1305 2608 1519 2640 Demi-iorem
1549 2608 1629 2639 vitae

931 2666 1062 2702 partem
1079 2661 1231 2702 queritur
1256 2658 1375 2700 Poeta,
1391 2668 1490 2701 quam
1510 2658 1542 2689 in
1560 2658 1630 2689 exi-

930 2713 975 2743 lio
990 2711 1115 2752 degere
1130 2710 1273 2751 cogitur.
