1877 3193
213 181 328 224 2600
700 195 741 225 P.
773 194 931 224 ovlnu
964 192 1177 226 NASONrs

216 286 352 328 Nulla
373 286 498 328 Getis
518 290 610 327 toto
630 300 732 339 gens
755 291 822 327 est
842 287 1121 328 truculentior
1141 288 1245 329 orbe
1263 302 1273 329 :

272 353 359 394 Sed
379 358 519 394 tamen
539 354 583 393 hi
602 354 762 393 nostris
783 354 1026 406 ingemuere
1046 355 1193 395 malis.

216 419 329 470 Quae
352 421 430 460 tibi
452 421 489 460 si
511 421 691 460 memori
714 433 845 460 coner
865 422 1134 473 perscribere
1155 434 1297 471 versu,

271 487 380 528 Ilias
401 491 467 527 est
482 487 586 527 satis
605 489 733 539 longa
753 488 898 528 futura
916 489 1038 528 meis.

215 553 318 594 Non
337 555 464 605 igitur
484 567 647 604 vereor,
670 555 787 607 quod
810 560 852 594 te
872 568 967 594 rear
989 567 1089 594 esse
1111 556 1363 606 verendum,
1612 557 1671 599 35

272 621 409 675 Cujus
428 634 551 661 amor
572 622 697 661 nobis
718 623 902 673 pignora
923 621 1039 660 mille
1061 620 1182 660 dedit
1200 635 1208 661 :

214 687 301 729 Sed
323 687 425 740 quia
443 699 513 726 res
535 686 689 726 timida
709 691 779 726 est
799 687 940 726 omnis
961 687 1118 737 miser3
1152 692 1197 727 et
1218 690 1324 742 quia
1345 690 1473 742 longo

270 753 489 806 Tempore
509 753 678 793 laetitiae
694 751 832 804 janua
853 752 1006 792 clausa
1026 757 1134 792 meae
1161 758 1240 795 est.

213 819 317 860 Jam
337 819 463 860 dolor
485 820 528 858 in
549 831 711 858 morem
732 818 854 858 venit
874 830 1023 858 meus:
1056 821 1193 870 utque
1215 820 1392 862 caducis

273 886 497 927 Percussu
515 886 666 926 erebro
687 897 798 925 saxa
814 889 1021 925 cavantur
1042 885 1170 937 aquis
1187 898 1198 937 ;
1616 891 1674 931 40

215 953 290 994 Sic
313 966 392 1005 ego
414 953 620 994 continuo
645 952 845 993 Fortunae
866 952 1066 993 vulneror
1088 953 1178 993 ictu
1196 966 1206 993 t

273 1019 455 1072 Vixque
475 1019 606 1061 habet
625 1020 669 1059 in
691 1020 821 1061 nobis
834 1020 929 1074 jam
949 1032 1064 1060 nova
1084 1021 1216 1073 plaga
1235 1020 1395 1064 locum.

217 1086 314 1128 Nec
335 1088 476 1140 magis
496 1087 675 1128 assiduo
696 1100 846 1128 vomer
867 1090 1064 1129 tenuatur
1084 1088 1139 1128 ab
1161 1100 1260 1137 usu,

274 1155 371 1197 Nec
390 1158 530 1208 magis
552 1161 622 1196 est
644 1157 790 1196 curvis
812 1156 966 1209 Appia
985 1157 1091 1197 trita
1109 1156 1215 1196 rotis
1233 1170 1244 1207 ;

215 1223 402 1263 Pectora
422 1235 555 1274 quam
575 1235 672 1263 mea
693 1226 796 1263 sunt
814 1223 927 1263 serie
948 1226 1116 1264 caecata
1135 1223 1335 1264 laborum
1352 1237 1361 1263 :
1619 1224 1676 1264 45

275 1289 330 1330 Et
348 1288 455 1329 nihil
476 1289 634 1339 inveni,
657 1289 778 1342 quod
799 1289 905 1330 mihi
925 1289 1059 1328 ferret
1079 1302 1224 1342 opem.

215 1415 315 1446 levavi
326 1417 421 1453 terra,
434 1425 500 1454 quw
508 1425 563 1454 ego
573 1414 700 1445 toleravi
709 1423 798 1454 aqua.
825 1414 919 1444 Nulla
929 1413 1015 1444 natio
1027 1416 1071 1444 est
1073 1412 1210 1450 ferocior
1222 1412 1253 1443 in
1263 1416 1327 1443 toto
1337 1414 1447 1444 mundo
1458 1423 1547 1453 quam
1562 1414 1653 1445 Geta>
1662 1425 1675 1452 ‚·

216 1458 267 1487 sed
280 1460 382 1487 tumen
393 1457 425 1487 hi
435 1457 596 1487 doluerunt
610 1457 725 1487 nostris
735 1456 888 1486 aerumnis.
930 1458 1007 1489 Quoe
1019 1456 1045 1485 si
1057 1459 1215 1485 tentavero
1227 1455 1285 1485 tibi
1298 1465 1476 1486 enumerare
1491 1457 1675 1498 carminefi-

216 1498 290 1537 deli,
299 1499 390 1536 longa
404 1498 481 1528 Ilias
484 1498 600 1535 futura
613 1502 657 1528 est
670 1498 744 1527 meis
747 1496 844 1534 satis.
868 1497 941 1526 Non
951 1506 1025 1534 ergo
1036 1500 1148 1535 metuo,
1159 1499 1237 1535 quod
1245 1500 1349 1535 putem
1359 1501 1389 1527 te
1399 1507 1461 1528 esse
1471 1500 1678 1539 metuendum,

217 1541 303 1579 cujus
318 1549 403 1570 amor
418 1540 559 1570 exhibuit
569 1540 656 1569 nobis
666 1540 748 1570 mille
759 1539 888 1569 indicia.
931 1538 1043 1568 Verum
1057 1539 1129 1577 quia
1140 1538 1238 1568 omnis
1247 1538 1361 1574 infelix
1373 1542 1419 1569 est
1428 1549 1476 1569 res
1485 1541 1676 1581 meticulosa,

217 1586 249 1613 et
264 1581 427 1622 quiafores
439 1583 564 1613 occlusae
578 1585 649 1612 sunt
661 1592 726 1612 meo
739 1581 856 1620 gaudio
871 1581 961 1618 longo
976 1581 1088 1620 spatio.
1131 1581 1207 1610 Jam
1222 1581 1307 1610 dolor
1322 1590 1405 1611 meus
1420 1584 1557 1612 mutatus
1572 1586 1616 1613 est
1639 1583 1674 1614 in

217 1625 481 1662 consuetudinem,
497 1628 528 1655 et
543 1626 791 1665 quemadmodum
808 1623 910 1653 silices
927 1625 1070 1652 teruntur
1083 1621 1245 1662 frequenti
1266 1623 1331 1653 ictu
1346 1623 1435 1662 aquis
1458 1624 1678 1664 decidentibus,

217 1667 265 1697 ita
280 1676 336 1706 ego
353 1666 449 1696 loedor
471 1668 591 1696 assiduo
608 1676 751 1706 percussu
763 1666 916 1704 sortrmoe,
931 1664 1098 1704 atquejam
1113 1665 1169 1695 ‘rix
1183 1674 1291 1695 not-um
1307 1666 1416 1696 vulnus
1431 1665 1519 1696 habet
1536 1667 1631 1697 Iocum
1644 1668 1677 1698 in

217 1709 316 1739 nobis.
349 1709 456 1748 Neque
471 1718 572 1739 vomer
583 1709 682 1747 magis
699 1708 849 1739 minuitur
861 1718 916 1738 usu
931 1707 1086 1745 continuo,
1099 1716 1193 1746 neque
1208 1707 1313 1747 Appia
1333 1710 1379 1738 est
1394 1708 1496 1747 magis
1511 1709 1590 1740 trita
1608 1719 1676 1740 cur-

215 1751 267 1781 vis
285 1751 373 1791 rotis,
387 1761 477 1791 quam
491 1761 590 1781 meum
616 1761 666 1781 cor
688 1755 733 1781 est
756 1751 906 1781 obsessum
922 1752 1046 1780 caterva
1066 1750 1215 1780 malorum
1225 1761 1237 1787 ;
1257 1759 1354 1790 neque
1380 1750 1540 1791 quicquam
1564 1752 1678 1794 reperi,

831 1835 1061 1848 ‘emm-e

218 1891 463 1921 malorum—31
489 1890 655 1931 Excerpt.
686 1891 809 1930 Scalig.
834 1895 869 1921 et
894 1890 937 1921 V.
963 1893 1008 1921 est
1034 1888 1168 1920 atrocior
1191 1889 1255 1920 orb.
1286 1893 1355 1919 tres
1384 1888 1440 1919 alii
1469 1890 1675 1921 crudelior.—

219 1935 260 1963 33
285 1932 373 1963 Mor.
392 1933 470 1968 Quae
485 1934 568 1964 mala
586 1934 613 1963 si
628 1944 669 1965 m.
686 1934 805 1973 cupiam
819 1942 936 1973 perscr.
960 1932 1030 1963 Pro
1057 1941 1145 1962 coner
1161 1932 1262 1962 etiam
1288 1932 1384 1962 Serv.
1400 1941 1504 1971 conor,
1528 1936 1563 1962 et
1581 1932 1676 1964 Leid.

218 1984 323 2013 cogar.
346 1975 430 2005 Tum
446 1975 615 2006 Twisden.
634 1976 824 2014 destringere
841 1977 1007 2006 vera—34
1032 1974 1127 2005 Leid.
1152 1974 1228 2004 Ilios
1243 1976 1385 2005 est.—35
1410 1974 1574 2005 Nonnulli
1591 1979 1677 2006 vett.

220 2026 276 2056 quo
292 2026 352 2057 pro
367 2019 468 2057 qu0‹l;
492 2022 527 2048 et
544 2022 614 2048 tres
631 2018 713 2058 quia.
737 2019 789 2048 Sa.
814 2022 849 2048 et
863 2018 985 2057 Scalig.
998 2026 1106 2048 verear
1121 2026 1181 2056 qua
1198 2020 1317 2047 terrear
1331 2019 1475 2047 ess.-—36
1496 2016 1565 2047 Pro
1579 2017 1676 2057 mille,

219 2058 300 2089 libri
315 2059 462 2099 quinque
478 2061 578 2095 mulla
594 2071 602 2096 ;
628 2065 664 2091 et
681 2070 765 2092 unus
781 2062 959 2091 certa.—-—37
990 2059 1101 2090 Faber
1117 2058 1267 2089 malebat
1283 2059 1377 2089 olaus.
1396 2068 1461 2089 mea
1476 2063 1532 2099 est,
1556 2059 1676 2090 Heius.

221 2110 287 2130 non
304 2102 536 2132 nolente—41
562 2101 647 2141 Arg.
666 2107 703 2133 et
719 2103 922 2133 Feschianus
938 2102 976 2132 F.
994 2102 1134 2132 verberor
1149 2102 1287 2133 ica—42
1312 2101 1403 2132 Octo
1419 2100 1497 2131 libri
1514 2103 1678 2132 omittunt

222 2142 260 2171 τὸ
275 2146 429 2181 qum—44
453 2143 508 2173 Ita
524 2143 635 2173 edidit
653 2144 815 2174 Heinsius
830 2154 872 2174 ex
899 2144 1033 2184 scriptis
1051 2148 1085 2175 et
1106 2144 1242 2183 optimis
1272 2143 1476 2173 editionibus
1494 2154 1502 2181 ;
1522 2143 1675 2183 quaedam

222 2188 349 2222 tamen,
365 2194 419 2214 nec
434 2185 569 2223 magisa
593 2186 716 2221 curvis;
740 2187 842 2215 etiam
870 2195 937 2215 non
962 2186 1061 2216 male.
1086 2186 1283 2215 Bura—45
1311 2186 1434 2215 Coecatu
1460 2184 1672 2214 retinendum

221 2229 319 2265 putat
334 2227 448 2255 Bnrm.
461 2226 594 2256 variant
607 2236 687 2257 vero
702 2227 881 2257 admodum
894 2227 1001 2257 Codd.
1032 2227 1164 2256 Barthii
1178 2226 1254 2256 libri
1266 2227 1365 2256 celata
1376 2237 1389 2262 ;
1405 2226 1538 2265 quidam
1553 2225 1674 2256 Heins-

221 2268 369 2308 inspeeti
384 2271 522 2304 vexala;
546 2268 629 2298 alius
653 2269 788 2298 contrita
801 2279 814 2304 ‚·
838 2269 975 2307 plurimi
991 2267 1074 2298 editi
1102 2268 1241 2297 calcata:
1265 2268 1353 2306 conj.
1369 2272 1404 2297 et
1421 2267 1539 2297 Heius.
1555 2267 1673 2298 sulcata

873 2381 1012 2415 NOTAE

265 2471 305 2500 34
331 2466 422 2506 Ilias]
447 2467 487 2497 Id
504 2471 569 2507 est,
584 2469 719 2509 longum
735 2478 838 2509 opus3
863 2479 918 2500 cu-
972 2467 1136 2507 tingebat.

215 2517 364 2559 jusmodi
378 2516 442 2548 fuit
458 2517 599 2548 Homeri
622 2518 743 2558 poema
764 2519 806 2549 de
830 2519 918 2550 bello
1014 2520 1053 2547 »15
1081 2516 1220 2555 Cam-ata]
1238 2515 1305 2547 Alii
1319 2517 1454 2548 codices
1471 2517 1597 2548 habent
1609 2519 1670 2548 cal-

222 2567 384 2607 Trojano,
401 2566 490 2607 qnod
510 2566 586 2598 [lias
601 2567 735 2599 dieitur.
971 2570 1059 2597 cata:
1078 2576 1192 2597 verum
1209 2567 1267 2596 illa
1280 2577 1344 2597 vox
1359 2568 1467 2598 altera
1480 2569 1587 2598 multo
1603 2577 1671 2598 me-

264 2618 306 2647 44
329 2615 449 2656 Appia]
492 2617 589 2647 Viam
617 2617 702 2648 dicit
737 2617 779 2648 ab
806 2616 918 2658 Appio
971 2616 1035 2646 lius
1052 2619 1135 2645 πίω),
1160 2625 1249 2645 curm
1268 2615 1423 2656 designat
1447 2616 1617 2648 molestias
1635 2620 1669 2648 et

225 2666 372 2696 Censor-e
403 2669 543 2696 stratam
573 2670 608 2697 et
636 2666 919 2706 cognominatam,
972 2666 1123 2696 horrores

226 2725 299 2756 quae
314 2714 353 2744 nb
369 2715 471 2745 Roma
488 2716 712 2747 Brundusium
726 2726 831 2758 usque
846 2725 919 2757 per-
