1877 3193
819 163 933 195 JBIS.

1488 154 1602 197 2799

142 259 358 316 Quaeque,
378 274 535 316 parare
555 261 650 302 suis
673 261 810 303 letum
830 260 1098 314 patruelibus
1119 270 1258 310 ausae,

199 329 391 378 Belides,
414 329 596 370 assidua
616 330 732 370 colla
753 333 1001 382 premuntur
1022 341 1156 382 aqua.

141 394 363 448 Byblidos
384 400 425 437 et
447 396 664 446 Canaces,
687 397 802 437 sicut
824 396 951 444 facis,
974 396 1124 436 ardeat
1145 396 1270 450 igne:

199 462 315 512 Nec,
332 463 416 503 nisi
434 477 512 517 per
530 465 708 512 crimen,
728 464 786 504 sit
806 463 887 503 tibi
910 466 1012 502 nota
1031 475 1172 504 soror.

1518 459 1605 503 360

143 528 260 570 Filia
281 530 319 569 si
340 530 468 571 fuerit
482 545 495 586 3
527 532 585 572 sit
605 531 722 584 quod
751 530 939 581 Pelopea
958 528 1184 581 Thyestae,

201 594 381 649 Myrrha
402 610 482 637 suo
503 598 634 650 patri,
658 596 1013 649 Nyctimeneque
1034 608 1142 636 suo:

143 663 271 705 Neve
291 665 429 715 magis
450 665 525 717 pia
547 665 619 713 sit,
643 664 870 717 capitique
891 665 1083 717 parentis
1101 665 1258 715 amica,

201 729 347 780 Quam
369 731 448 770 tibi
470 731 558 780 vel,
578 730 768 779 Pterela,
787 731 856 771 vel
871 732 965 781 tibi,
989 731 1112 781 Nise,
1133 732 1216 773 suit
1235 746 1245 773 z

142 797 445 850 Infamemque
466 797 611 838 locum
635 798 814 838 sceleris
836 812 937 852 quae
959 801 1130 839 nomine
1149 799 1267 850 fecit,

1517 799 1604 842 365

197 865 368 907 Pressit
385 870 428 906 et
445 866 633 907 inductis
651 867 846 907 membra
868 871 1050 920 paterna
1070 869 1175 909 rotis

140 996 205 1024 tam
210 993 317 1035 fideli,
336 1004 427 1034 quam
441 1005 537 1033 gener
556 995 643 1025 Talai
659 998 689 1026 et
708 995 873 1036 Tyndarei.
921 996 963 1026 Et
979 1005 1067 1035 qnam
1092 994 1220 1026 Belides
1237 994 1382 1033 fuerunt,
1399 1005 1466 1035 quae
1481 1004 1540 1026 non
1555 1004 1606 1026 ve-

140 1036 214 1067 ritoe
229 1037 383 1067 intentare
399 1041 524 1067 mortem
535 1039 598 1067 suis
610 1038 802 1078 patruelibus
814 1042 926 1077 guttur
941 1039 1053 1068 habent
1065 1048 1238 1078 oppressum
1251 1048 1328 1077 aqua
1337 1038 1422 1076 jugi.
1472 1038 1604 1077 Uretur,

141 1082 176 1108 ul
191 1079 307 1115 uritur,
323 1080 395 1118 igue
410 1080 560 1120 Byblidos
575 1084 604 1110 et
624 1082 778 1111 Canaces.-
803 1091 895 1120 neque
906 1090 993 1111 sorar
1004 1082 1043 1111 sil
1063 1082 1120 1110 tibi
1137 1082 1261 1119 cognita
1277 1081 1401 1120 nisiper
1415 1081 1540 1111 crimen.
1565 1080 1604 1111 Si

131 1121 207 1161 filia
215 1121 331 1160 fuerit,
352 1123 393 1153 sit
409 1125 488 1162 quod
506 1125 635 1162 Pelopea
655 1124 806 1164 Thyestoe,
822 1125 958 1164 Myrrha
974 1135 1027 1154 suo
1042 1124 1139 1163 putri,
1154 1128 1183 1154 et
1201 1124 1384 1164 Nyctimene
1407 1134 1470 1154 suo.
1516 1118 1605 1154 Neve

140 1164 182 1194 sit
197 1167 296 1204 magis
307 1166 372 1205 pia,
389 1165 520 1207 autfidn
536 1166 634 1206 capiti
647 1170 787 1206 paterno,
804 1166 982 1206 quatrifidi,
999 1169 1045 1197 rel
1062 1166 1131 1203 tibi,
1145 1167 1283 1204 Pterela,
1297 1168 1344 1196 rel
1359 1166 1429 1203 tibi,
1447 1165 1533 1196 Nise.
1558 1166 1605 1196 Et

141 1217 208 1246 quce
216 1206 298 1245 fecit
314 1209 412 1239 locum.
426 1208 570 1246 infamem
595 1209 716 1241 ηοηιὶηε
730 1211 865 1247 sceleris,
882 1214 911 1240 et
937 1210 1049 1249 pressit
1078 1213 1166 1239 artus
1188 1212 1334 1249 paternos
1352 1209 1429 1240 rotis
1444 1208 1605 1240 immissis.

750 1294 986 1305 eeeeeeeeeeee

138 1355 346 1391 prementum
370 1356 404 1382 et
420 1362 504 1383 nnus
517 1353 596 1383 Pat.
609 1353 785 1392 premaris;
810 1356 844 1382 et
863 1356 942 1381 tunc
960 1352 1080 1383 Heins.
1097 1352 1211 1392 priore
1228 1362 1274 1382 vs.
1292 1351 1429 1382 volebat
1448 1351 1607 1392 Quamque

142 1394 197 1424 vel
217 1395 319 1434 thue
332 1397 564 1434 parare.——359
589 1395 765 1426 Constant.
783 1394 922 1424 Fanens.
940 1404 1028 1425 corr.
1049 1395 1127 1425 sicut
1146 1394 1253 1432 facit;
1277 1399 1311 1425 et
1333 1394 1381 1424 sie
1410 1395 1512 1425 etiam
1538 1395 1604 1424 Bo-

142 1445 221 1467 non.
249 1442 285 1467 et
316 1437 392 1468 alii:
433 1438 484 1468 Fr.
513 1437 614 1467 habet
643 1448 731 1467 scm-(e
753 1437 957 1474 suci8.—-360
983 1437 1103 1466 Heius.
1135 1437 1229 1466 dedit
1254 1440 1326 1466 nota
1343 1446 1382 1465 ex
1401 1436 1605 1476 quibusdam

142 1479 280 1520 scriptis
312 1489 373 1519 pro
411 1480 498 1518 vulg.
518 1480 611 1520 fidu:
643 1489 727 1509 uuus
756 1479 856 1508 etiam
882 1478 1035 1517 ejus-lem
1067 1479 1250 1508 risa.-—363
1275 1479 1416 1508 Plurimi
1440 1484 1606 1518 veterum,

142 1521 228 1553 Filia
243 1532 316 1552 nere
333 1521 432 1560 magis
444 1522 541 1560 capili
556 1521 674 1562 sitfitlu
690 1521 842 1561 parentis,
867 1521 918 1550 vel
934 1524 1082 1559 paterno.-
1107 1525 1201 1560 puto,
1226 1521 1297 1550 Neu
1317 1521 1369 1560 pia
1394 1530 1468 1550 neve
1491 1521 1604 1560 magis.

142 1564 274 1594 Deinde.
296 1565 396 1599 Quam
409 1573 464 1594 sua
477 1564 522 1593 rel
540 1564 671 1594 Ptereloe
686 1564 780 1594 multi
795 1573 835 1593 ex
853 1563 1018 1603 antiquis:
1050 1569 1195 1603 quatuor
1214 1563 1442 1597 Qnamtz'bivel
1456 1563 1604 1600 Pterela,-

140 1611 322 1646 ntrumque
339 1611 478 1638 rectum.
505 1606 618 1637 Heius.
668 1607 751 1636 Neve
767 1606 868 1645 magis
888 1606 941 1644 pia
956 1607 1009 1644 sit,
1034 1607 1087 1644 &a
1135 1605 1290 1636 Francof.
1317 1610 1353 1636 et
1379 1605 1504 1645 ,lun-eti,
1529 1615 1605 1646 quae

143 1649 247 1679 lectio
270 1649 365 1679 nobis
392 1649 536 1679 maxime
553 1648 693 1679 arridet.
739 1648 898 1689 Baptista
925 1648 1006 1678 Pius
1035 1648 1075 1678 ad
1109 1649 1222 1679 Plaut.
1260 1648 1382 1688 Amph.
1417 1658 1441 1680 1.
1471 1651 1501 1679 1.
1533 1651 1608 1679 105.

143 1691 294 1722 Pterelae
323 1692 424 1722 filiam
442 1691 632 1732 Polydicen
662 1696 774 1729 vocat,
799 1696 835 1722 et
861 1700 993 1721 versum
1022 1691 1109 1721 hunc
1138 1692 1186 1721 ita
1214 1691 1312 1728 citat,
1345 1692 1448 1726 Quam
1478 1694 1532 1722 tua
1559 1692 1608 1721 vel

143 1735 281 1776 Pterela,
302 1736 350 1765 rel
365 1738 431 1774 tua,
460 1735 548 1774 Nise,
563 1734 655 1772 ficit,-
679 1739 713 1765 et
731 1735 777 1765 ita
794 1733 928 1764 codices
945 1734 1112 1765 nonnulli.
1138 1734 1362 1764 Burnz.-3ssss
1386 1734 1455 1765 Pro
1472 1733 1608 1764 inductis

803 1827 835 1857 N
842 1825 943 1857 OTAE

187 1911 249 1939 35⁷
276 1909 430 1949 Quoeque]
452 1908 564 1939 Danai
592 1909 675 1940 dicit
692 1908 788 1948 filiam,
805 1909 846 1939 de

144 1959 344 2001 quibusjam
362 1959 476 1990 toties.

188 2012 251 2041 359
274 2010 442 2051 Byblidos]
470 2010 622 2040 Caunum
646 2008 788 2040 fratrem
814 2019 849 2039 a·

144 2068 254 2091 masse
270 2060 414 2091 vidimus
431 2060 462 2090 in
481 2060 622 2091 Metam.

191 2109 341 2148 Canaces]
380 2110 485 2140 Extat
515 2110 588 2149 ejus
622 2109 778 2149 Epistola
814 2109 846 2140 in

147 2159 367 2196 Heroidibns„
385 2159 441 2189 uhi
461 2159 548 2190 vide.

188 2211 250 2240 361
279 2210 426 2250 Pelopea]
451 2210 536 2241 Haec
554 2220 632 2241 vero
650 2220 724 2241 cum
743 2211 848 2241 inscio

146 2264 244 2300 patre
278 2269 348 2290 rem
382 2260 512 2300 habuit,
547 2271 589 2291 cx
615 2271 680 2301 quo
719 2261 849 2291 nefario

146 2310 329 2342 concubitu
344 2311 515 2350 AEgisthus
541 2317 640 2342 natus
665 2313 850 2352 pulcherri-

146 2370 220 2390 mus
245 2359 369 2400 infans,
386 2362 443 2402 qui
468 2362 629 2401 grandior
647 2363 791 2393 Atreum
814 2366 850 2393 ct

147 2411 437 2452 Agamemnonem
454 2412 603 2443 sustulit.

194 2461 351 2502 Thyestoe]
376 2461 477 2492 Hunc
499 2463 640 2503 Pelopis
657 2463 776 2501 filiuni,
792 2473 849 2493 ne-

148 2511 338 2553 fariumque
356 2511 560 2552 adulterum,
572 2514 644 2553 jam
661 2523 753 2553 sazpe
767 2512 850 2542 vidi-

149 2572 231 2593 mus.

192 2614 254 2642 362
290 2610 439 2651 Myrrha]
473 2612 527 2641 De
548 2621 588 2643 ea
614 2614 757 2654 Cynarae
784 2613 850 2652 Cy-

151 2661 300 2703 priorum
329 2661 416 2700 rcgis
443 2659 524 2699 filia,
542 2661 704 2694 Adonidis
730 2668 851 2704 matre,

151 2711 278 2743 <fictum
297 2720 428 2752 quoque
446 2710 478 2740 in
495 2710 640 2743 Metam.

949 1909 1146 1950 Nyctimene]
1172 1909 1283 1948 Hujus
1300 1917 1433 1949 quoque
1457 1907 1606 1939 fabulam

902 1960 935 1990 in
953 1965 1074 2000 quarto
1092 1961 1234 1989 Metam.
1254 1958 1416 1998 reperiaS.

946 2014 1008 2042 364
1025 2009 1168 2049 Pterela]
1195 2009 1305 2048 Hujus
1322 2013 1477 2038 narratur
1495 2006 1608 2039 fabula

904 2061 946 2091 ab
980 2060 1210 2101 Apollodoro;
1248 2058 1303 2099 qui
1343 2068 1361 2089 a
1396 2058 1607 2098 Cymethone

902 2116 959 2142 aut
974 2111 1206 2147 Comaeumne,
1223 2108 1478 2149 Amphitryonis
1492 2116 1607 2138 amore

902 2167 1016 2202 capta,
1030 2166 1063 2192 ct
1078 2161 1223 2201 patriani
1241 2165 1275 2189 et
1294 2158 1490 2199 putrem‚de
1508 2158 1607 2197 hujus

901 2214 1013 2253 eapite
1042 2222 1142 2243 aureo
1171 2211 1293 2251 capillo
1318 2210 1469 2248 desecto,
1495 2208 1608 2248 prodi-

904 2268 975 2294 tum
993 2267 1117 2293 narrat.

949 2312 1041 2352 Nise]
1063 2312 1187 2351 Scyllae
1205 2310 1284 2340 filiae
1314 2309 1504 2350 proditione
1523 2307 1608 2342 fata-

904 2364 968 2395 lem
986 2364 1115 2394 crinem
1134 2361 1282 2393 amisisse
1297 2360 1399 2390 etiam
1416 2359 1447 2388 in
1464 2358 1607 2388 Metam.

904 2414 1057 2454 legimus.

947 2467 1008 2494 :365
1034 2461 1182 2500 Sceleris]
1207 2460 1330 2490 Dictus
1349 2463 1397 2487 est
1421 2465 1542 2496 nempe
1559 2456 1607 2487 vi-

904 2524 964 2544 cus
981 2513 1167 2543 sceleratus
1185 2509 1303 2539 Romu*
1332 2508 1362 2536 in
1380 2516 1444 2546 quo
1470 2515 1532 2545 per
1558 2506 1607 2536 in-

906 2561 1042 2593 terfecti
1060 2561 1167 2600 patris
1193 2569 1252 2588 ora
1277 2563 1476 2596 carpentum
1494 2557 1608 2588 Tullia

905 2611 1080 2652 Tarquinii
1108 2619 1171 2640 non
1194 2609 1274 2646 tilia,
1302 2613 1337 2637 ut
1365 2608 1450 2637 male
1468 2607 1607 2647 scripsit

906 2664 1173 2697 ('ummcntator‚
1186 2660 1242 2688 seul
1257 2667 1354 2694 uxor,
1369 2657 1478 2687 Servii
1491 2662 1605 2688 autem

906 2711 987 2751 tilia,
1004 2712 1242 2741 consternatos
1256 2716 1359 2748 equos
1376 2707 1458 2747 egit.
