1877 3193
525 195 679 229 Esz'I'.
713 197 779 227 Ex
814 197 972 228 PONTo
1006 198 1103 229 Lm.
1127 198 1192 229 iv.
1214 188 1285 229 10.
1517 189 1632 231 2729

180 291 374 346 Cumque
398 293 691 346 Borysthenio
710 292 1032 345 liquidissimus
1053 305 1175 333 amne
1196 292 1445 346 Dyraspes,

236 360 294 400 Et
310 361 441 401 tacite
462 374 676 414 peragens
697 362 790 401 lene
814 360 1066 400 Melanthus
1088 361 1190 402 iter:

179 423 356 480 Quique
377 428 487 468 duas
508 432 660 477 terras,
680 427 835 468 Asiam
855 427 1101 479 Cadmique
1125 440 1319 468 sororem
1575 427 1630 467 55

237 493 435 547 Separat,
458 500 501 534 et
519 508 672 534 cursus
693 494 802 534 inter
821 499 1049 546 utramque
1072 494 1203 535 facit:

180 560 486 613 innumerique
509 562 599 609 alii,
620 573 729 613 quos
750 561 859 600 inter
877 560 1097 600 maximus
1117 573 1268 601 omnes

236 627 402 669 Cedere
424 627 653 667 Danubius
676 639 723 666 se
744 627 836 676 tibi,
862 626 978 676 Nile,
997 631 1143 679 neget.

179 694 321 748 Copia
339 699 403 735 tot
422 695 619 743 laticum,
642 706 753 747 quas
775 699 918 746 auget,
941 693 1157 735 adulterat
1176 694 1317 735 undas
1336 707 1346 735 z

236 761 336 803 Nec
358 763 520 815 patitur
540 764 655 803 vires
678 775 827 815 aequor
852 762 1010 802 habere
1029 775 1150 803 suas.
1578 761 1634 801 60

179 828 295 878 Quin
314 831 444 870 etiam
467 835 620 882 stagno
640 829 811 877 similis,
836 829 1061 882 pigraeque
1083 830 1252 882 paludi,

234 895 464 938 Coeruleus
483 897 560 936 vix
582 900 663 944 est,
684 896 949 948 diluiturque
969 896 1104 936 color.

178 963 351 1005 Innatat
369 965 485 1005 unda
504 964 616 1004 freto
636 964 792 1013 dulcis,
813 964 1039 1017 leviorque
1062 963 1228 1004 marina
1249 968 1347 1013 est3

235 1030 350 1080 Quae
371 1032 589 1084 proprium
608 1032 749 1071 mixto
772 1031 823 1072 de
845 1031 937 1072 sale
955 1031 1125 1084 pondus
1146 1030 1297 1071 habet.

178 1098 226 1137 Si
248 1103 369 1150 roget
387 1099 482 1139 haec
504 1099 663 1151 aliquis
685 1112 761 1139 cur
780 1099 866 1138 sint
886 1102 1061 1139 narrata
1081 1097 1270 1146 Pedoni,
1576 1098 1632 1138 65

235 1163 407 1215 Quidve
427 1165 547 1219 loqui
569 1165 697 1206 certis
710 1165 878 1218 juverit
898 1165 983 1206 ista
1002 1163 1146 1204 modis
1167 1177 1178 1215 ;

174 1296 192 1314 ιι
209 1284 285 1315 ciris
301 1285 431 1315 Groecis.
476 1284 520 1315 Et
537 1284 696 1324 Dyraspes
718 1283 902 1323 purissimus
927 1293 994 1314 cum
1009 1282 1144 1321 flumine
1160 1283 1378 1323 Borysthenio,
1403 1287 1433 1314 et
1451 1284 1632 1314 Melanthus

175 1328 329 1357 absolvens
341 1327 450 1357 leniter
472 1336 593 1356 cursum
614 1326 780 1365 placidum.
828 1327 873 1356 Et
895 1327 945 1366 qui
959 1326 1071 1356 dividit
1087 1327 1163 1356 duas
1186 1328 1300 1363 terras,
1325 1325 1436 1356 Asiam
1451 1329 1481 1356 et
1497 1335 1634 1357 sororem

179 1369 300 1407 Cadmi,
326 1372 357 1399 et
374 1369 451 1409 fluit
469 1369 551 1399 inter
574 1371 745 1408 utramque.
790 1368 892 1408 Atque
907 1369 963 1398 alii
979 1368 1144 1405 innumeri,
1168 1367 1252 1398 inter
1267 1377 1339 1407 quos
1362 1378 1464 1398 omnes
1480 1369 1634 1399 maximus*

176 1410 339 1442 Danubius
351 1415 443 1450 negat
460 1421 490 1441 se
507 1411 564 1441 tibi
590 1411 768 1449 inferiorem
791 1421 865 1449 esse,
891 1411 976 1441 Nile.
1022 1410 1224 1440 Abundantia
1239 1413 1282 1439 tot
1300 1420 1449 1449 aquarum
1465 1411 1636 1450 corrumpit

175 1463 272 1494 aquas
285 1464 359 1494 quus
373 1457 465 1492 auget
478 1464 488 1489 ,·
510 1463 605 1493 neque
620 1454 696 1483 sinit
722 1462 806 1483 mare
830 1453 967 1483 obtinere
990 1453 1053 1482 vim
1068 1462 1164 1482 suam.
1212 1452 1392 1486 Quinetiam
1408 1452 1510 1483 simile
1522 1456 1634 1491 stagno

175 1501 205 1528 ec
221 1496 317 1527 inerti
329 1498 435 1536 paludi
449 1505 533 1534 oegre
549 1498 593 1525 est
607 1496 763 1532 glaucum,
786 1497 816 1525 et
830 1495 911 1525 color
925 1495 1086 1524 minuitur.
1132 1493 1223 1532 Aqua
1237 1493 1335 1523 dulcis
1349 1493 1472 1524 innatat
1487 1494 1579 1532 mari,
1603 1497 1634 1524 et

175 1542 220 1569 est
236 1539 330 1570 levior
344 1548 498 1578 oequmea,
514 1547 581 1577 quoe
597 1537 685 1567 habet
697 1537 858 1576 proprium
869 1538 986 1576 pondus
999 1538 1036 1566 de
1049 1537 1112 1566 sale
1123 1536 1233 1566 mixto.
1279 1536 1317 1566 Si
1332 1536 1401 1575 quis
1414 1539 1513 1576 petat,
1529 1546 1635 1575 quam-

177 1582 279 1612 obrem
294 1581 358 1611 haec
381 1581 445 1611 sint
462 1581 560 1611 relata
578 1579 711 1619 Pedoni,
739 1579 849 1619 quidve
871 1577 1027 1619 profuerit
1053 1578 1154 1608 dicere
1169 1577 1231 1609 ista
1253 1577 1392 1608 astrictis
1408 1579 1541 1609 numeris
1552 1589 1564 1615 ;
1587 1588 1635 1608 re-

794 1658 1024 1670 ‘temne-‘06⁴

180 1712 241 1743 Ph.
265 1711 363 1751 polite
386 1710 529 1740 vin—53
554 1709 711 1747 Daraspes
737 1707 827 1737 Mor.
861 1706 1017 1746 Diropses
1029 1706 1070 1736 R.
1088 1706 1181 1737 Serv.
1195 1710 1231 1736 et
1247 1706 1289 1736 P.
1306 1707 1396 1737 Dan.
1420 1707 1577 1747 Darapscs
1593 1708 1634 1738 P.

178 1757 263 1784 —56
287 1754 327 1784 P.
355 1754 412 1783 int.
438 1754 601 1790 utrumque
616 1749 769 1787 foa—57
796 1749 885 1779 Mor.
909 1758 995 1779 max.
1018 1751 1222 1780 amnes.—58
1249 1748 1351 1788 Neget
1368 1749 1488 1779 Heius.
1505 1750 1636 1790 excipit

179 1805 221 1826 ex
240 1796 294 1826 Fr.
311 1796 402 1834 vulg.
418 1795 609 1832 negat.—59
634 1793 675 1823 R.
688 1795 779 1830 auget
796 1794 825 1821 et
842 1791 955 1822 alterat
972 1792 1129 1822 und—62
1152 1791 1232 1823 Jun.
1248 1794 1305 1830 est,
1317 1791 1496 1831 dividiturq.
1511 1793 1567 1822 col.
1591 1793 1634 1824 P.

180 1837 282 1868 habet
297 1837 384 1868 virus
399 1845 459 1876 pro
475 1837 576 1866 color:
601 1840 636 1865 et
653 1844 705 1875 pr.
723 1834 786 1864 Ed.
805 1835 852 1864 ita
869 1843 918 1863 vs.
935 1833 1074 1864 exhibet
1091 1835 1174 1864 Coer.
1187 1835 1268 1864 color
1283 1838 1340 1871 est,
1355 1833 1513 1873 diluiturq.
1530 1835 1634 1866 mari&

181 1883 265 1912 -64
288 1880 330 1912 P.
353 1885 388 1911 et
403 1879 538 1910 Bersm.
563 1887 632 1908 cum
658 1887 720 1918 pro
743 1878 790 1908 de.
833 1876 917 1906 Tum
934 1876 1030 1908 Serv.
1052 1881 1087 1907 et
1105 1880 1250 1917 quatuor
1265 1876 1320 1907 alii
1334 1877 1389 1907 sal.
1404 1885 1509 1906 nomen
1522 1875 1634 1907 hab.—

835 1970 975 2002 NOTAE

181 2043 270 2076 istud
297 2043 420 2075 flumen
458 2043 555 2074 sedes
585 2052 662 2073 suas
691 2041 883 2072 habuerunt
980 2043 1020 2070 55
1047 2039 1185 2080 Quique]
1207 2039 1329 2071 Tanais
1350 2042 1423 2078 est;
1448 2039 1475 2069 is
1490 2048 1633 2079 namque

183 2097 381 2126 Amazones.
937 2088 1050 2120 Asiam
1064 2089 1107 2120 ab
1125 2090 1261 2129 Europa
1279 2089 1505 2120 disterminat.

225 2147 266 2175 52
290 2143 402 2182 Phasi]
436 2143 573 2173 Flavius
603 2147 655 2173 cst
680 2142 796 2183 ingens
824 2141 882 2183 qui
981 2140 1091 2170 Cadmi
1121 2138 1269 2178 sororem]
1304 2139 1441 2179 Europa
1468 2142 1533 2175 est,
1559 2147 1635 2178 quae

184 2194 380 2228 colchidem
399 2194 664 2235 praeterlabitur.
937 2191 978 2222 ab
996 2192 1132 2230 Europa
1148 2190 1315 2230 Agenoris
1341 2189 1410 2219 filia
1437 2198 1557 2219 nomen
1580 2189 1636 2219 ha-

230 2244 330 2283 Vt'ris]
349 2244 562 2283 Argonautas
578 2243 743 2284 dicit,qui
759 2243 799 2273 ad
815 2243 881 2273 vel-
936 2241 1022 2280 buit,
1048 2242 1074 2271 si
1101 2241 1222 2271 fabulis
1249 2238 1391 2276 credas3
1417 2248 1492 2269 cnm
1517 2247 1637 2269 revera

183 2296 233 2326 lus
259 2304 396 2325 aureum
426 2293 623 2334 rapiendum
649 2303 724 2323 cum
755 2294 881 2325 Jasone
937 2300 978 2321 ex
1008 2290 1206 2320 Piuitnicuui
1234 2290 1349 2329 lingua
1373 2288 1561 2320 derivatum
1582 2289 1637 2327 sit,

183 2346 213 2376 iu
231 2344 374 2375 Colchos
393 2353 452 2384 per
471 2344 605 2373 Phasim
623 2344 879 2383 navigaverunt.
937 2340 1112 2379 aptissima
1153 2340 1292 2379 insuper
1328 2338 1541 2378 etymologia,
1571 2346 1637 2376 qua

227 2397 268 2425 53
296 2393 516 2434 Borysthenio]
562 2394 793 2434 Borysthenes
823 2393 882 2424 flu·
937 2390 1114 2428 Europaeis
1144 2387 1246 2419 faciei
1274 2387 1400 2418 candor
1440 2396 1510 2425 prae
1542 2385 1637 2416 Afris

185 2445 257 2475 vius
283 2448 336 2475 est
367 2444 548 2474 secundum
579 2444 704 2474 Istrum
736 2444 881 2475 omnium
938 2440 1141 2478 assignatur·

186 2495 362 2532 maximus,
387 2504 405 2523 a
424 2494 561 2524 sinistra
591 2499 689 2534 parte
719 2494 754 2527 in
784 2494 884 2525 Euxi-
978 2494 1020 2521 58
1046 2489 1137 2528 Nile]
1160 2488 1299 2528 AEgypti
1322 2487 1483 2518 maximus
1501 2493 1552 2518 ost
1574 2487 1635 2520 flu-

186 2554 264 2575 num
281 2543 443 2574 defluens.
936 2541 1019 2572 viuS.

230 2592 405 2633 Dyraspes]
431 2591 543 2631 Hujus
571 2591 649 2623 alibi
675 2593 768 2624 nulla
790 2601 881 2623 men·
980 2592 1021 2620 59
1046 2588 1146 2627 Quas]
1170 2588 1333 2625 Marium,
1350 2588 1422 2619 scii.

188 2645 247 2674 tio.
980 2643 1020 2670 05
1048 2637 1179 2676 manni]
1206 2637 1419 2668 Albinovano
1436 2637 1567 2680 Poene,
1593 2639 1634 2671 ad

230 2697 270 2724 ,34
297 2691 489 2731 Melanthus]
527 2691 596 2722 Hic
628 2692 661 2724 iu
691 2693 839 2726 Pontum
866 2704 885 2724 a
939 2696 1037 2731 quem
1057 2688 1149 2718 Naso
1166 2686 1296 2717 scribit.

190 2745 310 2775 dextra
328 2746 424 2784 parte
442 2741 596 2774 incurrit.
980 2743 1021 2769 (jo
1046 2736 1166 2777 Medis]
1192 2737 1482 2770 modulationibus
1499 2743 1534 2770 et
1563 2748 1633 2771 car«
