1877 3193
207 185 322 227 2790
698 195 734 223 P.
766 192 926 222 ovmu
960 190 1171 221 NAsoNJs

210 289 306 331 Nec
327 289 409 330 tibi
435 291 491 330 sit
510 287 660 330 melior
681 285 858 326 tumidis
883 283 1113 338 Neptunus
1134 282 1180 322 in
1200 281 1345 329 undis,

268 355 414 406 Quam
432 356 501 397 cui
524 358 626 395 sunt
646 353 804 393 subitae
826 352 960 392 frater
979 356 1022 392 et
1037 363 1146 391 uxor
1167 361 1295 400 aves;

208 424 454 477 Solertique
475 423 582 471 viro,
604 421 765 461 lacerae
789 432 917 473 quem
936 419 1077 460 fracta
1099 420 1312 458 tenentem

269 491 473 532 Membra
494 490 601 530 ratis
623 489 816 529 Semeles
835 491 902 527 est
922 487 1129 526 miserata
1149 497 1288 525 soror.

210 558 296 601 Vel
319 562 409 607 tua,
431 571 484 596 ne
504 569 651 609 poenae
672 568 809 607 genus
829 555 910 594 hoc
935 553 1189 605 cognoverit
1210 565 1335 601 unus,

267 625 456 667 Viscera
478 624 662 663 diversis
683 623 828 662 scissa
851 623 1045 661 terantur
1074 620 1212 673 equis.

210 691 297 732 Vel
320 704 436 744 quae,
457 691 530 743 qui
552 689 703 729 redimi
724 688 928 728 Romano
951 692 1075 739 turpe
1097 686 1285 738 putavit,

269 758 312 799 A
334 759 445 798 duce
470 757 667 796 Puniceo
689 755 884 808 pertulit,
905 755 1005 808 ipse
1027 753 1157 794 feras.

212 880 281 909 erut
292 876 429 916 genitus.
475 877 583 915 Neque
598 876 764 915 Neptunus
778 875 819 905 sit
837 874 894 905 tibi
910 874 1017 905 mitior
1032 874 1065 904 in
1073 872 1226 913 fluctibus
1241 871 1391 910 turgidis,
1407 882 1496 912 quam
1511 871 1560 902 cui
1569 871 1675 909 frater

213 924 244 951 et
261 919 372 957 conjmc
387 922 457 949 sunt
474 920 609 948 volucres
623 917 792 958 repentinae
803 928 813 948 :
835 921 926 957 utque
940 918 1006 948 viro
1020 917 1180 957 prudenti,
1194 924 1280 955 quem
1296 917 1450 945 tenentem
1471 917 1574 954 partes
1588 915 1678 945 navis

206 963 324 1000 smetoe
340 971 425 991 soror
440 961 675 999 Semelesjzwit.
720 961 800 995 Aut,
815 971 853 990 ue
867 970 945 991 unus
961 962 1044 990 solus
1052 959 1181 989 senserit
1194 959 1248 988 hoc
1259 967 1358 996 genus
1372 957 1528 996 supplicii,
1538 966 1674 996 prcecor-

212 1005 266 1035 dia
282 1006 383 1035 lacera
399 1004 616 1034 distrahuntur
638 1003 675 1033 ab
701 1005 786 1042 equis
803 1003 945 1033 diversis.
994 1005 1058 1032 Aut
1078 1001 1211 1041 patiaris
1234 1010 1269 1031 ea
1282 1010 1349 1040 ‹111oe
1361 1010 1468 1040 passus
1485 1003 1529 1030 est
1546 999 1599 1039 qui
1614 1009 1678 1028 cre—

217 1048 299 1079 didit
311 1047 487 1078 indecorum
501 1056 564 1076 esse
582 1047 720 1076 Romano
734 1046 848 1076 redimi
862 1056 881 1076 a
897 1048 971 1076 duce
987 1044 1136 1076 Puniceo.
1183 1044 1288 1083 Neque
1303 1043 1390 1074 Deus
1404 1051 1539 1083 praesens
1561 1042 1601 1072 sit
1619 1041 1678 1072 tibi

824 1129 843 1139 φ
846 1128 1057 1139 ”ovem-‘ou

216 1185 390 1223 Heinsius,
408 1184 558 1215 Danielis
575 1184 676 1224 tilius,
693 1188 787 1215 tanto
813 1188 909 1224 patre
928 1183 1157 1223 dignissimus,
1172 1182 1280 1213 literis
1297 1181 1339 1212 ad
1357 1191 1410 1212 me
1427 1181 1564 1221 scriptis
1583 1184 1679 1220 puta-

215 1229 277 1260 bat
293 1228 484 1268 legendum,
501 1227 668 1257 Saturnius
683 1227 752 1257 illus
772 1227 815 1257 Ut
831 1227 929 1257 secuit
952 1230 1066 1266 partes,
1086 1231 1119 1256 et
1146 1226 1189 1256 de
1213 1226 1299 1257 Jove
1326 1223 1608 1263 intelligendum;
1631 1222 1681 1253 in-

217 1271 355 1310 geniose
373 1280 432 1300 suo
449 1278 553 1300 more.
599 1270 665 1299 Sed
684 1269 760 1310 quia
774 1270 957 1299 lectionem
978 1270 1163 1308 vulgatam,
1177 1278 1253 1298 cum
1272 1277 1386 1297 omnes
1404 1267 1584 1303 editiones,
1609 1270 1680 1296 tum

218 1313 339 1352 scripti
357 1312 501 1343 Codices
518 1317 716 1350 agnoscunt,
732 1312 773 1340 ab
788 1321 829 1340 ea
845 1311 1020 1340 discedere
1035 1311 1114 1340 mihi
1131 1310 1249 1348 religio
1266 1315 1333 1339 est:
1359 1318 1433 1339 nam
1451 1314 1484 1339 et
1498 1309 1680 1338 Saturnum

220 1355 384 1396 genitalia
411 1353 502 1393 patri
518 1353 609 1383 Coelo
627 1353 848 1383 demessuisse
866 1352 1072 1390 fabulantur,
1086 1353 1138 1382 vel
1157 1361 1222 1381 uno
1240 1351 1405 1381 Cicerone
1422 1355 1524 1387 teste,
1542 1351 1562 1380 l.
1579 1359 1619 1380 u.
1639 1349 1681 1379 de

218 1399 353 1429 Natura
369 1397 535 1427 Deorum.
560 1395 796 1434 Salvag.-27s
821 1395 890 1424 Pro
907 1394 1017 1424 subitoe
1034 1399 1103 1424 tres
1121 1393 1196 1423 libri
1211 1392 1332 1428 sabim
1356 1393 1412 1423 Sa.
1438 1397 1473 1423 et
1497 1392 1580 1422 alius
1595 1392 1680 1421 vism.

218 1443 326 1471 ι-279
349 1440 444 1469 Unus
464 1437 582 1467 Heius.
598 1438 701 1474 fruct.
723 1437 996 1474 leg-ente1n.--28·2
1019 1436 1095 1465 Duo
1124 1435 1201 1464 libri
1226 1438 1309 1464 secta
1337 1444 1396 1473 pro
1413 1436 1520 1465 scissa.
1565 1434 1619 1465 Fr.
1646 1439 1682 1464 et

220 1488 290 1513 tres
307 1482 362 1512 alii
381 1480 487 1518 ferun.
504 1480 711 1518 aquis—283
736 1478 830 1508 Editi
855 1482 891 1507 et
916 1477 1035 1516 scripti
1052 1477 1149 1507 multi
1166 1477 1336 1511 Romanos;
1361 1477 1436 1507 Pet.
1454 1477 1682 1506 Romanum—-

220 1527 283 1555 284
317 1524 477 1563 Salvagn.
508 1521 656 1552 malebat
686 1520 850 1551 Poeniceo:
886 1520 1063 1550 Constant.
1089 1519 1175 1550 Cod.
1202 1523 1290 1549 teste
1320 1518 1442 1549 Heius.
1474 1518 1682 1558 Cinyphio.—

882 1616 911 1647 N
921 1615 1024 1646 OTAE

221 1684 324 1723 silius,
351 1683 406 1724 qui
429 1693 447 1713 a
471 1682 556 1713 Lino
581 1681 746 1712 Musicani
775 1681 930 1721 edoctus,

222 1735 340 1765 Musas
372 1733 475 1764 etiam
506 1732 578 1772 lyra
610 1741 798 1771 provocare
827 1741 928 1762 ausus

223 1788 287 1821 est,
304 1793 321 1813 a
337 1782 456 1824 quibus
470 1782 581 1812 victus
598 1781 662 1812 fuit
679 1786 885 1812 occaecatus.

272 1832 457 1872 Demodoci]
480 1832 582 1863 Hunc
610 1842 739 1862 caccum
758 1831 928 1862 Homerus

224 1889 397 1916 cantorem
413 1883 547 1914 induxit
560 1882 792 1913 suavissimum
806 1882 839 1912 in
853 1892 929 1913 con-

225 1934 349 1965 vivium
367 1933 513 1964 Alcinoi.

268 1987 330 2015 275
355 1983 526 2023 Saturnus]
554 1984 616 2015 Ille
635 1994 715 2015 vero
731 1983 857 2014 dicitur
871 1992 929 2025 pa-

224 2035 268 2066 tri
286 2035 446 2075 genitalia
462 2033 549 2065 falce
568 2034 764 2065 abscidisse.

269 2088 333 2115 278
360 2084 435 2124 Cui]
458 2085 554 2125 Ceyx
570 2085 763 2115 Trachiniae
782 2084 813 2114 in
830 2084 931 2114 Thes-

226 2135 310 2165 salia
328 2144 401 2171 rex,
413 2136 507 2174 cujus
520 2134 733 2174 naufragium
747 2134 932 2174 descripsit

227 2184 300 2224 ipse
319 2185 412 2214 Naso
429 2185 570 2215 Metam.
588 2194 639 2216 xi.
673 2186 770 2215 Illius
786 2193 932 2225 namque

228 2242 313 2264 uxor
343 2233 376 2262 in
404 2233 630 2272 Halcyonem,
661 2234 751 2263 sicut
782 2239 817 2264 et
843 2234 931 2273 ipse,

228 2286 379 2319 rnutata3
403 2281 509 2311 frater
528 2291 607 2311 vero
622 2283 630 2298 ‘
652 2282 737 2311 Cum
754 2291 790 2311 sc,
812 2282 932 2311 Danda-

229 2333 298 2364 lion
316 2341 397 2362 saxo
414 2331 558 2361 misisset
576 2330 617 2361 ab
640 2329 732 2370 alt0‚’
748 2331 931 2361 Miseratus

231 2383 355 2424 Apollo
377 2384 385 2399 ‘
404 2380 489 2412 fecit
514 2391 622 2419 avem,
645 2385 681 2411 et
705 2380 822 2411 subitis
852 2389 933 2419 pen-

232 2435 370 2465 dentem
398 2431 532 2462 sustulit
557 2430 641 2461 alis!
687 2431 780 2463 Quas
800 2429 933 2460 fabulas

231 2483 355 2513 videsis
386 2481 518 2521 prolixe
549 2480 582 2511 in
616 2480 756 2511 Metam.
789 2489 933 2520 namque

232 2543 337 2573 opera
365 2536 400 2562 et
426 2532 545 2562 charta
574 2530 755 2561 abutamur
781 2530 808 2561 si
833 2530 934 2561 toties

233 2583 352 2614 eadem
369 2581 616 2622 repetierimus

276 2635 340 2663 279
368 2632 460 2672 Viro]
486 2633 539 2663 De
561 2632 684 2672 Ulysse
702 2630 864 2673 loquitur,
881 2632 935 2662 cui

234 2682 417 2722 Neptunus
443 2687 584 2724 propter
606 2686 817 2713 excaecatum
833 2682 937 2714 tilium

236 2733 484 2776 Polyphemum
527 2733 626 2766 valde
669 2732 821 2766 infensus
860 2733 938 2775 suit,

984 1690 1153 1722 quemque
1170 1683 1302 1710 tantum
1320 1688 1385 1710 non
1402 1678 1565 1719 perdidit.

1027 1734 1090 1762 280
1107 1731 1258 1771 Semeles]
1282 1730 1369 1761 Haec
1386 1729 1505 1762 Cadmi
1523 1729 1589 1761 fuit
1604 1727 1686 1767 filia,

984 1781 1079 1822 cujus
1094 1791 1188 1811 soror
1204 1779 1280 1819 Ino,
1297 1780 1329 1810 in
1347 1780 1573 1811 Leucotheam
1591 1779 1690 1809 mari-

984 1841 1061 1862 nam
1078 1833 1190 1862 Deam
1216 1835 1359 1870 mutata,
1383 1829 1496 1871 Ulyssi
1522 1827 1686 1869 naufrago

985 1894 1084 1924 opem
1103 1883 1193 1914 tulit.

1027 1936 1088 1964 281
1130 1932 1231 1973 Unus]
1262 1932 1408 1964 Metiuni
1434 1930 1612 1963 Suffetium
1638 1930 1688 1961 in-

985 1983 1115 2023 tellige,
1131 1982 1341 2014 Albanorum
1358 1992 1491 2022 regem3
1511 1990 1612 2022 quem
1629 1979 1690 2010 foe-

985 2033 1075 2064 deris
1092 2036 1265 2073 ruptorem
1282 2032 1370 2062 inter
1394 2031 1477 2062 duos
1496 2040 1614 2062 currus
1638 2039 1689 2060 re-

985 2084 1125 2123 ligatum
1145 2082 1340 2123 pernicibus
1357 2082 1451 2122 equis
1466 2082 1582 2112 Tullus
1600 2080 1689 2111 Hos-

987 2135 1079 2166 tilius
1110 2133 1280 2165 distraxit.
1336 2133 1438 2164 Hunc
1468 2142 1548 2164 vero
1574 2142 1617 2163 ex
1647 2140 1690 2162 eo

987 2184 1174 2216 credideris
1188 2184 1358 2215 Nasonem
1374 2188 1506 2222 taxare,
1519 2181 1607 2224 quod
1624 2180 1690 2222 pri-

986 2246 1076 2267 mum
1093 2235 1175 2266 illud
1194 2240 1294 2276 atque
1317 2234 1469 2264 ultimum
1486 2232 1591 2262 fuisse
1612 2240 1690 2270 sup·

988 2286 1126 2325 plicium
1155 2284 1246 2324 apud
1276 2284 1444 2314 Romanos
1471 2281 1609 2320 scripsit
1635 2280 1689 2311 Li-

987 2336 1071 2365 vius.

1030 2385 1092 2413 283
1119 2382 1182 2417 Qui
1199 2381 1325 2421 redimi]
1356 2379 1498 2410 Attilius
1526 2380 1691 2420 Regulus,

989 2432 1045 2473 qui
1063 2436 1183 2471 captus
1200 2439 1217 2460 a
1235 2429 1570 2469 Carthaginiensibus
1593 2434 1628 2460 et
1643 2430 1691 2460 le-

989 2487 1087 2523 gatus
1103 2481 1145 2511 ab
1163 2480 1226 2510 illis
1244 2480 1385 2510 Romam
1409 2480 1541 2519 missus,
1557 2480 1692 2511 diversa

989 2541 1088 2573 quam
1102 2531 1215 2561 hostes
1230 2529 1475 2560 mandaverant
1491 2531 1635 2569 censuit,
1648 2539 1692 2562 ne

989 2591 1057 2622 pax
1074 2580 1183 2620 fieret,
1199 2589 1284 2610 neve
1301 2579 1566 2610 commutatione
1583 2580 1692 2621 capti-

990 2640 1106 2662 vorum
1121 2630 1344 2670 reciperetur.
1391 2629 1619 2662 Quamobrem
1637 2629 1693 2660 alii

990 2682 1025 2713 in
1041 2689 1145 2713 cavea
1162 2680 1398 2721 undecumque
1415 2680 1542 2711 aculeis
1556 2679 1692 2711 horrida

993 2733 1035 2766 ab
1061 2730 1213 2764 hostibus
1240 2735 1444 2774 peremtum,
1460 2730 1516 2762 alii
1532 2729 1626 2761 cruci
1642 2727 1691 2760 af-
