1877 3193
467 503 541 559 P.
598 502 895 560 OVIDII
952 503 1341 565 NASONIS

613 680 1188 733 EPISTOLARUM

345 849 588 926 EX
735 856 1451 937 P-ONTO

692 1047 953 1097 LIBER
1009 1050 1107 1097 ΙΙΙ.

678 1430 1019 1478 EPISTOLA
1064 1433 1108 1477 Ι.

786 1590 1014 1633 UXORI.

714 1720 1066 1758 ARGUMENTUM.

167 1820 273 1851 Hanc
288 1818 386 1860 hujus
401 1818 477 1849 libri
494 1817 636 1858 primam
653 1817 834 1857 epistolam
857 1817 900 1848 ad
924 1827 1064 1848 uxorem
1085 1818 1204 1859 mittit,
1219 1819 1272 1850 cui
1289 1819 1444 1852 Ponticae
1463 1822 1620 1864 regionis,

207 1872 265 1903 ubi
278 1871 451 1911 exulabat,
466 1870 680 1902 incommoda
695 1874 832 1900 narrat:
859 1869 982 1910 quibus
1007 1870 1092 1902 dicit
1118 1871 1243 1903 debere
1267 1872 1316 1902 illi
1338 1873 1475 1904 minime
1499 1876 1618 1906 mirum

206 1924 315 1955 videri
341 1924 370 1955 si
393 1922 536 1954 mitioris
552 1922 613 1952 soli
636 1922 775 1953 exilium
792 1921 902 1962 petit:
928 1932 996 1962 qua
1011 1923 1043 1952 in
1067 1933 1102 1954 re
1119 1923 1193 1963 ipsa
1209 1933 1270 1963 pro
1287 1925 1410 1956 marito
1425 1925 1529 1957 debet
1544 1936 1617 1967 prae

208 1977 333 2008 ceteris
357 1976 521 2016 laborare,
535 1975 561 2006 si
585 1975 658 2006 vult
682 1974 777 2005 bonae
804 1974 917 2005 uxoris
943 1973 1053 2006 officio
1080 1974 1183 2016 fungi.
1228 1976 1339 2008 Docet
1365 1977 1489 2008 deinde
1506 1978 1540 2008 id
1554 1979 1618 2010 sibi

205 2028 365 2069 praestari
383 2038 495 2069 posse,
518 2028 545 2059 si
571 2028 613 2059 ad
638 2028 742 2059 Liviae
762 2027 903 2067 Augusti
930 2028 1044 2058 uxoris
1069 2028 1261 2068 praesidium
1281 2029 1496 2070 confugerit:
1520 2031 1619 2071 cujus

207 2080 421 2112 clementiam
437 2091 475 2112 ac
488 2081 730 2122 benignitatem
741 2081 901 2122 exponit:
927 2081 967 2111 ad
984 2091 1083 2121 quam
1099 2091 1168 2112 rem
1181 2082 1411 2123 peragendam
1423 2083 1617 2124 eligendum

206 2143 279 2164 esse
295 2138 427 2174 teinpus
443 2133 600 2165 idoneum
617 2133 792 2165 admonet:
826 2143 891 2174 quo
908 2138 1010 2173 pacto
1026 2138 1138 2165 autem
1164 2134 1197 2165 id
1221 2135 1402 2177 agendum,
1416 2136 1539 2177 quidve
1555 2145 1615 2178 pe-

206 2185 347 2218 tendum
363 2187 419 2226 sit,
432 2187 679 2227 elegantissime
696 2186 824 2227 colligit
842 2186 962 2218 Poeta.

163 2292 379 2358 AEQUOR
403 2308 584 2350 Iasonio
603 2308 822 2362 pulsatum
844 2309 1001 2362 remige
1023 2309 1226 2363 primum,

219 2375 422 2429 Quaeque
437 2388 516 2417 nec
536 2376 659 2418 hoste
679 2376 786 2427 sero,
808 2389 888 2417 nec
907 2377 1020 2427 nive,
1041 2380 1153 2418 terra
1174 2389 1297 2417 cares
1315 2390 1326 2427 ;

206 2480 298 2512 Mare
312 2481 445 2522 primum
459 2483 615 2521 agitatum
631 2492 651 2514 α
662 2482 779 2521 remige
796 2481 931 2522 Iasonio,
954 2486 984 2513 et
1003 2483 1110 2523 Terra,
1124 2492 1191 2522 quae
1206 2492 1302 2522 neque
1318 2483 1464 2512 destituta
1479 2490 1511 2512 es
1525 2480 1610 2511 hoste

810 2573 948 2605 NOTAE

206 2635 221 2662 l
250 2630 386 2670 Iasonio]
415 2631 575 2664 Jasonem
591 2634 684 2675 Argo
700 2636 776 2667 navi
797 2646 856 2677 per
911 2644 1045 2667 aureum
1062 2637 1196 2663 vectum
1214 2633 1247 2662 in
1265 2633 1402 2663 Metam.
1420 2631 1573 2664 vidimus.

165 2681 345 2713 Ponticum
367 2689 457 2712 mare
479 2683 518 2712 ad
537 2683 733 2721 rapiendum
751 2687 856 2717 vellus
953 2688 972 2715 2
996 2682 1106 2722 Terra]
1136 2682 1327 2722 Scythicam
1346 2682 1536 2723 alloquitur.
