1877 3193
654 203 896 235 TRISTlUM
932 204 1027 234 me.
1061 204 1106 234 v.
1138 194 1177 235 3.

195 301 376 344 Scilicet
394 301 506 342 hanc
526 300 666 354 legem
686 304 842 342 nentes
864 300 1017 342 fatalia
1038 301 1193 341 Parcae

1533 195 1647 236 2445

253 370 450 411 Stamina
469 369 537 410 bis
559 369 702 421 genito
722 369 790 411 bis
813 370 1009 410 cecinere
1031 369 1126 410 tibi.

197 435 273 476 Me
293 449 483 490 quoque,
502 436 539 476 si
561 435 628 476 fas
647 440 715 477 est
736 437 952 490 exemplis
974 436 1036 477 ire
1059 436 1267 485 Deorum,

252 502 410 544 Ferrea
429 516 525 543 sors
546 503 648 544 vitae
672 503 946 556 difficilisque
969 502 1142 555 premit.

195 568 281 610 Illo
301 583 382 611 neo
401 571 539 611 levius
561 570 716 619 cecidi,
739 583 868 623 quein
891 582 1049 621 magna
1069 569 1261 611 locutum

254 637 433 690 Repulit
454 650 481 677 a
501 637 666 677 Thebis
686 637 860 690 Jupiter
889 637 988 688 igne
1011 649 1107 678 suo.

1593 636 1649 678 30

196 703 258 745 Ut
277 708 417 745 tamen
437 704 595 745 audisti
619 718 872 757 percussum
892 704 1071 744 fulmine
1087 708 1250 753 vatem,

251 769 489 812 Admonitu
508 773 658 813 matris
679 773 960 814 condoluisse
982 776 1123 825 potes.

195 838 254 878 Et
273 844 418 892 poteS‚
441 841 661 892 aspiciens
682 841 844 880 circum
868 846 945 879 tua
965 852 1092 879 sacra
1111 836 1284 892 poetas,

253 906 417 948 Nescio
439 909 534 960 quis
554 908 706 956 nostri,
728 908 886 956 dicere,
909 908 1051 947 cultor
1072 907 1210 948 abest.

194 973 295 1024 Fer,
316 976 426 1016 bone
449 975 595 1024 Liber,
618 988 773 1028 opem:
805 976 869 1015 sic
891 976 1023 1016 altam
1044 974 1250 1027 degravet
1267 974 1433 1015 ulmum

1590 973 1649 1016 35

250 1042 385 1093 Vitis,
407 1049 451 1084 et
471 1044 641 1084 incluso
663 1044 793 1096 plena
813 1043 870 1084 sit
892 1055 979 1083 uva
1000 1056 1134 1083 mero.

194 1108 270 1150 Sic
290 1110 368 1150 tibi
390 1124 487 1150 cum
509 1110 698 1151 Bacchis
719 1110 973 1164 Satyrorum
994 1122 1132 1163 gnava
1145 1110 1352 1163 juventus

251 1176 396 1227 Adsit,
418 1182 461 1218 ct
479 1179 667 1219 attonito
687 1192 775 1218 non
796 1183 966 1218 taceare
986 1189 1106 1217 sono.

193 1285 350 1317 trahentes
354 1286 415 1326 fila
423 1286 541 1323 focalia
556 1287 703 1316 dixerunt
720 1287 798 1316 laune
814 1286 910 1323 legem
928 1283 987 1314 tibi
1003 1283 1048 1314 bis
1065 1286 1148 1314 nato.
1193 1283 1353 1323 Siquidem
1369 1283 1438 1314 licet
1448 1283 1534 1321 ferri
1548 1293 1649 1314 exem-

191 1329 256 1367 plis
271 1328 418 1365 Deorum,
443 1328 576 1358 conditio
599 1328 673 1358 rz'toe
689 1329 766 1358 dura
782 1331 872 1367 atque
896 1327 1005 1365 gravis
1020 1336 1066 1357 me
1083 1327 1177 1357 etium
1192 1330 1295 1365 urget.
1342 1327 1450 1366 Neque
1467 1326 1564 1358 lenius
1576 1337 1648 1366 pro-

190 1369 279 1400 cubui
295 1370 359 1408 illo,
375 1379 461 1409 quem
476 1370 605 1409 superba
620 1370 752 1401 locutum
768 1370 897 1409 Jupiter
912 1369 1087 1400 deturbavit
1104 1369 1214 1399 Thebis
1229 1379 1282 1399 suo
1291 1368 1439 1406 fulmine.
1479 1369 1647 1409 Postquam

192 1416 294 1443 tamen
311 1412 455 1452 accepisti
471 1413 599 1443 Paetum
614 1414 709 1444 ictum
718 1413 864 1451 fulmine,
877 1416 965 1452 potes
980 1412 1144 1442 indoluisse
1160 1412 1370 1442 recordatione
1386 1411 1504 1443 matris.
1542 1414 1648 1451 Atque

188 1458 276 1494 potes
290 1455 402 1493 dicere,
419 1455 524 1486 ridens
548 1459 633 1486 vates
657 1456 740 1486 circa
767 1459 821 1485 tua
837 1465 937 1491 sacra,
963 1455 1073 1485 Nescio
1093 1455 1161 1494 quis
1188 1455 1287 1485 nostri
1301 1456 1400 1485 cultor
1423 1454 1519 1485 abest.
1565 1456 1649 1486 Ades

190 1497 318 1537 auxilio,
333 1497 408 1528 bone
425 1498 548 1528 Bacche
561 1509 571 1533 ;
595 1498 640 1528 ita
669 1498 742 1529 vitis
769 1501 872 1528 oneret
894 1497 1054 1527 sublimem
1077 1498 1203 1534 ulmeam,
1219 1501 1248 1527 et
1266 1507 1324 1527 uva
1350 1497 1392 1527 sit
1416 1498 1507 1537 plena
1532 1496 1648 1527 incluso

190 1540 273 1572 uino.
319 1540 371 1571 lta
386 1541 498 1570 alueris
511 1541 662 1578 juventus
688 1539 874 1581 Satyrorum
891 1543 920 1570 te
936 1540 1099 1570 comitetur
1120 1549 1187 1569 cum
1210 1540 1369 1576 Bacchis,·
1393 1543 1421 1570 et
1439 1549 1497 1570 non
1513 1539 1650 1571 tacearis

803 1612 1037 1623 eeeeeeeeeeee

191 1657 277 1686 -26
299 1654 444 1686 Strozzoe
460 1655 544 1685 liber
563 1656 711 1686 Carmina
727 1665 788 1696 pro
805 1655 1044 1687 Stamina—28
1068 1656 1162 1687 Unus
1179 1656 1330 1687 Gallicus
1349 1657 1405 1687 cit.
1421 1655 1649 1696 dissimilisque.

193 1700 279 1727 -29
303 1697 371 1727 Alii
386 1698 494 1727 melius
512 1707 572 1736 pro
589 1699 780 1730 Zeuma—30
805 1700 943 1739 Septem
970 1699 1047 1729 libri
1072 1699 1229 1738 Depulzt:
1253 1704 1319 1729 tres
1348 1699 1500 1738 Impulit:
1537 1699 1596 1729 Be.
1613 1703 1649 1729 et

194 1738 261 1769 duo
278 1739 435 1779 Expulit5
458 1740 601 1771 totidem
632 1741 770 1777 Obruit;
797 1751 880 1772 unus
908 1742 1064 1781 Appulit;
1087 1741 1168 1771 alius
1195 1742 1410 1773 Attulit.—31
1439 1742 1507 1772 Pro
1528 1750 1649 1780 percus-

195 1791 260 1812 sum
276 1781 428 1812 Gallicus
446 1792 529 1813 unus
545 1783 719 1821 affectum,-
741 1784 829 1824 quod
856 1784 973 1814 Burin.
1003 1785 1169 1824 placeret,
1194 1784 1220 1814 si
1247 1784 1414 1824 superiori
1439 1794 1485 1815 vs,
1516 1783 1649 1824 Depulit

194 1824 463 1864 legeretur.-32
488 1826 656 1856 Admonitu
673 1827 783 1857 matris
809 1825 940 1857 Clofan.
959 1827 1103 1867 protulit
1127 1836 1169 1857 ex
1193 1827 1233 1856 V.
1274 1828 1365 1866 vulg.
1390 1827 1568 1857 Admonitis
1581 1836 1648 1856 nos-

194 1867 272 1898 tris.-
296 1867 329 1897 in
347 1866 559 1908 quibusdam,
578 1878 659 1909 quos
685 1869 799 1899 laudat
820 1869 968 1908 Merula,
991 1869 1168 1900 Admonilis
1191 1870 1320 1899 matris.-
1347 1869 1444 1900 Leid.
1463 1869 1648 1900 Demonitu.

194 1909 278 1939 Mox
294 1909 356 1940 Be.
371 1913 461 1950 pules
479 1919 538 1949 pro
553 1913 734 1949 potesse—33
759 1911 876 1942 Comb.
889 1912 972 1942 circa
987 1921 1048 1950 pro
1063 1912 1187 1942 circum.
1210 1912 1295 1942 'l'uni
1314 1911 1380 1942 duo
1397 1912 1439 1942 V.
1455 1920 1509 1941 sua
1525 1920 1649 1942 sacr.—

195 1953 234 1982 35
259 1951 367 1983 Altam
383 1953 551 1989 meliores,
568 1958 654 1983 teste
671 1953 793 1984 Heius.
820 1954 909 1993 vulg.
936 1954 1052 1984 ultera:
1078 1954 1159 1984 Lov.
1182 1954 1284 1984 etiam
1299 1955 1493 1984 ‹utinm—36
1519 1954 1601 1983 Lov.
1618 1956 1649 1983 et

196 1993 298 2031 infuso
321 1996 486 2035 plen.—37
514 1995 582 2025 Pro
606 2005 708 2034 gnara
733 1995 866 2037 quidam
896 2001 978 2027 vett.
1003 1997 1095 2033 lcctu,·
1130 2000 1271 2036 uterque
1299 1995 1374 2026 Pol.
1399 2005 1518 2034 gnare:
1553 1995 1653 2026 multi

850 2080 994 2112 NOTAE

197 2152 272 2174 nem
290 2143 424 2184 subegit
443 2145 543 2175 etiam
565 2145 731 2176 Bacchus.

241 2193 390 2233 Gangen]
425 2194 530 2225 Indioe
557 2200 607 2225 est
637 2194 759 2226 fluvius
790 2195 891 2225 maxi-

195 2252 280 2273 mus.

236 2295 277 2324 2⁴
301 2292 447 2332 Decolor]
471 2293 603 2324 ‘Indice
623 2294 766 2333 populus
794 2294 891 2333 niger

195 2346 230 2373 et
256 2343 334 2373 mali
363 2343 553 2383 c‹›101·is,0l›
578 2344 712 2374 nimium
739 2345 825 2375 Solis
842 2355 892 2375 ar-

196 2391 334 2423 dorem.’
360 2393 448 2423 Plin.

238 2445 277 2472 25
297 2442 388 2472 Hunc
401 2443 512 2483 Iegem]
530 2443 576 2474 [t
592 2444 705 2474 multis
720 2444 891 2475 laboribus

198 2492 317 2522 coelnni
334 2498 482 2532 peteres.
520 2494 566 2524 At
584 2495 667 2524 enim
688 2504 752 2524 non
775 2496 891 2525 Part-an

199 2540 307 2580 modo,
324 2543 382 2571 sed
400 2543 469 2582 ipsa
485 2554 595 2573 reruni
613 2548 743 2580 natura,
757 2544 812 2574 sed
830 2544 893 2574 Dei

198 2589 371 2628 Sapientia
386 2597 486 2632 atque
502 2594 640 2624 Bonitas
658 2595 704 2625 ita
721 2604 804 2634 opus
822 2604 892 2625 csse

200 2637 292 2668 facio
311 2645 425 2678 aperte
442 2641 602 2674 indicant.

243 2692 283 2719 26
309 2689 380 2729 Bis]
402 2690 458 2719 nis
483 2693 626 2733 genium,
653 2699 711 2726 aut
738 2695 894 2732 binmtvr,

199 2748 303 2780 quale
318 2739 448 2769 dicutur
465 2739 629 2781 llaec-llus,
645 2744 699 2783 qui
716 2754 756 2775 ex
776 2749 893 2775 venti-e

945 2145 1109 2183 Semeles,
1121 2143 1245 2175 deinde
1263 2148 1296 2175 et
1310 2143 1405 2175 Jovis
1423 2142 1561 2182 femore,
1574 2152 1650 2184 pro-

946 2195 1022 2231 diit,
1040 2195 1170 2235 prolixe
1187 2194 1290 2225 habes
1306 2194 1338 2223 in
1359 2193 1499 2224 Metam.

987 2248 1028 2275 29
1054 2244 1127 2284 Illo]
1166 2246 1345 2285 Capaneus
1362 2249 1425 2283 est,
1455 2243 1496 2274 de
1523 2253 1588 2284 quo
1615 2244 1649 2274 in

946 2295 1196 2335 superioribus;
1216 2296 1270 2335 qni
1289 2293 1465 2333 magnifica
1483 2298 1516 2324 et
1530 2302 1649 2333 snper·

946 2346 988 2377 ba
1005 2346 1082 2376 (lum
1095 2346 1268 2386 jactabat,
1286 2344 1426 2375 fulmine
1445 2344 1529 2374 ictus
1547 2348 1611 2374 est.

989 2399 1029 2427 32
1057 2395 1186 2435 Matris]
1201 2396 1333 2427 Semele
1349 2404 1506 2435 namque,
1524 2394 1648 2424 Bacchi

946 2452 1067 2483 mater,
1092 2446 1188 2478 Jovis
1214 2446 1290 2486 igne
1315 2444 1557 2484 conflagravit:
1583 2451 1649 2484 qua

946 2497 987 2527 (le
1007 2508 1041 2527 rc
1061 2497 1092 2526 in
1110 2497 1253 2527 Metam.

991 2550 1030 2575 35.
1060 2546 1197 2585 Ulunnn]
1221 2544 1283 2575 Cui
1300 2543 1375 2573 vitis
1393 2542 1560 2574 inuititur.

990 2599 1027 2627 37
1055 2595 1204 2633 Bacchis]
1229 2595 1313 2624 Quat
1332 2592 1434 2622 etiarn
1452 2592 1575 2632 thyrsis
1597 2602 1647 2623 ar-

947 2650 1046 2676 matae
1075 2644 1197 2675 Bacchi
1230 2642 1420 2673 exercituin
1445 2647 1571 2674 secutae
1599 2643 1648 2674 di-

949 2701 1082 2726 cuntur.

991 2747 1031 2775 35
1055 2742 1215 2782 Αιιοηιίυ]
1260 2742 1347 2775 Quia
1377 2743 1514 2775 attoniti
1543 2748 1645 2787 atque
