1877 3193
198 123 312 164 2544
687 135 727 164 1¹.
760 135 919 165 ov1n11
954 134 1169 165 NAsoms

202 229 303 280 Quo
323 229 432 270 libet
454 230 495 270 in
514 243 692 271 numero
712 243 797 279 me,
822 229 1091 279 MessalIffle,
1114 243 1297 283 repone:

257 295 349 336 Sim
370 297 501 337 modo
521 310 625 349 pars
646 300 798 337 vestrae
820 309 907 336 non
928 296 1070 336 aliena
1091 296 1263 337 domus.

199 362 256 403 Et
275 364 390 404 mala
413 364 639 406 Nasonem
665 364 892 418 (quoniam
912 365 1122 404 meruisse
1144 361 1336 417 videtur)

257 430 306 470 Si
327 444 412 471 non
432 431 539 472 serre
561 432 697 481 doles,
718 436 761 472 at
781 433 993 472 meruisse
1016 432 1130 473 dole.
1597 432 1653 474 70

196 550 276 581 suti.
322 551 512 589 Messalline,
528 550 635 581 habeto
651 560 697 580 me
713 551 743 581 in
769 550 899 590 quolibet
917 553 1035 591 ordine,
1052 553 1123 582 dum
1137 553 1195 582 sim
1208 562 1282 592 pars
1296 553 1398 592 aliqua
1413 554 1522 583 vestrae
1536 552 1652 581 domus.

198 595 244 624 Et
258 594 285 624 si
300 603 361 623 non
368 593 439 631 fers
452 603 534 632 (egre
552 594 707 623 Nasonem
722 594 791 633 pati
805 604 972 634 (erumnas,
987 595 1228 635 quandoquidem
1249 596 1371 625 videtur
1385 596 1514 634 dignum
1530 603 1605 634 esse,
1620 596 1653 624 at

197 636 376 675 mgreseras
392 646 465 666 euin
483 636 625 666 meritum
641 645 714 667 esse.

811 707 1046 720 eeeeeeeeeeee

198 764 384 801 immunitos,
409 772 543 792 causam
561 771 633 791 esse
653 761 800 799 volebas,
824 770 883 791 cnr
911 766 945 792 te
972 762 1143 801 colerent3
1176 769 1212 794 ut
1236 765 1283 795 ita
1309 765 1551 796 liberalitatem
1579 765 1653 805 ejus

198 806 361 836 celebret.
394 806 403 821 ‘
420 804 518 834 Data’
542 814 602 843 pro
621 804 715 834 donis
732 803 856 843 passim
884 804 974 843 apud
992 804 1131 843 Poenas,
1147 811 1184 836 ut
1210 807 1313 846 Prop.
1341 816 1396 838 111.
1416 811 1466 838 13.
1484 811 1516 839 9.
1546 809 1555 825 ‘
1573 808 1652 838 Heu

196 849 297 878 nullis
314 853 415 887 capta
432 847 582 886 Lycinna
610 846 717 876 datis!
757 846 884 876 Noster
900 846 987 877 Met.
1005 855 1053 877 Vl.
1069 850 1142 878 462.
1165 849 1174 865 ‘
1201 848 1391 888 ingentibus
1417 851 1509 881 illam
1536 850 1654 880 Solici-

197 895 268 919 tare
285 889 401 919 datis!
446 890 545 928 Soepe
570 889 579 905 ‘
598 888 678 919 data
693 888 843 918 munera'
872 888 974 919 etiam
992 889 1122 920 dicunt.
1171 891 1291 931 Officiis
1316 902 1407 921 causa
1430 893 1569 932 pluribus
1592 902 1654 923 esse

196 932 264 962 dati
281 932 480 962 Bersmanni
496 931 620 962 Editio.
644 931 847 962 Barna—69
872 931 932 962 Pr.
949 931 1012 962 Ed.
1029 941 1096 971 (μα’
1111 942 1170 963 non
1187 943 1248 973 pro
1265 934 1418 974 quoniam.

859 1029 998 1061 NOTAE

196 1102 276 1134 satis
301 1106 465 1142 apparet:
505 1103 740 1134 Messallinmn
775 1112 899 1143 nempe
955 1104 1035 1135 satis
1047 1104 1211 1137 declaret.
1242 1106 1376 1146 Nempe
1391 1105 1445 1137 hic
1462 1106 1548 1137 latet
1563 1115 1652 1136 men-

195 1154 348 1194 piurimis
365 1154 572 1184 consuluisse
586 1160 620 1184 et
635 1155 768 1184 dedisse
786 1155 899 1194 potius
954 1155 1043 1187 dum.

198 1214 297 1244 quam
329 1204 511 1244 accepisse.
573 1206 660 1237 Quid
689 1210 801 1236 autem
825 1205 899 1245 ejus
996 1209 1037 1236 70
1062 1206 1228 1247 Meruisse]
1254 1206 1365 1239 Acute
1382 1216 1472 1238 sane.

197 1254 302 1285 verba
332 1259 452 1286 sonent
484 1255 608 1286 Latine
634 1256 689 1285 vix
706 1255 897 1296 'quisquam

626 1646 1036 1696 EPISTOLA
1090 1647 1235 1694 VIII.

789 1813 1054 1855 SEVERO.

748 1974 1106 2007 ARGUMENTUM.

197 2070 339 2101 SEVERO
351 2069 459 2101 amieo
473 2070 613 2110 exponit
630 2079 665 2100 se
678 2069 828 2101 cinctum
846 2071 1007 2109 hostibus,
1024 2071 1056 2101 in
1071 2070 1209 2101 assiduis
1225 2080 1358 2111 semper
1372 2069 1498 2110 praeliis
1512 2070 1652 2107 versari,

239 2123 392 2163 miroque
410 2122 607 2161 amicorum,
623 2123 789 2162 conjugis,
800 2123 891 2163 filiae,
903 2128 937 2154 et
955 2124 1072 2163 patriae
1090 2124 1261 2154 desiderio
1276 2123 1393 2154 teneri.
1430 2123 1533 2154 Simul
1548 2123 1652 2161 dolet,

240 2175 330 2215 quod
348 2184 424 2205 cum
449 2179 566 2205 careat
582 2176 747 2214 praediolo
765 2180 798 2205 et
823 2176 942 2214 hortis,
959 2177 1096 2212 arando,
1121 2176 1325 2214 seminando,
1347 2185 1444 2205 curas
1464 2175 1650 2205 imminuat.

239 2227 379 2266 Colligit
395 2231 507 2257 tamen
525 2236 595 2266 prae
612 2228 757 2257 hostium
771 2228 1000 2267 multitudine,
1013 2238 1086 2267 quae
1099 2229 1313 2257 Tomitanam
1330 2228 1502 2256 civitatem
1517 2234 1651 2264 semper

239 2278 415 2318 infestant,
440 2289 506 2309 non
525 2289 623 2318 posse
640 2280 673 2310 id
701 2280 765 2310 sibi
793 2282 960 2320 praestari.
1009 2281 1181 2311 Postremo
1207 2281 1344 2310 laetatur
1362 2279 1450 2319 qnod
1478 2282 1598 2310 eontra
1616 2278 1650 2309 iu

238 2332 367 2362 Severo
393 2331 460 2361 sint
485 2331 594 2361 omnia
611 2330 777 2361 secunda:
803 2337 994 2373 monetque,
1011 2336 1048 2362 ut
1064 2332 1226 2371 impetret
1250 2332 1358 2362 locum
1382 2332 1526 2372 aliquem
1542 2332 1649 2372 magis

241 2384 468 2425 propinquum
483 2383 554 2414 dari
574 2383 637 2414 sibi
655 2383 697 2414 ab
716 2384 881 2423 Augusto.

201 2490 254 2545 A
280 2517 379 2545 'l'lssl
404 2506 563 2545 dilecto
583 2506 764 2546 missam
787 2506 968 2547 Nasone
987 2506 1171 2546 salutem

259 2574 442 2627 Accipe,
464 2586 568 2626 pars
588 2573 745 2615 animae
763 2586 934 2627 magna,
962 2574 1134 2622 Severe,
1155 2585 1279 2613 meae.

243 2680 366 2721 Severe,
379 2692 454 2722 pars
463 2693 576 2722 magna
587 2683 699 2714 animoe
710 2694 798 2725 meoe,
809 2684 912 2725 accipe
927 2684 1056 2715 salutem
1071 2684 1194 2715 missam
1205 2694 1224 2714 α
1236 2684 1360 2715 Nasone
1371 2683 1427 2715 tibi
1439 2693 1520 2716 caro.
1563 2684 1648 2714 Neve
