1877 3193
631 168 870 199 Tuisrium
906 168 1002 200 mu.
1034 169 1080 200 v.
1115 158 1158 198 7.

165 261 371 304 Carmina
391 262 510 317 quod
530 263 660 316 pleno
681 264 831 304 saltari
850 267 999 305 nostra
1019 263 1233 314 Theatro,

1506 158 1618 200 2463

1564 263 1621 305 25

222 330 432 371 Versibus
452 335 493 370 et
513 330 662 382 plaudi
683 332 857 382 scribis,
880 332 1037 381 amice,
1057 332 1193 373 meis:

166 398 247 439 Nil
267 399 465 451 equidem
489 397 572 437 feci
601 397 670 451 (tu
690 399 779 438 scis
800 399 883 440 hoc
906 397 1029 452 ipse)
1056 399 1264 440 theatris:

225 464 358 505 Musa
377 477 456 504 nec
478 464 522 502 in
542 464 724 516 plausus
747 466 985 506 ambitiosa
1005 478 1103 505 mea
1123 470 1205 506 est.

167 532 265 573 Nec
287 537 429 572 tamen
450 532 663 583 ingratum
684 535 764 581 est,
787 531 1091 586 quodcumque
1113 532 1283 573 oblivia
1300 534 1440 575 nostri

224 597 429 652 Impedit,
451 602 494 639 et
511 598 683 651 profugi
709 611 866 640 nomen
885 600 930 639 in
952 612 1028 640 ora
1045 599 1188 640 refert.
1567 601 1622 643 30

167 666 383 717 Quamvis
404 665 633 715 interdum,
655 680 756 720 quae
776 680 845 707 me
867 667 1039 708 laesisse
1059 667 1278 717 recordor,

224 733 427 775 Carmina
448 732 659 783 devoveo,
684 733 971 787 Pieridasque
992 746 1115 773 meas
1133 747 1142 773 ε

167 801 276 842 Cum
295 801 403 841 bene
423 800 596 849 devovi,
617 814 786 853 nequeo
808 806 949 840 tamen
970 813 1065 840 esse
1086 800 1180 840 sine
1201 799 1288 841 illis
1307 815 1316 841 t

220 868 577 920 Vulneribusque
599 868 706 907 meis
727 868 811 908 tela
832 872 1008 907 cruenta
1028 879 1201 920 sequor.

168 935 370 988 Quaeque
392 935 522 974 modo
545 934 754 974 Euboicis
775 934 970 974 lacerata
990 938 1058 974 est
1083 934 1301 985 fluctibus,
1323 935 1454 977 audet

1568 937 1624 978 35

223 1001 362 1043 Graia
383 1000 658 1054 Caphaream
679 1013 848 1041 currere
869 1002 1033 1054 puppis
1055 1013 1228 1054 aquam.

166 1118 211 1147 ris
227 1118 309 1147 inter
332 1117 399 1146 illos
411 1116 426 1147 !
474 1116 516 1146 Et
534 1120 636 1147 tamen
652 1115 765 1146 Diones
779 1115 842 1146 sint
854 1116 960 1156 procul
975 1115 1013 1146 ab
1028 1116 1139 1146 odiosis
1154 1116 1227 1146 Iocis
1239 1115 1254 1146 !
1279 1115 1370 1150 Quod
1384 1115 1493 1146 scribis
1503 1118 1624 1146 nostros

168 1169 270 1190 versus
282 1159 394 1189 saltari
405 1159 493 1198 pleno
510 1160 640 1197 theatro,
657 1162 684 1189 et
706 1159 813 1197 plaudi
826 1159 940 1188 nostris
954 1158 1153 1195 carminibus,
1171 1158 1248 1188 nihil
1262 1158 1401 1197 equidem
1416 1158 1526 1197 scripsi
1542 1159 1627 1189 thea-

167 1203 236 1241 tris,
251 1205 285 1231 tu
301 1202 364 1241 ipse
379 1201 434 1231 hoc
448 1202 531 1237 scis;
555 1210 648 1240 neque
678 1201 775 1230 Musa
800 1209 867 1230 mea
891 1203 936 1230 est
963 1199 1126 1230 ambitiosa
1149 1200 1183 1230 in
1203 1201 1340 1239 plausus.
1391 1200 1497 1239 Neque
1523 1203 1625 1230 tamen

167 1244 307 1283 displicet
322 1243 463 1283 quicquid
482 1243 625 1282 prohibet
648 1242 762 1272 oblivia
784 1242 892 1279 nostri,
918 1245 947 1271 et
963 1241 1060 1278 refert
1087 1251 1194 1272 nomen
1210 1242 1312 1272 exulis
1326 1242 1359 1272 in
1378 1252 1445 1272 ora.
1489 1243 1626 1273 Tametsi

168 1296 378 1325 nonnunquam
403 1286 480 1314 male
501 1294 609 1323 precor
636 1284 783 1322 versibus,
809 1293 883 1322 quos
909 1283 1036 1314 memini
1058 1283 1231 1323 perdidisse
1251 1294 1311 1323 me,
1336 1287 1428 1324 atque
1454 1285 1527 1314 meis
1552 1285 1627 1315 Mu-

165 1329 231 1364 sis,·
250 1330 409 1367 postquam
438 1327 568 1356 multum
596 1326 715 1365 devovi,
739 1336 799 1356 non
822 1335 945 1365 possum
971 1329 1074 1357 tamen
1102 1335 1164 1357 esse
1191 1326 1257 1357 sine
1282 1326 1356 1366 illis,
1380 1330 1410 1356 et
1428 1326 1523 1365 faveo
1553 1327 1625 1357 telis

163 1369 407 1408 sanguinolentis
421 1369 496 1399 meis
511 1368 696 1399 vulneribus.
743 1369 788 1398 Et
813 1378 881 1408 quoe
908 1369 997 1399 navis
1024 1369 1137 1400 Graeca
1151 1379 1249 1409 nuper
1264 1370 1374 1408 fracta
1392 1373 1436 1400 est
1453 1369 1543 1400 undis
1560 1369 1625 1400 Eu-

165 1413 271 1452 boicis,
285 1422 345 1443 non
359 1414 483 1443 veretur
505 1412 623 1442 sulcare
647 1420 758 1452 aquam
786 1411 988 1452 Caphaream.
1033 1413 1141 1452 Neque
1165 1415 1268 1443 tamen
1287 1411 1397 1452 vigilo,
1425 1415 1459 1443 ut
1483 1412 1625 1443 laudibus

773 1515 1008 1526 eeeeeeeeeeee

167 1581 302 1611 Richel.
329 1581 397 1620 vel,
420 1581 516 1619 vitat,
540 1590 598 1610 non
622 1583 653 1610 et
679 1578 841 1610 moriatur.
880 1578 949 1610 Pro
966 1579 1049 1610 viz-at
1066 1579 1099 1610 in
1117 1588 1168 1619 pr.
1183 1578 1225 1610 V.
1248 1579 1363 1611 vidue-5.
1387 1579 1504 1611 Burm.
1521 1579 1622 1611 etiam

168 1624 307 1663 conjicit
320 1625 370 1652 sed
384 1623 410 1653 si
427 1632 502 1652 mor.
520 1623 606 1653 etin
623 1632 694 1662 seq.
722 1632 769 1653 vs.
793 1624 828 1651 ut
855 1631 917 1660 pro
944 1627 993 1652 et.-
1028 1623 1080 1653 vel
1099 1622 1224 1652 retinet
1240 1622 1329 1660 vulg.
1345 1623 1397 1652 sed
1414 1632 1484 1657 non,
1501 1627 1535 1653 et
1551 1627 1624 1653 tum

167 1665 250 1704 legit
266 1668 295 1695 et
314 1665 421 1704 procul
444 1664 542 1695 ambr.
567 1664 719 1695 nonnulli
736 1664 838 1695 etiam
864 1664 928 1694 haec
955 1668 1057 1694 tamen
1080 1665 1176 1695 ambr.
1193 1670 1227 1695 et
1255 1664 1301 1695 sic
1329 1665 1458 1695 Bersm.
1477 1665 1570 1704 cujus
1587 1670 1624 1696 et

168 1707 252 1737 alius
277 1716 383 1736 nomen
407 1709 438 1736 et
461 1706 644 1738 amhn—'25
670 1708 767 1737 Pleno
793 1706 954 1736 (liofanus
982 1706 1113 1746 profert
1140 1716 1181 1736 ex
1208 1707 1344 1746 optimis
1371 1712 1405 1736 et
1430 1712 1516 1737 vett.
1535 1707 1624 1747 vulg.

165 1752 278 1780 vestro.
297 1749 412 1779 Heius.
428 1749 663 1788 suspicabatur
679 1749 755 1779 hinc
774 1758 894 1779 novam
912 1749 1132 1779 inchoandam
1154 1749 1408 1789 Elegian1.-—28
1428 1749 1523 1780 Leid.
1540 1750 1623 1781 Jun.

169 1796 204 1822 et
221 1791 315 1821 multi
327 1791 382 1821 aiii
400 1801 452 1821 nec
467 1795 510 1821 est
526 1793 623 1831 pluas.
639 1791 718 1822 amb.
731 1802 795 1822 mea
809 1802 818 1822 .·
837 1792 898 1821 Be.
916 1792 948 1822 in
963 1792 1070 1832 plausu
1081 1803 1094 1829 ;
1109 1797 1143 1822 et
1159 1792 1324 1831 Excerpt.
1344 1792 1438 1823 Voss.
1455 1793 1487 1822 in
1501 1793 1625 1832 plausus

168 1834 245 1863 amb.
265 1833 434 1870 fuit.——30
463 1834 538 1863 Duo
564 1835 683 1873 scripti
708 1838 736 1864 ee
759 1835 865 1874 populi
890 1844 968 1865 nom.
1012 1835 1098 1864 Tum
1118 1844 1167 1874 pr.
1191 1834 1256 1865 Ed.
1283 1835 1316 1864 in
1342 1844 1392 1864 ore
1415 1834 1473 1872 ref.
1501 1840 1537 1866 et
1555 1840 1623 1866 tres

169 1876 285 1915 scripti
302 1881 336 1906 et
352 1876 413 1905 Ed.
433 1875 561 1916 Mycin.
579 1877 611 1905 in
627 1876 796 1907 urba-32
824 1877 860 1906 P.
881 1877 986 1906 Carm.
1002 1877 1176 1914 devoveam,
1192 1877 1235 1908 P.
1250 1877 1352 1907 Multi
1370 1877 1624 1917 Pieridesque.—

169 1921 208 1949 35
234 1919 317 1951 Jun.
335 1918 414 1953 Quae
430 1920 515 1949 modo
530 1919 563 1948 in
580 1918 748 1949 Eua—36
772 1919 867 1949 Unus
888 1918 1018 1948 Bonon.
1046 1923 1083 1949 et
1108 1917 1240 1949 Arund.
1275 1919 1394 1949 Nostra
1420 1927 1482 1959 pro
1511 1917 1623 1951 Graia.

825 2022 963 2055 NOTAE

171 2097 316 2128 maxime
334 2097 500 2137 videatur,
518 2099 572 2129 cui
597 2099 686 2129 mala
710 2098 777 2129 sint
794 2098 869 2129 vice

172 2147 261 2187 boni,
287 2147 348 2178 sibi
379 2147 466 2178 votis
498 2148 665 2188 deposcit.
710 2148 869 2179 Ceterum

169 2207 209 2227 ea
225 2206 339 2236 causa,
355 2197 442 2237 quod
460 2198 583 2228 malum
605 2198 795 2238 videbatur,
816 2208 870 2228 vo-

170 2246 285 2286 vebat,
302 2257 342 2278 ne
356 2248 445 2278 iuter
456 2248 561 2279 Getas
576 2246 648 2280 fato
659 2247 868 2288 fungeretur.

211 2299 253 2328 24
277 2297 322 2328 Et
347 2298 464 2338 tamen]
506 2297 677 2339 Siquidem
709 2298 741 2328 in
770 2298 871 2330 Getis

172 2347 306 2386 moriar,
333 2352 482 2379 attamen
500 2348 626 2379 Umbra
649 2348 738 2380 absit
764 2348 805 2379 ab
822 2348 869 2379 in-

174 2397 357 2429 visislocis.

214 2449 253 2478 2⁷
279 2449 336 2479 Nil
351 2448 503 2489 equidem]
548 2449 602 2481 Ad
632 2449 768 2481 theatra
794 2458 868 2480 sese

174 2496 346 2536 scripsisse
382 2505 485 2540 negat
523 2500 637 2531 Naso:
677 2509 868 2541 quanquam

175 2544 271 2584 hujus
290 2555 354 2576 non
379 2547 443 2579 fuit
468 2559 601 2589 semper
617 2560 754 2591 memor,
770 2554 806 2581 ut
829 2559 870 2581 ex

176 2596 252 2636 ipso
268 2595 445 2636 aliquando
463 2601 606 2638 patebit,

220 2647 260 2674 29
285 2645 351 2675 Nec
372 2648 488 2686 tumen]
530 2650 616 2681 Quia
633 2661 774 2691 pronum
797 2656 872 2684 erat

179 2700 213 2726 ιιῑ
230 2694 275 2725 ini
294 2693 403 2734 poetae
422 2696 552 2728 veniam
580 2699 621 2730 ab
645 2699 797 2742 Augusto
814 2711 872 2743 pe-

925 2102 1038 2129 terent
1075 2097 1196 2139 qnibus
1233 2099 1306 2139 ejus
1339 2098 1489 2130 carmina
1526 2102 1625 2140 grata

925 2153 1051 2179 essent.

966 2201 1007 2229 32
1031 2198 1192 2240 Pieridas]
1218 2199 1347 2239 Musas,
1362 2199 1424 2231 hoc
1438 2205 1503 2238 est,
1518 2199 1625 2232 studi-

923 2258 978 2280 um
997 2248 1181 2289 poeticum.

966 2302 1005 2331 34
1030 2298 1162 2340 Sequor]
1179 2300 1249 2331 Inis
1260 2310 1314 2332 me
1332 2301 1469 2341 insuper
1485 2299 1624 2342 objicio,

924 2349 1002 2381 dum
1020 2360 1134 2381 versus
1151 2351 1299 2382 scribere
1315 2361 1379 2383 non
1397 2352 1528 2382 omitto.
1556 2351 1624 2381 Ne-

925 2410 989 2441 que
1007 2406 1102 2432 certe
1127 2401 1224 2441 longe
1240 2411 1258 2431 a
1277 2411 1365 2437 vero,
1395 2402 1456 2431 nisi
1483 2409 1534 2430 me
1553 2398 1623 2429 ani-

925 2461 995 2481 mus
1009 2450 1107 2491 fallit,
1120 2451 1202 2482 abiit
1216 2451 1326 2481 Poeta
1339 2462 1347 2488 ;
1359 2459 1546 2489 quanquam
1558 2448 1624 2479 alio

925 2501 998 2541 ejus
1012 2506 1147 2541 spectat
1158 2501 1277 2531 oratio.
1311 2502 1464 2539 Namque
1475 2498 1622 2530 eundem

926 2561 1000 2583 esse
1030 2561 1164 2591 semper
1205 2550 1400 2580 deliciarum
1438 2556 1622 2579 amatorem

925 2602 1008 2633 satis
1021 2609 1188 2641 superque
1203 2609 1243 2629 ex
1258 2599 1331 2630 istis
1345 2599 1446 2629 etiam
1456 2598 1623 2630 Tristibus

926 2656 1032 2692 patet.

968 2703 1008 2731 35
1034 2697 1195 2739 Euboicis]
1226 2697 1391 2730 Euboeam
1402 2697 1505 2740 AEgaei
1520 2697 1622 2730 maris
