1877 3193
582 193 738 225 Episr.
773 194 839 225 Ex
874 195 1032 225 PoN‘ro
1066 194 1162 225 Lm.
1195 195 1228 225 1.
1259 185 1302 225 7.
1552 186 1665 228 2539

211 287 381 341 Ecquis
402 288 444 329 in
465 291 661 329 extremo
682 290 852 343 positus
867 289 989 342 jacet
1010 289 1113 329 orbe
1134 292 1322 337 tuorum,
1638 291 1665 330 5

269 354 347 395 Me
371 359 510 396 tamen
532 361 736 409 excepto,
759 357 832 410 qui
855 370 1007 409 precor
1028 369 1124 396 esse
1147 357 1280 396 tuus‘?

213 422 273 463 Di
293 424 444 477 procul
467 436 492 463 a
509 425 696 473 cunctis,
720 427 795 477 qui
818 430 858 464 te
881 430 1137 463 venerantur
1159 428 1410 477 amantque,

267 489 416 544 Hujus
437 491 636 530 notitiam
658 491 799 542 gentis
820 492 974 529 abesse
995 491 1145 529 velint.

212 555 310 597 Nos
331 559 438 597 satis
459 562 524 597 est
544 558 654 597 inter
673 558 859 609 glaciem
881 556 1203 610 Scythicasque
1225 557 1409 609 sagittas

266 623 427 665 Vivere
446 635 454 662 z
487 625 524 663 si
548 625 640 664 vita
661 629 727 664 est
745 624 898 664 mortis
919 623 1121 663 habenda
1143 636 1294 675 genuS.
1613 626 1668 666 10

211 690 307 732 Nos·
328 697 497 745 premat
517 697 591 732 aut
608 692 727 733 bello
749 692 891 742 tellus,
913 697 987 732 aut
1006 691 1164 743 frigore
1186 691 1345 732 coelum
1364 705 1374 732 ε

266 758 479 813 Truxque
499 760 635 800 Getes
659 761 806 809 armis,
827 759 1034 812 grandine
1055 759 1200 812 pulset
1218 759 1397 812 hyems:

209 826 306 868 Nos
325 827 483 868 habeat
500 829 633 878 regio,
657 841 734 868 nec
756 841 887 881 pomo
908 828 1030 877 foeta,
1053 840 1133 868 nec
1155 828 1255 868 uvis
1274 842 1285 880 3

265 894 321 935 Et
342 895 467 948 cujus
489 897 655 936 nullum
679 900 823 937 cesset
843 897 898 936 ab
920 897 1047 936 hoste
1069 896 1203 937 latus.

209 961 367 1003 Cetera
387 964 442 1003 sit
463 977 622 1017 sospes
645 965 858 1005 cultorum
880 965 1007 1004 turba
1027 967 1225 1015 tuorum3
1615 964 1671 1004 15

266 1029 321 1070 In
344 1031 523 1084 quibus,
546 1036 594 1071 ut
615 1032 799 1085 populo,
822 1044 924 1085 pars
945 1044 1024 1084 ego
1045 1044 1186 1084 parva
1206 1030 1283 1071 fui.

208 1096 285 1138 Me
306 1099 525 1148 miserum,
549 1099 587 1139 si
609 1104 656 1140 tu
677 1100 819 1139 verbis
842 1098 1075 1139 offenderis
1099 1098 1224 1138 istis:

267 1165 452 1220 Nosque
474 1180 607 1219 negas
627 1167 717 1207 ulla
737 1171 863 1219 parte
885 1167 1023 1206 fuisse
1045 1166 1162 1206 tuos!

205 1284 342 1316 literas?
388 1286 504 1325 Ecquis
529 1289 654 1316 tuorum
677 1287 817 1317 desertus
827 1289 1007 1326 prostratus
1023 1287 1068 1315 est
1092 1285 1124 1314 in
1145 1285 1253 1315 ultimo
1276 1284 1358 1323 orbe,
1379 1294 1426 1315 me
1441 1287 1545 1315 tamen
1560 1285 1672 1323 demto,

188 1359 191 1362 ,
206 1329 257 1367 quz'
272 1337 325 1357 oro
341 1337 404 1358 esse
418 1325 515 1359 tuus?
559 1329 618 1359 Dii
634 1330 727 1359 velint
743 1329 948 1368 cognitionem
964 1328 1053 1366 hujus
1070 1327 1207 1358 nationis
1223 1328 1313 1366 longe
1337 1337 1399 1358 esse
1414 1327 1451 1357 ab
1468 1328 1606 1359 omnibus
1621 1330 1673 1368 qui

205 1373 235 1400 te
249 1371 351 1400 colunt
368 1373 398 1401 et
412 1371 559 1410 diligunt.
604 1371 692 1402 Satis
707 1376 753 1403 est
768 1382 824 1402 nos
837 1372 933 1402 vitum
948 1373 1057 1402 (lucere
1073 1371 1155 1401 inter
1175 1370 1306 1410 glaciem
1322 1373 1352 1401 et
1367 1371 1485 1410 spicula
1501 1370 1673 1411 Scythiam

205 1413 232 1443 si
245 1422 344 1452 genus
357 1414 466 1444 mortis
481 1418 526 1444 est
542 1415 726 1445 credendum
751 1424 824 1445 esse
840 1415 915 1446 vita.
962 1415 1028 1445 Nos
1043 1417 1095 1443 aut
1112 1417 1198 1443 terra
1214 1416 1328 1452 urgeat
1345 1413 1432 1452 bello,
1448 1417 1504 1443 aut
1518 1414 1572 1444 αὲι·
1585 1414 1670 1453 gelu,

204 1455 336 1493 etseras
355 1457 452 1487 Getes
467 1457 574 1493 armis,
598 1457 703 1497 hyems
720 1457 822 1495 feriat
846 1458 1002 1496 grandine
1014 1468 1026 1493 ;
1044 1457 1141 1495 plaga
1166 1465 1260 1495 neque
1283 1456 1383 1495 pomis
1405 1456 1551 1495 gravida,
1576 1466 1672 1496 neque

204 1499 345 1538 racemis,
360 1502 391 1530 et
405 1499 491 1537 cujus
505 1500 621 1530 nullum
637 1500 719 1529 latus
734 1501 870 1539 quiescat
885 1499 924 1529 ab
943 1499 1029 1528 hoste
1045 1507 1098 1528 nos
1114 1501 1234 1527 teneat:
1258 1498 1375 1536 reliqua
1391 1498 1498 1528 cohors
1512 1498 1671 1528 clientium

206 1544 339 1581 tuorum,
356 1542 440 1573 inter
455 1550 539 1580 quos,
553 1545 700 1580 tanquam
714 1541 746 1570 in
762 1542 864 1578 turba,
882 1540 996 1579 egofui
1011 1549 1086 1580 pars
1102 1540 1230 1578 exigua,
1245 1539 1286 1569 sit
1302 1540 1475 1570 incolumis.
1522 1541 1578 1570 Me
1592 1539 1671 1578 inse-

204 1583 305 1622 licem,
321 1584 349 1615 si
363 1587 398 1615 tu
414 1584 535 1615 loederis
550 1583 599 1614 his
613 1583 756 1619 vocibus,·
778 1587 808 1614 et
825 1583 974 1624 inficiaris
990 1592 1043 1613 nos
1058 1582 1160 1620 fuisse
1177 1585 1245 1612 tuos
1261 1581 1322 1612 ullo
1338 1581 1451 1613 modo!
1475 1582 1521 1612 Et
1536 1582 1673 1622 quamvis

819 1664 915 1675 ‘tm
917 1664 1053 1675 ‘‘‘‘‘‘‘

207 1719 290 1751 nulli
308 1720 353 1750 Et
369 1719 456 1760 quis:
482 1720 524 1751 P.
556 1721 644 1751 Dan.
675 1721 721 1751 En
738 1721 881 1761 quis—7
906 1721 1024 1751 Precor
1046 1721 1162 1753 Burm.
1179 1720 1275 1752 dedit
1291 1731 1334 1752 ex
1354 1721 1394 1752 P.
1411 1721 1500 1752 Dan.
1517 1726 1553 1752 et
1568 1720 1669 1751 Voss.

207 1773 268 1803 pro
285 1763 569 1804 vulg.pr·ocul.—8
592 1764 648 1794 Sa.
664 1763 750 1804 Arg.
767 1764 886 1795 Comb.
903 1768 937 1794 et
955 1764 1043 1794 Mor.
1058 1767 1146 1802 gent.
1170 1765 1282 1795 habere
1306 1765 1428 1795 veh-9
1452 1765 1519 1795 Ms.
1537 1764 1669 1794 Bersm.

207 1810 243 1837 et
259 1805 343 1846 Arg.
363 1807 433 1836 Non
448 1806 549 1837 satis.-
573 1807 677 1838 ethic
692 1817 754 1847 pro
783 1816 850 1837 var.
879 1807 958 1838 lect.
983 1807 1123 1838 exhibet
1143 1808 1203 1838 Cui
1227 1808 1402 1838 satis.—10
1425 1806 1507 1838 Jnn.
1530 1806 1599 1838 Viv.
1618 1807 1670 1836 sed

206 1850 263 1880 vit.
278 1852 324 1880 est
339 1852 430 1879 mort.
448 1849 543 1880 Leid.
560 1850 613 1879 sec]
626 1850 682 1880 cit.
698 1853 790 1880 mort.
807 1851 890 1880 Tum
909 1855 986 1880 octo
1001 1850 1077 1880 libri
1094 1853 1184 1882 mort.
1199 1850 1309 1881 habere
1318 1852 1476 1889 gem—12
1501 1849 1612 1880 Pulset
1625 1858 1668 1879 ex

205 1892 324 1924 decem
342 1892 479 1933 scriptis
496 1892 612 1932 placet
628 1893 747 1923 Burm.
766 1902 838 1932 prae
864 1892 954 1932 vulg.
969 1895 1184 1932 pugnet.—13
1212 1893 1307 1923 Pomo
1335 1892 1456 1923 Heins.
1474 1892 1606 1931 recepit
1623 1901 1666 1922 ex

205 1935 260 1966 Sa.
278 1936 360 1974 Arg.
378 1945 429 1976 pr.
460 1934 554 1966 Med.
581 1935 766 1965 Feschiano
788 1935 972 1975 multisque
1001 1935 1076 1965 aliis
1101 1945 1162 1975 pro
1180 1935 1270 1975 vulg.
1294 1935 1400 1974 pomis.
1418 1934 1481 1966 Ed.
1498 1943 1547 1974 pr.
1571 1934 1670 1972 pomis

205 1981 291 2017 apta.
317 1978 433 2008 Burm.
451 1978 541 2017 conj.
554 1987 644 2017 pomo
661 1979 831 2008 hem—14
857 1978 1033 2016 Melior-es,
1058 1982 1148 2008 teste
1166 1977 1285 2008 Heins.
1301 1980 1417 2012 cesset;
1441 1977 1497 2007 alii
1514 1979 1668 2007 cessat.—

210 2023 246 2051 15
273 2021 362 2052 Mor.
379 2025 415 2052 et
428 2020 510 2052 alius
533 2030 609 2061 sosp.
635 2021 784 2051 sociorum
801 2020 968 2051 turb.—16
992 2020 1070 2052 Jun.
1090 2020 1127 2050 In
1143 2030 1270 2060 quorum
1283 2021 1388 2060 popul.
1405 2020 1488 2050 Mox
1503 2020 1667 2059 Excerpt.

862 2126 1002 2157 NOTAE

207 2204 336 2244 praeter
352 2200 524 2233 Ovidium.
964 2201 1151 2242 eademque
1168 2209 1288 2241 opera,
1305 2200 1400 2241 quasi
1418 2198 1509 2230 alind
1525 2199 1669 2240 agendo,

248 2255 268 2284 8
284 2251 407 2293 Hujus]
426 2252 606 2294 Scythicae,
622 2257 658 2284 et
674 2252 820 2284 maxime
836 2252 909 2283 bar·
964 2263 1039 2294 quae
1064 2262 1126 2283 sna
1148 2252 1215 2282 sint
1230 2251 1457 2290 incommoda,
1480 2260 1557 2282 cum
1573 2260 1668 2281 vere-

206 2303 310 2335 barae.
963 2304 1074 2336 eunde
1092 2308 1163 2335 tum
1180 2303 1326 2334 maxime
1351 2302 1534 2342 ingeniose,
1554 2301 1666 2332 decla-

248 2357 269 2385 9
297 2354 360 2385 Nos
374 2353 452 2384 satis
466 2354 525 2394 est]
561 2354 617 2386 Ne
633 2353 772 2394 insuper
789 2353 844 2384 alii
862 2352 908 2383 tni
963 2360 1025 2387 rat.

207 2404 318 2442 amici,
349 2404 559 2444 Messalline,
590 2405 624 2435 in
652 2405 738 2436 hanc
756 2404 908 2436 incidant
1006 2405 1112 2445 Bello]
1130 2405 1208 2435 Hoc
1226 2404 1310 2435 dicit
1324 2402 1401 2443 quia
1418 2402 1506 2432 inter
1520 2399 1664 2439 Scythas

206 2455 449 2495 calamitatem,
466 2465 530 2497 qua
547 2466 610 2497 ego
627 2457 792 2497 protritus
807 2466 892 2488 sum.
963 2456 1081 2497 praeda
1098 2460 1133 2486 et
1151 2455 1241 2485 bello
1256 2457 1407 2483 assuetos
1427 2450 1572 2480 vivebat.

250 2507 290 2535 10
306 2506 424 2536 Mortis
437 2507 551 2547 genus]
575 2508 630 2539 De
643 2507 744 2539 exilio
760 2507 908 2548 loquitur
1007 2510 1048 2537 16
1071 2504 1205 2545 Populo]
1231 2503 1320 2534 Hinc
1337 2510 1420 2540 ergo
1440 2499 1530 2540 apud
1548 2502 1665 2539 poten-

207 2553 298 2594 qnod
314 2554 403 2585 inter
419 2554 508 2587 feros
521 2557 672 2588 homines
694 2557 738 2588 sit
760 2557 907 2589 tolcran·
963 2558 1065 2588 tiores
1082 2555 1224 2585 valuisse
1247 2554 1334 2582 hunc
1354 2550 1584 2581 Messallinum
1609 2560 1665 2591 pa-

208 2603 300 2635 dum·
963 2611 1034 2642 tet;
1060 2603 1237 2643 oratioque
1263 2606 1315 2632 est
1341 2601 1486 2632 Nasonis
1501 2601 1664 2632 honestis-

253 2657 290 2685 11
319 2654 383 2684 Nos
396 2655 531 2695 premat]
555 2656 626 2687 Sibi
650 2659 711 2689 soli
728 2659 814 2690 male
832 2666 908 2699 pre·
961 2657 1055 2687 sima.

209 2707 280 2738 cari
298 2705 432 2736 videtur
452 2706 556 2745 Naso,
571 2711 609 2737 nt
623 2714 754 2740 ceteros
769 2710 908 2741 Messal-
1006 2708 1043 2736 1⁷
1070 2703 1160 2743 Istis]
1184 2703 1268 2734 Cum
1287 2711 1339 2733 me
1356 2706 1449 2732 tuum
1465 2701 1546 2733 dixi.

211 2758 268 2788 lini
299 2757 422 2788 amicos
455 2757 496 2788 ab
528 2757 616 2789 omni
647 2760 732 2790 malo
762 2760 906 2791 liberet:
1006 2758 1045 2786 18
1071 2753 1193 2794 Negas]
1217 2752 1443 2785 Metucndum
1471 2752 1600 2785 Nasoni
1620 2753 1660 2783 is-
