1877 3193
559 183 711 216 Ems‘r.
745 185 811 217 Ex
845 186 1005 217 ΡοΝΤο
1039 184 1136 216 mn.
1171 185 1243 216 111.
1274 174 1318 216 9.
1546 176 1661 219 2673

200 276 368 320 Tristia
388 276 604 320 deformes
624 280 798 333 pariunt
818 279 1039 322 absinthia
1059 280 1222 335 campi,
1602 282 1659 321 15

256 344 481 399 Terraque
502 346 556 387 de
576 346 723 387 fructu
745 360 879 400 quam
900 347 960 388 sit
978 360 1127 389 amara
1145 348 1289 390 docet.

199 410 279 453 Nil
298 412 429 466 igitur
450 416 542 455 tota
562 413 695 455 Ponti
715 414 892 466 regione
915 413 1099 463 sinistri,

256 478 390 530 Quod
408 493 506 521 mea
525 481 734 521 sedulitas
754 480 927 520 mittere
948 482 1114 531 posset,
1136 485 1240 521 erat.

201 544 371 587 clausa
391 550 535 588 tamen
556 547 655 586 misi
677 545 886 599 Scythica
905 545 987 585 tibi
1008 545 1097 585 tela
1115 545 1338 599 pharetra:

256 612 415 662 Hoste,
437 625 608 666 precor,
628 611 735 652 fiant
753 612 830 652 illa
849 616 1032 654 cruenta
1052 615 1143 653 tuo.
1601 616 1657 657 ΞΟ

198 679 301 721 Hos
319 680 455 721 habet
473 681 570 721 haec
593 680 806 730 calamOS‚
827 680 911 721 hos
931 681 1030 721 haec
1050 680 1184 722 habet
1206 694 1283 723 ora
1303 682 1483 726 libellos
1501 698 1510 726 :

256 745 375 788 Haec
395 747 518 801 viget
538 747 585 788 in
603 748 774 797 nostris,
799 748 1017 796 Maxime,
1041 746 1175 789 Musa
1194 749 1324 792 locis.

196 811 311 863 Quae
332 827 581 869 quanquam
600 816 776 856 misisse
797 817 948 870 pudet,
970 816 1074 871 quia
1092 829 1231 870 parva
1251 817 1480 872 videntum

250 881 320 923 Tu
335 885 480 924 tamen
500 883 612 935 haec,
635 896 809 937 quaeSO,
833 886 1009 926 consule
1029 885 1166 926 missa
1185 885 1304 926 boni.

195 1009 294 1040 Nulla
316 1019 408 1049 poma
423 1013 552 1040 onerant
568 1019 669 1041 ramos
683 1020 735 1041 suo
759 1013 904 1051 pondere.
948 1011 1031 1051 Agri
1052 1010 1167 1052 hispidi
1183 1009 1297 1049 serunt
1312 1021 1419 1042 amara
1434 1011 1600 1050 absinthia,
1623 1017 1652 1042 et

193 1052 284 1082 tellus
294 1051 413 1082 indicat
428 1061 483 1092 per
490 1052 633 1090 fructum
648 1063 737 1092 qnam
751 1053 794 1084 sit
808 1055 948 1093 ingrata.
997 1054 1085 1085 Nihil
1099 1058 1166 1085 emt
1181 1064 1253 1092 ergo
1266 1055 1296 1084 in
1313 1057 1377 1084 tota
1391 1064 1445 1085 ora
1459 1055 1558 1085 Ponti
1573 1056 1655 1094 Iceni,

192 1095 271 1133 quod
287 1104 353 1125 mea
367 1105 440 1125 cura
452 1098 553 1134 posset
571 1096 703 1126 mittere.
748 1096 828 1127 Misi
843 1097 901 1127 tibi
916 1100 1016 1127 tamen
1028 1098 1164 1135 sagittas
1178 1096 1341 1136 Scythicas
1353 1098 1471 1127 clausas
1482 1098 1631 1137 pharetra
1641 1109 1652 1128 .-

192 1146 245 1167 oro
260 1139 295 1166 ut
310 1137 372 1167 illoe
396 1139 541 1168 madeant
562 1147 669 1168 cruore
691 1138 788 1169 hostis
809 1139 867 1170 tui.
913 1139 994 1170 Ha’c
1019 1140 1107 1177 regio
1129 1139 1219 1169 habet
1245 1140 1300 1169 lms
1322 1149 1450 1179 pennae,
1469 1140 1534 1170 haec
1560 1139 1654 1170 habet

193 1179 247 1209 hos
269 1179 371 1211 libros.
408 1180 488 1211 Hoec
505 1180 599 1210 Musa
619 1180 731 1211 colitur
746 1181 780 1211 in
794 1181 909 1211 nostris
931 1182 1016 1220 Iocis,
1033 1182 1186 1212 ,Maxima
1234 1181 1312 1215 Quae
1334 1182 1471 1221 quamvis
1482 1183 1580 1222 pudet
1597 1183 1652 1213 mi-

191 1222 278 1264 sisse,
293 1223 365 1263 quia
378 1222 522 1254 videntur
536 1222 642 1254 tenuia
654 1233 666 1260 ;
688 1226 723 1253 tu
740 1227 856 1262 tamen,
869 1223 902 1254 in
920 1223 1027 1255 bonam
1038 1227 1161 1265 partem
1177 1224 1279 1264 accipe
1292 1224 1356 1254 hoec
1372 1224 1476 1264 missa,
1492 1234 1555 1256 oro,

805 1307 900 1320 ‘em
904 1307 997 1319 eeeee
1000 1308 1037 1319 Ν

190 1362 372 1392 citum-14
395 1360 561 1401 Aliipom.
576 1364 745 1392 suos.-16
769 1360 889 1393 Heius.
917 1361 1010 1402 conj.
1040 1361 1165 1401 Terruq.
1186 1371 1218 1392 se
1234 1360 1335 1399 fruct.
1371 1362 1454 1392 Mox
1471 1371 1533 1402 pro
1553 1363 1652 1401 docet,

188 1413 275 1434 unns
288 1403 411 1443 probat,
426 1403 510 1434 alius
523 1406 705 1434 notat.—21
731 1403 830 1434 Alius
854 1405 888 1435 in
912 1404 1080 1435 nonnullis
1097 1404 1193 1443 ordo,
1225 1404 1295 1435 Hos
1310 1405 1442 1435 calamos
1456 1404 1547 1436 habet
1563 1405 1627 1436 koec
1642 1416 1652 1436 .·

192 1445 252 1477 sed
277 1446 491 1477 nihilominus
507 1446 573 1478 iste
590 1445 755 1484 δασυκιμὸς
771 1447 922 1486 asperior
945 1451 1012 1484 est,
1029 1455 1130 1487 quem
1145 1456 1212 1477 non
1230 1445 1405 1478 affectasse
1422 1446 1572 1486 poetam,
1589 1448 1648 1478 sed

191 1489 222 1519 ei
237 1489 402 1520 accidisse
418 1498 480 1520 suo
493 1489 630 1529 ingenio
641 1489 848 1528 indulgenti,
861 1488 1046 1520 verisimile
1063 1493 1125 1520 est.
1149 1488 1359 1520 Fuluia—23
1376 1488 1453 1521 Pol.
1467 1494 1502 1521 et
1514 1489 1647 1522 Thuan,

190 1541 300 1572 quanq.
316 1532 510 1562 meminisse:
533 1535 570 1562 et
584 1530 680 1562 Leid.
691 1532 801 1570 pudor.

852 1626 991 1658 NOTAE

227 1703 269 1732 22
293 1700 403 1740 Musa]
441 1701 547 1734 Quasi
579 1701 671 1734 dicat
692 1702 755 1733 hoc
786 1711 889 1733 unum
945 1706 980 1734 et
997 1711 1090 1734 arma
1105 1706 1269 1734 tractent.

189 1761 290 1793 agere
320 1756 357 1783 et
381 1761 501 1784 curare
524 1751 668 1794 Scythas
684 1757 722 1784 ut
746 1751 889 1793 sagittas

629 2104 1038 2155 EPISTOLA
1093 2106 1196 2154 IX.

800 2270 1032 2313 BRUTO.

737 2431 1096 2465 ARGUMENTUM.

185 2526 240 2556 An
257 2526 416 2557 Ovidium
432 2527 618 2568 scripserat
633 2529 773 2567 Brutus,
790 2530 958 2571 quendam
984 2538 1124 2570 carpere
1151 2529 1227 2568 ejus
1253 2528 1414 2569 carmina,
1430 2530 1518 2570 quod
1533 2529 1565 2560 in
1582 2530 1634 2562 his

225 2578 272 2608 nil
288 2578 379 2608 aliud
395 2580 627 2610 contineretur
644 2591 742 2622 quani
759 2584 898 2624 querela
924 2584 1073 2613 locorum
1100 2581 1132 2611 in
1149 2580 1267 2620 quibus
1295 2582 1467 2622 exulabat,
1484 2587 1636 2624 rogaret·

227 2639 293 2671 que
311 2634 348 2659 nt
370 2628 539 2661 frueretur
553 2632 711 2671 propiore
728 2640 838 2666 terra:
864 2636 917 2666 cui
934 2634 1045 2665 Poeta
1072 2632 1269 2673 respondet,
1297 2633 1413 2666 dicens
1430 2635 1463 2665 in
1481 2636 1548 2667 suis
1564 2644 1636 2667 car-

226 2682 372 2713 minibus
396 2683 495 2722 plura
521 2693 596 2714 esse
626 2685 726 2725 vitia;
759 2687 898 2729 foreque
929 2687 1028 2725 beno,
1050 2686 1075 2716 si
1104 2695 1203 2716 unum
1234 2690 1365 2717 tantum
1391 2687 1509 2719 vitium
1529 2688 1562 2719 in
1587 2688 1637 2720 eis

227 2735 550 2776 deprehenderetur.
590 2738 659 2769 Cur
673 2745 785 2774 autem
801 2752 842 2774 ea
855 2751 922 2772 non
939 2740 1112 2782 emendet,
1129 2749 1246 2772 causas
1261 2740 1420 2782 assignat.
1444 2743 1636 2783 Postremo,

273 2789 387 2830 Delph.
400 2793 430 2821 et
446 2789 519 2821 Var.
538 2790 622 2823 Clas.
866 2793 960 2825 Ouid.
1473 2798 1493 2826 8
1515 2795 1548 2827 G
