1877 3193
610 196 851 228 TRISTIUM
885 197 980 228 mn.
1013 197 1079 228 iv.
1109 188 1153 229 2.
1495 188 1610 230 2:387

154 293 369 335 Cornibus
386 293 456 334 hic
477 292 627 332 fractis
647 292 776 333 viridi
793 293 905 334 male
922 297 1064 333 tectus
1085 293 1141 335 ab
1161 290 1281 342 ulva,

213 361 404 402 Decolor
424 361 521 413 ipse
542 371 621 399 suo
644 360 873 410 sanguine,
897 359 1080 400 Rhenus
1095 359 1186 401 erit.

155 428 358 470 Crinibus
378 441 430 469 en
447 427 579 467 etiam
599 425 730 467 fertur
748 427 984 468 Germania
1005 428 1167 479 passis,

212 496 272 537 Et
292 496 432 537 Ducis
452 494 604 535 invicti
625 495 705 533 sub
726 493 838 546 pede
858 498 1021 533 moesta
1040 493 1188 533 sedet:

156 562 368 617 Collaque
389 563 602 603 Romanae
623 562 824 614 praebens
847 561 1046 600 animosa
1066 559 1208 599 securi
1554 559 1612 600 45

212 630 403 671 Vincula
422 629 502 669 fert
521 628 611 677 illa,
633 640 723 681 qua
743 628 840 668 tulit
861 640 995 677 arma,
1017 640 1166 668 manu.

159 697 259 738 Hos
281 709 411 749 super
430 696 473 736 in
495 708 634 745 curru,
657 695 825 745 Caesar,
847 697 1011 736 victore
1029 695 1199 736 veheris

211 764 463 817 Purpureus
482 764 636 817 populi
657 764 741 803 rite
760 776 838 816 per
858 776 933 803 ora
956 763 1018 803 tui
1037 776 1046 803 ;

158 829 342 885 Quaque
363 832 466 881 ibis,
488 832 694 872 manibus
716 830 1096 883 circumplaudere
1118 832 1320 881 tuorum3

214 898 419 954 Undique
434 900 603 954 jactato
623 899 730 939 flore
752 901 920 950 tegente
943 899 1057 939 vias.
1556 896 1612 936 50

158 1052 270 1083 meruit
284 1054 465 1092 cognomina
479 1052 509 1082 z'n
525 1051 575 1082 his
588 1051 775 1090 regionibus.
821 1052 887 1082 Hic
903 1051 1004 1092 ruptis
1017 1050 1157 1081 cornibus
1170 1059 1279 1090 parum
1301 1050 1418 1079 velatus
1432 1049 1502 1079 ulra
1517 1048 1612 1079 viridi

158 1097 216 1125 erit
236 1096 361 1126 Rhenus
374 1096 438 1135 ipse
450 1096 569 1126 decolor
582 1104 636 1124 suo
651 1095 810 1133 sanguine.
858 1096 936 1125 Ecce
955 1094 1125 1124 Germania
1137 1096 1282 1132 por-catur
1300 1101 1414 1131 quoqne
1429 1092 1521 1121 comis
1534 1092 1613 1121 solu-

158 1138 210 1178 tis,
233 1141 263 1168 et
279 1138 378 1169 tristis
391 1140 473 1169 sedet
488 1137 543 1168 sab
564 1138 639 1177 pede
654 1137 741 1167 ducis
764 1137 892 1171 ἱνα-ἰείη
914 1141 1006 1176 atque
1020 1136 1182 1175 porrigens
1197 1134 1343 1164 cervicem
1361 1133 1499 1170 ferocem
1514 1134 1615 1165 securi

159 1181 310 1212 Romame
333 1182 418 1221 gerit
434 1184 558 1211 catenas
573 1180 625 1210 illa
642 1189 734 1209 manu
748 1189 807 1218 qua
819 1179 917 1216 gessit
931 1188 1029 1208 arum.
1079 1176 1205 1208 Veheris
1228 1175 1290 1206 rite
1313 1184 1405 1215 snper
1423 1174 1476 1205 hos
1490 1186 1545 1215 per
1560 1185 1614 1206 ora

160 1224 207 1254 tui
221 1225 336 1264 populi,
366 1224 482 1261 Coesar,
504 1231 676 1262 purpureus
700 1221 733 1251 in
760 1229 853 1250 curru
874 1221 988 1250 victore
997 1231 1008 1255 ;
1033 1223 1062 1249 et
1089 1228 1146 1258 qna
1173 1218 1320 1248 transibis
1344 1217 1616 1257 circumplauderis

157 1266 298 1297 manibus
327 1269 460 1305 tuorum,
475 1265 559 1305 flore
582 1263 719 1304 projecto
744 1263 877 1302 undique
897 1262 1052 1302 operiente
1073 1262 1164 1292 vicos.
1212 1261 1305 1291 Meles
1328 1259 1451 1291 habebit
1476 1263 1614 1300 tempora

770 1356 1004 1368 eeeeeeeeeeee

159 1428 351 1465 corruptus.
395 1421 436 1454 Τὸ
451 1422 539 1461 bona,
553 1426 590 1453 ut
610 1432 724 1463 supra,
747 1422 757 1439 ζ
775 1423 927 1464 Cumque
957 1423 1052 1453 bonis
1079 1422 1243 1454 nuribus)
1267 1422 1400 1462 Scribe,
1426 1422 1504 1457 Quae
1521 1422 1615 1452 tulit.-

158 1472 196 1498 ut
211 1467 253 1499 ad
268 1476 391 1498 nomen
407 1466 603 1498 Germanici
621 1466 791 1505 respiciat,
808 1467 862 1506 qui
894 1467 998 1496 Drusi
1029 1465 1115 1496 filius
1131 1476 1138 1496 :
1168 1466 1268 1505 idque
1289 1465 1363 1505 jam
1380 1475 1565 1505 occupasse
1581 1470 1616 1496 et

159 1509 402 1551 praemonuisse
419 1508 518 1539 video
534 1509 764 1548 Tanaquillum
785 1509 928 1539 Fabrmn
953 1509 985 1538 in
1012 1508 1174 1548 Epistolis
1202 1517 1312 1548 nuper
1327 1507 1427 1538 editis
1444 1508 1506 1547 Ep.
1522 1517 1546 1538 1.
1562 1510 1616 1540 40.

160 1552 213 1583 cui
229 1551 295 1584 loci
308 1552 406 1592 hujus
423 1550 573 1581 restituti
590 1550 730 1590 gloriam
747 1550 830 1581 cedo
845 1561 853 1580 ε
880 1556 994 1590 potest
1011 1555 1058 1588 et,
1083 1551 1160 1584 Quae
1184 1550 1258 1581 bene
1279 1549 1365 1589 tulit,
1381 1550 1446 1580 hoc
1462 1550 1619 1590 est‚jur0

160 1594 260 1626 tulit:
296 1595 354 1635 qui
369 1592 530 1634 loquendi
553 1592 670 1622 modus
698 1593 824 1623 Nasoni
842 1601 1004 1633 perquam
1032 1592 1216 1623 familiaris.
1240 1592 1352 1623 Heius.
1398 1592 1476 1623 Non
1493 1591 1617 1623 damno

160 1637 246 1667 hanc
269 1636 526 1675 correctionem,
542 1634 599 1664 sed
626 1638 737 1665 tamen
762 1634 842 1664 illud
859 1635 936 1665 bona
964 1635 1017 1665 vel
1041 1635 1113 1665 bene
1129 1635 1263 1665 hicnon
1281 1635 1408 1674 placet,
1431 1643 1494 1664 nec
1511 1634 1552 1664 ad
1578 1634 1616 1664 τὸ

160 1679 323 1720 progenies
335 1677 510 1716 referrem,
525 1676 585 1707 sed
601 1677 642 1707 ad
656 1678 852 1716 cognomina.-
876 1687 978 1718 quare
990 1678 1151 1717 legerem,
1168 1678 1245 1713 Quae
1257 1687 1335 1708 nova
1344 1677 1507 1717 progenies
1520 1677 1618 1715 digna

159 1723 287 1762 parente
302 1721 395 1751 tulit.-
430 1720 508 1760 quia
532 1728 654 1749 novum
679 1729 800 1751 nomen
831 1720 1009 1751 Germanici
1039 1720 1163 1760 primus
1188 1722 1322 1751 Drusus
1350 1719 1487 1758 meruit,
1514 1719 1617 1759 digna

163 1763 341 1804 progenies
366 1762 460 1793 Livia
484 1765 592 1792 matre
617 1771 689 1793 sua.
735 1763 820 1794 Nam
839 1769 917 1794 ante
944 1763 1091 1793 Drusum
1114 1773 1211 1793 nemo
1235 1762 1278 1793 de
1295 1761 1475 1793 Germanis
1490 1763 1543 1792 vel
1561 1762 1618 1793 tri-

163 1806 399 1846 umphaverat,
414 1804 467 1835 vel
483 1813 604 1834 nomen
622 1805 795 1844 retulerat,
808 1815 874 1846 quo
890 1806 1015 1846 passim
1040 1806 1180 1846 respicit
1195 1809 1314 1836 auctor
1331 1804 1460 1845 Elegiae
1478 1804 1511 1835 in
1527 1805 1619 1836 Dru-

163 1858 248 1879 sum.
271 1847 350 1879 Vid.
369 1857 415 1878 vs.
431 1849 504 1877 338.
520 1849 593 1878 391.
608 1849 680 1878 457.
705 1849 811 1878 Novus
826 1857 907 1879 vero
920 1854 953 1879 et
966 1848 1059 1878 bonus
1074 1848 1204 1879 centies
1218 1857 1236 1878 a
1249 1847 1395 1878 librariis
1411 1852 1616 1887 permutata.

163 1890 243 1922 Vid.
272 1889 411 1921 Remed.
438 1888 554 1920 Amor.
581 1892 655 1920 567.
680 1890 876 1921 Burin—41
902 1891 980 1921 Duo
998 1895 1081 1921 vett.
1112 1891 1205 1921 Corn.
1233 1889 1379 1927 infractis
1402 1890 1459 1920 vz'r.
1483 1889 1617 1920 Deinde

164 1942 249 1964 unus
266 1932 351 1963 liber
367 1933 438 1963 mal.
462 1935 548 1962 tutus
561 1931 609 1962 ab.
633 1932 692 1962 Pr.
709 1932 774 1962 Ed.
789 1936 887 1962 tectus
900 1933 937 1962 ab
953 1934 1047 1968 aula;
1071 1936 1106 1963 et
1122 1933 1254 1962 Bersm.
1270 1931 1303 1961 in
1328 1931 1519 1962 herba.-42
1535 1930 1620 1961 Got-

165 1975 277 2016 torph.
295 1979 330 2006 et
346 1985 431 2005 iliius
445 1974 540 2005 Med.
564 1974 706 2005 Discolor
720 1975 779 2014 ips.
802 1975 886 2004 Mox
902 1976 961 2004 erit
980 1975 1096 2005 Heius.
1119 1973 1251 2013 recepit
1267 1983 1309 2003 ex
1327 1983 1378 2012 pr.
1396 1973 1471 2004 Pol.
1486 1978 1523 2004 et
1538 1973 1620 2003 duo-

166 2018 228 2048 bus
256 2017 329 2049 aliis
357 2027 420 2058 pro
446 2017 536 2057 vulg.
562 2019 727 2048 erat.—-43
752 2015 879 2056 Sparsis
905 2026 965 2056 pro
984 2016 1087 2056 passis
1109 2016 1342 2056 plurimi.—44
1365 2016 1455 2045 Jacel
1475 2015 1619 2045 Lovani-

167 2060 255 2090 ensis
279 2064 315 2091 et
342 2060 491 2101 quinque
518 2059 573 2090 alii
596 2058 674 2099 [pro
698 2060 783 2089 sedet
794 2058 820 2098 ;]
850 2059 957 2089 male:
982 2069 1059 2089 nam
1087 2063 1123 2089 et
1145 2059 1178 2088 in
1205 2057 1347 2088 nummis
1374 2062 1492 2097 gentes
1519 2057 1617 2088 victae

167 2107 202 2133 et
218 2106 330 2142 captae
347 2101 537 2132 sedentium
552 2101 671 2132 habitu
684 2100 958 2141 conspiciuntur,
973 2106 1009 2131 ut
1026 2102 1060 2131 in
1077 2100 1217 2131 nummis
1237 2100 1434 2139 Domitiani,
1452 2099 1507 2130 ubi
1530 2100 1618 2130 Ger-

166 2144 278 2176 mania
308 2149 344 2176 ct
369 2144 536 2175 Sarmatia
561 2144 652 2175 victa
679 2143 859 2182 videntur;
894 2149 930 2175 et
956 2143 1091 2184 Judaea,
1116 2143 1150 2173 in
1175 2142 1317 2173 nummis
1344 2142 1425 2174 Titi.
1465 2142 1619 2173 Barim——

826 2262 967 2296 NOTAE

168 2366 225 2389 cus
243 2367 261 2389 a
275 2357 377 2389 victis
393 2356 575 2389 Germanis
591 2355 715 2388 dictus.
922 2365 1046 2388 cornua
1057 2355 1159 2387 robur
1169 2364 1284 2387 eorum
1295 2354 1534 2396 designabunt,
1547 2364 1620 2396 quae

211 2410 252 2438 40
265 2407 416 2449 Parente]
433 2407 538 2438 Pater
548 2405 736 2437 fuitTiber.
747 2405 867 2438 Claud.
920 2406 1031 2439 fracta
1047 2406 1174 2437 fractas
1191 2407 1279 2437 vires
1296 2405 1544 2445 significabunt.

171 2456 275 2497 Nero,
288 2463 397 2489 mater
419 2456 516 2488 Livia
531 2465 616 2488 uxor
637 2455 794 2497 Augusti,
812 2458 866 2488 cui
963 2460 1004 2489 43
1043 2456 1165 2496 Passis]
1207 2457 1339 2496 Utpote
1378 2455 1413 2486 in
1442 2455 1549 2494 luctu,
1578 2453 1621 2484 de

171 2506 315 2538 maxime
331 2512 520 2539 assentatur
533 2507 638 2539 Naso.
919 2519 1024 2542 more.

214 2556 252 2584 41
281 2555 445 2595 Cornibus]
477 2557 555 2587 Non
576 2558 669 2588 Deos
690 2556 791 2587 modo
806 2555 868 2587 flu-
962 2563 1003 2591 45
1017 2558 1179 2598 Animosa]
1197 2557 1285 2589 Quia
1297 2553 1621 2586 animosiGermani.

174 2602 332 2642 minibus,
347 2605 407 2635 sed
423 2610 457 2637 et
480 2606 545 2638 illis
559 2616 687 2638 cornua
702 2607 867 2638 attribue·
963 2612 1004 2640 47
1032 2609 1151 2648 Caesar]
1176 2606 1351 2637 Tiberium
1368 2604 1538 2644 intellige.

174 2657 253 2685 runt
270 2652 401 2693 Po'etae,
418 2661 558 2695 propter
572 2657 721 2689 diversos
732 2662 767 2689 et
780 2658 868 2688 sinu-
964 2663 1006 2690 48
1031 2656 1226 2698 Purpureus]
1249 2656 1355 2687 Veste
1381 2656 1518 2686 indutus
1544 2661 1620 2697 pur·

175 2709 249 2734 atos
278 2711 438 2744 aquarum
460 2713 588 2736 cursus.
640 2707 708 2739 Per
732 2707 870 2738 flumina
923 2718 1041 2750 putea,
1055 2708 1240 2739 intertexto
1256 2715 1350 2736 auro.

176 2763 258 2785 vero
273 2754 300 2785 si
323 2754 466 2795 populos
487 2759 521 2786 et
547 2759 664 2795 gentes
687 2757 869 2798 intelligas,
