1877 3193
257 143 371 185 2782

259 248 351 290 Hic
371 249 453 290 tibi
473 249 525 289 de
546 247 694 288 Furiis
716 246 887 286 scindet
906 247 1021 286 latus
1038 258 1128 286 una
1147 245 1334 298 flagello,

741 155 781 184 P.
814 153 973 183 OVlDll
1005 153 1217 184 NASONIS

1621 245 1705 287 185

315 315 378 357 Ut
398 316 572 356 sceleris
591 325 790 354 numeros
810 312 1042 354 confiteare
1064 312 1129 352 tui
1146 325 1157 353 z

258 381 411 423 Altera
428 381 647 422 Tartareis
669 384 816 420 sectos
839 378 963 420 dabit
983 380 1200 432 anguibus
1219 382 1339 420 artus
1356 393 1367 419 τ

314 449 463 489 Tertia
482 448 696 488 fumantes
715 447 922 499 incoquet
941 447 1038 499 igne
1058 458 1206 499 genas.

260 516 417 557 Noxia
435 516 553 556 mille
572 514 718 555 modis
737 514 1003 554 lacerabitur
1022 515 1175 554 umbra
1191 527 1202 567 3
1233 516 1424 565 tuasque

316 583 484 623 AEacus
503 583 547 623 in
566 593 725 634 poenas
744 581 998 631 ingeniosus
1019 581 1110 621 erit.

1625 578 1708 618 190

262 649 316 690 In
336 653 377 690 te
397 649 651 690 transcribet
669 649 860 687 veterum
882 651 1096 688 tormenta
1115 648 1298 688 virorum
1318 661 1327 687 t

318 715 530 756 Manibus
552 714 744 766 antiquis
765 725 900 753 causa
921 713 1086 765 quietis
1107 714 1209 754 eris.

262 780 464 835 Sisyphe,
485 781 555 821 cui
576 779 722 821 tradas
743 779 979 819 revolubile
997 779 1182 833 pondus,
1201 779 1407 820 habebis:

317 847 571 888 Versabunt
590 848 749 888 celeres
770 860 882 888 nunc
902 860 1018 888 nova
1037 848 1230 888 membra
1248 851 1371 888 rotae.

264 914 355 955 Hic
376 915 469 964 erit,
492 918 533 955 et
551 927 696 954 ramos
716 914 874 954 frustra
895 915 969 967 qui
987 918 1137 967 captet
1156 918 1198 955 et
1217 913 1383 954 undas:

1628 912 1712 954 195

322 981 412 1022 Hic
433 980 705 1021 inconsumto
727 980 897 1021 viscere
918 985 1074 1034 pascet
1095 993 1236 1022 avem.

262 1089 377 1121 cerabit
393 1089 452 1120 tibi
475 1090 532 1120 ilia
547 1090 669 1130 flagro,
690 1093 724 1120 ut
739 1099 885 1129 agnoscas
909 1100 1049 1122 numeros
1064 1090 1112 1122 tui
1128 1090 1276 1131 flagitii:
1299 1090 1398 1120 altera
1412 1087 1560 1129 praebebit
1577 1087 1711 1118 membra

263 1135 398 1163 lacerata
411 1133 601 1173 serpentibus
616 1132 756 1173 Stygiis:
781 1133 876 1163 tertia
890 1137 957 1163 uret
973 1135 1042 1172 igne
1052 1143 1148 1172 genas
1155 1132 1328 1170 fumantes.
1372 1132 1485 1162 Manes
1497 1131 1637 1162 scelerosi
1651 1133 1714 1160 tor-

264 1176 435 1216 quebuntur
458 1175 542 1206 mille
556 1175 667 1213 modis,
691 1179 720 1205 et
747 1177 861 1206 AEacus
884 1177 945 1206 erit
965 1176 1088 1206 subtilis
1112 1176 1145 1206 in
1162 1179 1216 1206 tua
1231 1174 1393 1214 supplicia.
1440 1172 1620 1211 Transfer-et
1634 1172 1669 1203 in
1683 1176 1714 1203 te

261 1218 415 1249 cruciatus
429 1218 623 1257 antiquorum
636 1218 799 1248 noxiorum
810 1228 821 1254 ;
844 1218 905 1248 eris
919 1228 1008 1249 caasa
1019 1219 1076 1249 otii
1093 1218 1217 1249 Umbris
1226 1217 1388 1248 veteribus.
1431 1216 1576 1256 Sisyphe,
1591 1215 1716 1246 habebis

263 1261 314 1290 cui
327 1262 440 1290 reddas
466 1270 541 1290 onus
564 1260 750 1290 revolubile:
774 1262 852 1289 rota?
876 1261 993 1300 rapida*
1020 1271 1098 1290 nunc
1125 1260 1290 1298 agitabunt
1313 1268 1404 1289 novos
1418 1261 1516 1289 artus.
1561 1257 1627 1288 Hic
1653 1257 1714 1287 erit

263 1303 315 1342 qui
323 1301 449 1339 frustra
463 1302 585 1332 nitatur
599 1311 724 1341 carpere
750 1311 851 1331 ramos
866 1306 896 1332 et
912 1312 1006 1341 aquas
1017 1313 1027 1338 ,·
1050 1303 1099 1332 hic
1114 1302 1264 1342 proebebit
1284 1301 1430 1341 pabulum
1445 1300 1518 1331 aliti
1535 1299 1715 1340 prcecordz'is

870 1381 1102 1393 ‘ec-›Nxeaeeetae

267 1438 308 1469 ad
325 1438 469 1469 Remed.
484 1436 599 1467 Amor.
615 1436 700 1474 legit
715 1435 839 1465 dedita:
863 1434 929 1464 dno
947 1434 1048 1464 etiam
1070 1438 1198 1473 proestat
1214 1435 1383 1465 (πῂ-185
1408 1435 1477 1464 Alii
1497 1435 1551 1465 Sic
1566 1435 1645 1465 tibi.-
1662 1444 1713 1475 pr.

266 1481 329 1511 Ed.
347 1481 438 1511 Hoec.
483 1479 567 1509 Mox
595 1478 713 1508 scindet
735 1476 866 1515 Gryph.
883 1480 919 1506 et
934 1476 1008 1505 aliae
1026 1476 1114 1507 Edd.
1130 1480 1166 1506 et
1188 1476 1270 1506 Mss.
1286 1477 1439 1506 Be1·sm.:
1468 1476 1525 1506 alii
1539 1478 1715 1508 scindat.—

266 1525 328 1553 187
352 1523 405 1552 Ex
427 1521 458 1552 1.
482 1524 518 1551 et
532 1520 650 1550 multis
673 1522 760 1549 vett.
777 1518 900 1549 Heius.
923 1516 1020 1548 dedit
1040 1517 1213 1556 anguibus,·
1235 1518 1326 1557 vulg.
1341 1517 1611 1556 unguibus.—188
1635 1519 1716 1551 Pat.

266 1563 443 1602 nnusfum.
456 1565 618 1604 percoquet
634 1563 700 1600 ign.
723 1562 769 1592 Et
784 1570 869 1591 unus
887 1560 1006 1591 Heius.
1023 1566 1058 1590 et
1075 1560 1137 1591 Ed.
1155 1559 1282 1591 Domit.
1298 1570 1348 1591 ore
1365 1569 1426 1599 pro
1441 1560 1635 1599 igne.—189
1650 1561 1716 1594 Ms.

265 1607 399 1637 Bersm.
423 1607 503 1636 mod.
530 1603 675 1635 lacerabit
697 1603 844 1642 membra,
870 1605 1075 1642 tuasq.—19l
1104 1603 1204 1634 Torm.
1219 1612 1341 1633 reorum
1361 1602 1479 1633 Heius.
1506 1603 1547 1633 ad
1572 1603 1665 1634 Fast.
1681 1612 1716 1635 v.

266 1651 341 1680 621.
367 1648 499 1678 monuit
523 1657 596 1677 esse
619 1646 955 1676 scribendum—192
977 1644 1007 1675 I.
1029 1650 1065 1675 et
1089 1645 1187 1676 multi
1212 1645 1267 1675 alii
1298 1645 1447 1675 Omnibus
1469 1645 1568 1684 antiq.
1596 1645 1716 1678 Heius.

267 1691 356 1731 conj.
371 1690 638 1720 sontibus—193
661 1689 731 1718 Pro
745 1689 852 1718 tradas
866 1687 952 1717 alter
968 1688 1007 1718 R.
1024 1688 1151 1724 credas;
1175 1691 1210 1717 et
1232 1697 1317 1717 nnus
1338 1687 1457 1718 Heius.
1477 1689 1599 1718 reddas.
1631 1688 1716 1719 Tum

268 1733 335 1763 duo
361 1733 480 1763 Heins.
507 1730 674 1762 revocabile
687 1731 884 1770 pond—194
908 1729 1002 1759 Med.
1026 1739 1110 1759 unns
1135 1729 1330 1763 Quassabunt
1345 1730 1434 1761 celer.
1451 1735 1487 1759 et
1502 1730 1568 1760 Ms.
1586 1730 1717 1762 Bersm.

272 1775 447 1806 Vexabunt.
483 1774 568 1804 Mox
584 1783 667 1804 unns
690 1772 812 1803 Heius.
828 1776 883 1802 tua
900 1781 959 1811 pro
974 1774 1167 1802 novin—*195
1192 1772 1280 1802 Mor.
1302 1776 1336 1802 et
1360 1772 1414 1802 Fr.
1438 1771 1503 1802 Hic
1519 1775 1548 1802 et
1565 1773 1625 1802 erit
1639 1782 1718 1804 ram.

268 1817 352 1848 Mox
369 1826 453 1848 nnus
469 1816 590 1847 Heins.
615 1815 668 1855 qui
690 1818 806 1854 carpet,
835 1819 869 1845 et
893 1815 949 1845 Fr.
972 1817 1091 1852 carpat.
1126 1815 1168 1845 R.
1186 1814 1286 1844 etiam
1308 1823 1385 1844 cum
1407 1814 1473 1844 alio
1496 1817 1526 1844 et
1549 1815 1718 1845 undam.—

270 1862 332 1890 196
355 1860 435 1890 Duo
451 1858 528 1890 libri
544 1858 610 1889 Hic
625 1859 800 1888 inconsueto
812 1857 887 1887 vise.
925 1856 1065 1887 Deinde
1079 1866 1166 1887 avem
1181 1865 1223 1887 ex
1240 1856 1370 1887 duobus
1386 1860 1471 1887 vett.
1487 1856 1607 1887 Heins.
1625 1866 1718 1888 rece-

930 1956 1070 1988 NOTAE

312 2034 371 2062 181
397 2031 497 2061 Pater
512 2030 651 2071 Pelopis]
680 2030 845 2061 Tantalus
862 2033 924 2061 est.

312 2084 373 2111 183
398 2081 461 2115 Qui
487 2080 635 2119 summus]
683 2080 789 2120 Cujus
819 2084 922 2119 capnt
948 2090 967 2110 a

270 2129 414 2169 pedibus
431 2140 550 2160 novem
563 2130 670 2160 distat
681 2130 823 2169 jugeris.
845 2129 966 2169 Tityus

270 2178 439 2217 est,J0vis
453 2183 487 2208 et
497 2180 605 2209 Elam*
619 2179 719 2218 filius,
731 2180 837 2219 quide
849 2184 966 2218 stupro

270 2228 434 2258 Latonam
452 2237 517 2257 non
532 2229 655 2258 veritus
669 2229 856 2268 appellare,
873 2229 968 2260 Jovis

271 2276 410 2308 fulmine
424 2277 465 2306 ad
477 2276 608 2307 Inferos
622 2277 832 2315 ‹leun-batus,
843 2277 968 2307 vulturi

266 2329 367 2368 jecur
381 2326 512 2357 assidue
530 2326 741 2356 exedendum
759 2325 900 2364 praebet.

316 2379 377 2407 184
401 2376 534 2415 Debita]
561 2377 700 2407 Scilicet
717 2375 878 2404 addicunt
895 2383 967 2403 sose

273 2436 381 2467 poenae
423 2427 614 2467 quicunqne
662 2434 722 2464 per
759 2423 888 2454 facinus
926 2423 966 2453 ab

273 2476 384 2508 officio
400 2487 458 2507 suo
475 2477 681 2507 desciscunt.
727 2475 823 2506 Quod
842 2475 967 2504 ruinani

273 2527 320 2557 ita
334 2536 405 2557 esse
427 2527 534 2566 major
553 2535 631 2566 pars
656 2526 774 2555 saltem
800 2524 968 2554 hominum

274 2587 341 2608 non
353 2577 595 2615 dedignaretur
610 2576 779 2607 meditari.

318 2630 378 2656 185
416 2626 497 2666 Hic]
541 2627 584 2658 In
618 2627 782 2658 Tartareo
819 2634 969 2664 carcerc,

276 2677 419 2707 scilicet.

1065 2033 1127 2062 188
1139 2031 1261 2072 Tertia]
1275 2032 1360 2062 Tres
1376 2031 1464 2062 enirn
1479 2034 1557 2062 sunt
1570 2029 1720 2071 omnino,

1021 2080 1157 2121 Alecto,
1170 2082 1364 2122 Tisiphone,
1387 2087 1422 2112 et
1436 2082 1610 2121 Megaera;
1634 2091 1718 2122 quas

1022 2132 1110 2170 vide,
1128 2142 1252 2172 qnaeso,
1264 2143 1322 2163 suo
1339 2131 1455 2162 ordine
1466 2137 1503 2163 ut
1515 2142 1558 2163 ex
1571 2131 1718 2162 Nasonis

1020 2180 1155 2220 ingenio
1172 2182 1313 2222 singulae
1327 2182 1361 2212 in
1374 2182 1576 2212 scelerosum
1586 2179 1719 2211 Ibidem

1022 2231 1208 2267 insurgant.

1066 2282 1127 2309 190
1161 2280 1290 2318 AEacus]
1334 2281 1400 2311 Qui
1429 2287 1504 2309 cum
1532 2275 1648 2307 Minoe
1683 2282 1718 2307 ct

1023 2327 1277 2358 Rhadamantho
1297 2328 1405 2366 judex
1432 2325 1521 2365 apud
1541 2324 1675 2357 Inferos
1699 2337 1719 2357 a.

1022 2376 1169 2405 Plutone
1197 2377 1412 2415 constitutus,
1437 2385 1502 2406 non
1529 2380 1597 2406 tam
1619 2385 1719 2418 quam

1021 2425 1095 2464 ipse
1112 2426 1203 2455 Naso
1220 2425 1252 2454 in
1270 2434 1382 2464 pinnas
1398 2425 1598 2464 ingeniosus.

1066 2478 1126 2506 192
1153 2475 1269 2514 Causa]
1307 2475 1412 2506 Quasi
1440 2475 1509 2505 Ibis
1535 2475 1624 2505 solus
1652 2478 1720 2506 tor·

1022 2529 1133 2555 torum
1163 2525 1402 2555 'surtarcoruin
1439 2523 1566 2555 rabiem
1596 2524 1721 2557 satiare

1023 2574 1189 2606 debuerit.

1067 2627 1126 2655 193
1141 2625 1277 2665 Pondus]
1294 2624 1718 2664 Lapidem‚scilicct‚illum

1023 2673 1202 2714 ingentem,
1229 2684 1327 2715 quem
1353 2674 1386 2704 in
1406 2674 1530 2705 montis
1555 2672 1716 2704 verticem
