1877 3193
526 159 680 190 EPis'r.
714 159 780 188 Ex
814 159 972 189 PONTo
1008 159 1099 190 [ΑΒ.
1129 158 1196 189 1v.
1228 148 1305 190 15:
1519 149 1635 191 2749

179 255 267 295 Seu
289 258 431 295 tamen
452 253 630 295 effectus
648 254 852 296 habitura
872 259 938 296 est
958 251 1124 308 gratia3
1156 267 1237 296 seu
1257 267 1327 296 me
1579 253 1636 295 35

240 322 363 362 Dura
382 320 513 375 jubet
531 321 676 374 gelido
697 321 841 362 Parca
861 323 941 362 sub
964 334 1048 363 axe
1071 323 1212 373 mori3

179 388 362 442 Semper
381 389 563 429 inoblita
583 393 776 441 repetam
799 393 875 428 tua
895 401 1074 429 munera
1094 392 1260 430 mente:

240 455 296 497 Et
315 470 415 497 mea
433 469 502 496 me
519 456 648 496 tellus
671 455 818 496 audiet
839 468 941 495 esse
961 457 1094 495 tuum.

181 522 345 564 Audiet
364 527 408 563 et
429 523 545 563 coelo
567 523 716 574 posita
729 513 799 561 ¹est
819 533 1111 573 quaecumque
1131 521 1211 560 sub
1231 521 1305 563 illo
1323 535 1332 562 :

238 589 417 630 Transit
436 594 580 628 nostra
603 588 716 628 feros
737 588 775 627 si
797 587 925 627 modo
948 587 1082 627 Musa
1101 586 1252 628 Getas.
1583 591 1641 631 40

181 656 333 709 Teque
354 669 463 696 meae
492 667 669 694 eausam
691 657 1048 706 servatoremque
1071 653 1238 704 salutis,

238 722 401 775 Meque
420 726 544 762 tuum
564 722 675 762 libra
694 722 805 762 norit
824 725 866 761 et
887 734 972 762 aere
990 721 1147 761 minus.

179 842 310 883 epistola
323 846 393 873 orat
408 843 506 873 locum
519 852 574 882 per
589 853 632 873 se.
679 842 750 874 Sive
767 846 867 874 tamen
875 842 971 880 favor·
995 847 1070 874 tuus
1085 847 1132 874 est
1150 845 1364 874 consecuturus
1378 842 1545 883 effectum,·
1570 846 1634 878 sive

180 886 300 916 immite
318 885 424 923 fatum
450 886 532 919 cogit
560 896 605 916 me
620 885 703 916 obire
718 886 772 916 sub
794 887 862 925 polo
876 886 1018 925 glaciali,
1034 886 1165 917 recolam
1181 896 1297 925 semper
1313 889 1367 916 tua
1379 886 1523 928 beneficia
1536 888 1638 919 animo

180 928 306 958 memori
319 938 329 963 ,·
352 931 381 958 et
409 931 493 958 terra
520 938 585 958 mea
611 928 685 958 sciet
713 938 758 958 me
784 938 847 959 esse
869 932 966 960 tuum.
1012 930 1215 968 Quoecumque
1230 929 1325 958 eliam
1343 934 1435 958 terra
1450 933 1495 960 est
1509 930 1571 961 sita
1584 931 1638 961 sub

179 971 240 1000 ullo
263 972 335 1001 coelo
358 970 502 1009 accipiet,
529 970 557 1000 εἰ
581 972 691 1001 saltem
709 971 802 1001 Musa
826 975 929 1002 nostru
953 973 1149 1012 exspatiatur
1175 971 1257 1001 ultra
1281 981 1376 1001 saecos
1402 971 1523 1008 Getas5
1547 976 1639 1013 atque

179 1012 334 1052 intelliget
358 1016 389 1043 te
415 1021 538 1043 causam
563 1016 593 1043 et
619 1016 759 1043 tutamen
784 1023 859 1044 meae
884 1014 1006 1054 salutis,
1032 1024 1137 1055 meque
1155 1024 1229 1044 esse
1252 1017 1339 1044 tuum
1361 1018 1490 1055 excepta
1512 1014 1592 1047 libra
1607 1018 1637 1046 et

179 1064 252 1085 (πε.

794 1118 1007 1130 ‘fovemur
1011 1118 1027 1130 e

180 1184 222 1212 36
245 1182 341 1213 Unus
358 1182 574 1214 Heins.vi‹1et
591 1192 651 1222 pro
660 1181 768 1221 jabet.-
793 1187 828 1214 et
847 1185 884 1214 R.
899 1184 998 1214 medio
1010 1183 1193 1214 Para—37
1217 1184 1306 1214 Mor.
1324 1187 1376 1215 tua
1391 1185 1529 1216 carmina
1543 1188 1637 1216 ment.

180 1227 266 1256 —39
289 1225 442 1256 Quattuor
460 1226 535 1256 libri
551 1226 666 1256 Audiat
685 1228 735 1261 et;
759 1236 841 1255 unus
867 1226 906 1256 P.
927 1226 1014 1256 Dan.
1032 1231 1066 1255 et
1083 1226 1166 1255 alius
1185 1226 1401 1257 Semina—41
1430 1227 1636 1258 Sala-«torem-

176 1276 234 1306 que
250 1267 291 1298 P.
308 1268 399 1298 Dan.
417 1271 452 1297 et
469 1272 615 1307 quatuor
631 1268 768 1305 scripti:
795 1268 945 1298 monachi
963 1278 1095 1298 manum
1112 1269 1210 1307 sapit.
1234 1269 1434 1299 Bura—42
1455 1270 1520 1298 Pro
1537 1270 1638 1299 minus

179 1309 258 1339 olinl
285 1310 463 1349 legebatur
486 1310 600 1348 magis.
645 1310 775 1339 &Minus
802 1310 907 1349 major
942 1310 1145 1348 scriptorum
1175 1320 1266 1349 pars,
1293 1316 1327 1340 et
1353 1311 1521 1340 editiones
1555 1320 1636 1341 non-

176 1351 299 1382 nullae:
328 1352 416 1391 quod
446 1351 607 1381 Salmasio
624 1351 656 1380 in
672 1351 833 1390 Epistolis
850 1361 881 1382 n.
899 1354 972 1383 106.
989 1352 1029 1382 ad
1049 1352 1257 1383 Gronovium
1274 1352 1493 1392 probabatur,
1509 1356 1546 1384 et
1571 1353 1637 1393 ipsi

175 1393 352 1424 Gronovio
369 1393 550 1425 observat.
568 1402 606 1424 11.
626 1396 654 1424 l.
692 1394 740 1424 Ut
755 1403 870 1424 sensus
884 1394 940 1432 sit,
958 1394 1016 1424 Me
1035 1394 1082 1424 tui
1101 1395 1260 1434 mancipii
1276 1405 1352 1425 esse
1367 1396 1467 1432 norit,
1484 1395 1636 1435 quamvis

177 1444 223 1466 aes
239 1440 275 1466 et
290 1436 376 1467 libra
390 1436 633 1476 mancipationi
650 1445 712 1466 non
729 1435 898 1466 affuerint.
943 1437 1031 1466 Vide
1056 1446 1132 1466 eum
1160 1437 1293 1466 omnino
1311 1437 1352 1465 de
1370 1447 1429 1467 usu
1447 1438 1502 1467 τοῦ
1524 1438 1636 1469 minus.

178 1477 214 1508 Is
230 1477 302 1518 ipse
319 1478 513 1510 Gronovius
531 1477 648 1508 eodem
667 1478 780 1517 capite
809 1478 899 1508 curis
926 1477 1084 1508 secundis
1110 1478 1280 1515 tentabat,
1298 1479 1422 1517 Meque,
1444 1483 1530 1509 tuum
1545 1479 1637 1518 libra,

175 1520 274 1559 novit,
288 1523 317 1550 et
331 1530 403 1559 oere,
417 1520 516 1550 minus
528 1531 538 1550 :
560 1519 617 1549 ubi
640 1520 776 1558 copiose
794 1519 947 1559 disputat
974 1520 1016 1549 de
1033 1520 1094 1549 lioc
1113 1520 1197 1550 loco.
1241 1520 1452 1552 Twisdenius
1466 1521 1587 1559 codex,
1603 1525 1634 1552 et

178 1571 240 1592 oere
255 1563 374 1593 datum.
419 1563 474 1592 De
492 1562 751 1601 mancipatione,
767 1571 840 1601 quae
858 1571 920 1600 per
944 1571 989 1591 aes
1018 1566 1052 1592 et
1069 1562 1186 1591 libram
1201 1560 1316 1600 fiebat,
1342 1563 1434 1601 pleni
1461 1563 1636 1594 Juriscon-

178 1604 344 1635 zultorum
362 1604 613 1634 commentarii:
640 1603 804 1634 videndus
818 1604 1046 1634 etSalmasius
1060 1604 1101 1633 de
1116 1604 1234 1634 Usuris
1248 1614 1278 1635 c.
1291 1607 1321 1634 8.
1348 1605 1437 1635 Hinc
1452 1605 1634 1638 Horatius:

179 1647 188 1662 ‘
205 1646 240 1677 Si
258 1647 430 1686 proprium
449 1652 512 1684 est,
530 1646 617 1687 quod
634 1646 708 1686 quis
725 1646 808 1676 libra
824 1651 993 1676 mercatur
1014 1651 1049 1677 et
1075 1656 1163 1676 aere:
1190 1646 1356 1678 Quaedam
1372 1647 1415 1686 (si
1428 1647 1537 1677 credis
1555 1657 1635 1678 con-

178 1688 293 1728 sultis)
308 1686 479 1728 mancipat
506 1688 605 1718 usus)
653 1688 740 1726 Fuit,
765 1697 841 1718 cum
869 1688 1083 1719 scribendum
1112 1693 1277 1727 putarem,
1304 1689 1418 1727 Meque
1444 1692 1529 1719 cuum
1554 1689 1636 1720 libra

178 1731 274 1767 norit,
289 1734 319 1761 et
333 1741 394 1760 oere
409 1733 511 1760 tuum.-
535 1734 572 1761 ut
588 1730 776 1768 neglexerit
795 1730 963 1770 posterius
980 1734 1066 1760 tuum
1083 1730 1254 1770 geminare
1271 1730 1448 1768 librarius,
1468 1731 1524 1771 qui
1540 1740 1635 1762 error

175 1777 232 1804 est
249 1772 561 1813 frequentissimus.’
587 1772 699 1803 Heius.
744 1772 784 1804 In
811 1771 966 1804 Francos.
984 1777 1071 1811 erat,
1094 1773 1205 1813 Meque
1229 1776 1314 1804 tuum
1332 1773 1410 1803 libra
1431 1775 1515 1803 noris
1530 1776 1558 1804 et
1573 1783 1636 1805 oere

177 1816 301 1846 datum.-
325 1815 357 1845 in
380 1815 444 1845 Ms.
459 1815 589 1845 Bersm.
614 1815 726 1855 Meque
751 1818 837 1845 tuum.
863 1824 972 1845 munus
995 1825 1055 1845 non
1081 1818 1226 1845 tenuante
1251 1814 1340 1845 libra.
1390 1816 1443 1846 De
1467 1817 1512 1854 τῷ
1533 1815 1635 1846 minus

178 1857 247 1888 vid.
264 1857 305 1888 ad
324 1856 401 1888 Art.
418 1856 492 1889 Am.
510 1867 533 1888 1.
549 1859 622 1888 641.
644 1857 825 1888 'l‘ractavit
850 1861 886 1887 et
908 1857 998 1888 hunc
1024 1857 1133 1888 iocum
1160 1857 1191 1888 J.
1209 1858 1309 1896 Bapt.
1338 1857 1419 1888 Pius
1447 1857 1490 1887 ad
1515 1857 1631 1889 plaut.

180 1900 257 1932 Cas.
273 1909 313 1931 11.
329 1904 360 1931 5.
378 1903 406 1931 8.
424 1899 481 1930 ubi
506 1900 604 1939 magis
627 1899 762 1939 probat,
789 1903 823 1930 et
843 1899 1035 1939 significare
1062 1899 1225 1932 Ovidium
1250 1899 1310 1939 ait,
1332 1909 1369 1931 se
1398 1899 1504 1931 amieo
1532 1909 1632 1941 quam

177 1943 322 1974 maxime
337 1942 496 1973 devotum
510 1952 584 1974 esse
601 1947 635 1973 et
652 1942 836 1973 addictum.
860 1942 973 1973 Burm.

841 2032 979 2063 NOTAE

181 2110 287 2149 Naso,
304 2110 456 2142 scribens
482 2115 593 2142 tamen
619 2120 693 2142 sese
713 2114 879 2142 remotum
934 2120 1018 2151 pens
1033 2110 1220 2151 dicebatur,
1236 2112 1261 2143 is
1277 2112 1333 2153 qui
1357 2113 1560 2154 mancipium
1577 2125 1630 2147 ac·

179 2161 365 2201 indicabat,
389 2165 424 2192 et
448 2161 553 2192 tacite
569 2161 636 2192 loci
659 2161 878 2192 mutationem
934 2160 1084 2201 cipiebat
1109 2161 1156 2192 ita
1180 2162 1393 2203 loquebatur,
1418 2163 1426 2179 ‘
1442 2163 1542 2195 Hunc
1566 2174 1629 2205 ego

180 2210 354 2251 poscebat.
932 2211 1100 2242 hominem
1131 2222 1171 2243 ex
1198 2213 1276 2252 jure
1307 2213 1490 2245 Quiritium
1519 2224 1629 2246 meum

220 2265 261 2293 35
287 2261 443 2302 Effectus]
467 2261 715 2302 Impetratnrus
731 2268 784 2295 est
800 2266 877 2294 tuus
932 2270 1005 2292 esse
1036 2261 1099 2301 aio,
1128 2262 1223 2302 isque
1245 2262 1326 2294 mihi
1356 2268 1464 2295 emtus
1491 2268 1543 2296 est
1566 2265 1628 2297 hoe

174 2309 272 2343 favor
287 2311 377 2352 apud
393 2312 560 2343 Caesarem
579 2313 667 2354 quod
685 2314 797 2354 cupio.
931 2321 998 2343 aere
1013 2322 1173 2353 aeneaque
1188 2313 1294 2345 libra.’

220 2364 261 2392 38
286 2361 375 2401 Mea]
398 2363 650 2403 Quamcumque
667 2363 822 2394 incolam.
974 2362 1096 2403 Minus]
1112 2363 1311 2404 Quanquam
1326 2374 1370 2396 aes
1385 2369 1421 2395 et
1437 2365 1522 2395 libra
1537 2374 1627 2396 man-

220 2414 261 2446 42
287 2411 397 2452 Libra]
422 2412 523 2443 Libra
548 2417 584 2444 et
611 2423 680 2444 aere
695 2414 729 2444 in
751 2414 876 2445 manci·
929 2412 1173 2453 cipationinon
1190 2413 1361 2446 affuerint.
1402 2415 1478 2452 Vel,
1497 2414 1628 2445 Manci-

179 2461 373 2501 pationibus
387 2466 423 2493 et
436 2462 688 2495 venditionibus
703 2473 875 2495 servorum
930 2463 976 2502 pii
993 2472 1065 2493 sum
1083 2462 1130 2493 tui
1149 2472 1210 2502 per
1235 2463 1357 2501 onmia,
1379 2462 1441 2492 nisi
1458 2462 1546 2503 quod
1565 2473 1626 2503 per

179 2510 228 2541 sic
266 2511 461 2542 utebantur.
521 2513 678 2555 Quinque
716 2514 873 2544 adhibitis
930 2523 976 2544 aes
992 2517 1028 2543 et
1044 2512 1172 2552 libram,
1188 2517 1245 2543 aut
1268 2522 1308 2543 ca
1328 2511 1543 2554 solennitate,
1559 2522 1625 2545 nou

180 2559 325 2592 testibus
343 2561 511 2603 Romanis,
530 2566 632 2604 atque
649 2573 689 2596 eo
707 2565 765 2606 qui
782 2563 874 2595 libri·
930 2571 1001 2592 sum
1016 2566 1136 2593 emtus·
