1877 3193
636 177 877 211 rmsrmM
912 177 1010 218 [ΑΒ.
1043 178 1105 209 iv.
1137 167 1208 209 10.
1542 163 1657 209 2423

193 276 327 319 Curia
346 277 567 319 restabat:
598 275 713 317 clavi
734 288 937 317 mensura
957 278 1112 317 coacta
1132 275 1222 315 est:
1598 270 1656 311 535

251 345 404 400 Majus
425 347 517 385 erat
535 343 696 384 nostris
718 344 886 384 viribus
907 343 1021 383 illud
1043 346 1173 383 onus.

195 410 295 453 Nec
316 412 492 465 patiens
512 423 690 464 corpuS,
716 424 796 451 nec
817 423 938 451 meus
958 410 1042 450 fuit
1061 412 1168 462 apta
1188 407 1345 458 labori,

250 478 532 530 Solicitaeque
553 477 685 530 fugax
708 477 962 518 ambitionis
984 488 1128 516 eram:

195 545 250 587 Et
271 551 420 599 petere
443 545 601 585 Aoniae
625 544 874 584 suadebant
894 546 985 584 tuta
1007 543 1188 584 Sorores

252 612 372 663 Otia,
388 613 561 667 judicio
584 625 757 665 semper
779 616 927 652 amata
948 624 1060 652 meo.
1602 606 1658 645 ³10

192 680 422 734 Temporis
443 681 562 721 illius
583 680 705 721 colui
725 680 905 733 fovique
926 678 1109 732 poetas3

250 746 455 802 Quotque
481 748 665 790 aderant
684 752 826 798 vates,
846 749 972 788 rebar
992 747 1149 788 adesse
1172 744 1312 785 Deos.

192 814 322 869 Saepe
345 829 450 857 suas
471 817 678 858 volucres
697 816 806 868 legit
825 815 930 855 mihi
952 813 1157 867 grandior
1176 824 1290 862 aevo,

249 881 449 937 Quaeque
468 887 591 924 necet
611 895 810 936 serpens,
833 895 933 935 quae
949 882 1076 935 juvet
1095 880 1247 929 herba,
1271 877 1442 920 Macer.

192 949 324 1003 Saepe
346 964 451 991 suos
473 951 629 991 solitus
651 949 835 990 recitare
858 948 1114 1002 Propertius
1135 948 1254 1000 ignes
1273 960 1283 998 3
1600 946 1656 987 -15

247 1015 276 1056 J
280 1030 355 1058 ure
377 1017 586 1058 sodalitio
609 1017 687 1070 qui
707 1016 812 1057 mihi
828 1015 1010 1069 junctus
1031 1017 1140 1055 erat.

190 1082 406 1125 Ponticus
430 1084 599 1134 Heroo,
623 1085 793 1125 Bassus
815 1097 991 1137 quoque
1015 1083 1160 1124 clarus
1181 1081 1352 1130 lambo,

249 1152 414 1194 Dulcia
433 1154 665 1195 convictus
686 1153 882 1194 membra
902 1152 1021 1192 fuere
1043 1151 1146 1191 mei.

192 1271 252 1291 uua
268 1271 307 1292 ex
323 1262 400 1292 viris
424 1262 498 1293 olim
521 1262 631 1293 trihus.
678 1262 814 1292 Senatus
837 1264 1019 1301 supererat:
1040 1261 1147 1291 modus
1170 1260 1249 1291 clari
1272 1260 1448 1290 contractus
1473 1262 1529 1291 est.
1576 1259 1660 1290 Illud

191 1314 265 1334 nnus
288 1308 354 1334 eruc
378 1305 508 1343 grat-ius
533 1304 668 1335 humeris
693 1305 820 1335 nostris.
868 1305 976 1344 Neque
1002 1313 1113 1343 corpus
1128 1303 1198 1341 fuit
1222 1302 1392 1342 robustum,
1418 1312 1512 1342 neque
1538 1302 1660 1333 animus

191 1346 315 1376 idoneus
329 1347 369 1376 ad
383 1347 539 1384 [aborsum
562 1351 591 1378 et
609 1357 692 1377 eram
709 1347 829 1377 alienus
843 1347 881 1377 ab
896 1347 993 1377 anxia
1006 1346 1191 1377 ambitione.-
1215 1349 1245 1376 et
1260 1355 1380 1376 sorores
1395 1345 1507 1376 Aonioe
1521 1346 1658 1376 consule-

190 1388 263 1418 bant
279 1398 414 1428 quoerere
429 1389 494 1420 otia
508 1399 615 1420 secura
631 1399 750 1429 semper
767 1390 886 1421 'dilecta
901 1400 966 1421 meo
982 1389 1114 1429 judicio.
1161 1389 1274 1420 Dilexz'
1289 1392 1382 1429 atque
1397 1387 1545 1419 honoravi
1565 1388 1659 1419 Vates

190 1431 276 1462 illius
289 1432 412 1468 oetatis3
435 1435 465 1462 et
481 1432 640 1463 credebam
656 1436 701 1463 tot
716 1432 919 1471 Deosfavere
934 1436 1007 1473 quot
1025 1433 1132 1463 Po'e'tae
1144 1431 1309 1469 favebant.
1354 1431 1464 1462 Macer
1479 1434 1572 1462 oetate
1585 1440 1658 1471 pro-

190 1474 304 1504 rectior
318 1484 399 1514 saepe
416 1475 494 1511 legit
510 1475 586 1506 milei
601 1485 671 1505 suas
688 1485 779 1511 aves5
802 1477 870 1515 quis
884 1475 998 1515 anguis
1010 1477 1167 1515 perimam
1189 1476 1269 1514 quod
1282 1483 1412 1512 gramen
1421 1475 1533 1514 prosit.
1581 1473 1660 1503 Pro-

189 1517 319 1556 pertius,
342 1518 396 1557 qui
412 1517 488 1548 mihi
503 1521 571 1548 erat
586 1518 717 1556 junctus
726 1517 800 1555 jure
815 1519 984 1557 societatis,
997 1518 1106 1548 solitus
1121 1520 1166 1547 est
1181 1527 1219 1546 sa
1223 1526 1262 1556 pe
1284 1525 1415 1547 narrare
1429 1525 1500 1546 suos
1513 1516 1657 1547 Amores.

190 1560 339 1591 Ponticus
354 1560 488 1599 insignis
504 1561 657 1591 carmine
674 1560 822 1600 Heroico,
839 1561 958 1591 Bassus
973 1561 1065 1591 etiam
1085 1560 1203 1599 lambo,
1213 1559 1347 1597 fuerunt
1358 1561 1466 1599 partes
1480 1562 1581 1598 gratae
1595 1558 1658 1588 mei

803 1631 1016 1644 ‘tenetote‘
1023 1633 1040 1643 e

191 1686 268 1707 unus
283 1679 467 1708 eram-35
491 1677 581 1708 Mor.
609 1680 644 1707 et
667 1680 739 1708 tres
754 1676 810 1707 alii
827 1686 958 1707 mensur.
974 1680 1096 1707 coarcta
1121 1679 1265 1708 est.-36
1288 1676 1344 1707 Fr.
1361 1686 1437 1716 opus
1451 1685 1512 1716 pro
1528 1685 1658 1707 onus:-

190 1722 231 1749 37
257 1719 420 1750 Nonnulli
446 1729 528 1750 mens
543 1723 612 1750 erat
628 1723 722 1759 apta:
747 1719 870 1750 Heius.
900 1719 988 1760 conj.
1018 1730 1101 1750 mens
1125 1719 1204 1750 satis
1219 1721 1392 1760 apta—38
1418 1718 1538 1750 Heius.
1566 1719 1658 1759 conj.

193 1760 298 1792 ambit.
315 1764 479 1793 eran—39
504 1763 582 1793 Lov.
598 1767 633 1794 et
647 1763 742 1793 Serv.
758 1765 822 1802 pet.
840 1762 987 1793 Ausonioe
1001 1764 1175 1794 smack—40
1190 1762 1246 1794 Pr.
1264 1763 1306 1793 V.
1323 1771 1414 1802 semp.
1431 1763 1563 1792 amanda
1580 1772 1655 1792 meo.

192 1805 273 1834 Lov.
290 1808 394 1835 amata
409 1807 559 1836 sua-44
582 1805 649 1836 Alii
671 1805 901 1844 necat..jurat:
922 1814 964 1835 ex
980 1815 1031 1846 pr.
1050 1805 1126 1836 Pol.
1143 1806 1261 1836 Heins.
1286 1804 1381 1835 dedit
1396 1804 1655 1843 necet...jurct.——

191 1849 230 1876 45
257 1846 352 1877 Unus
369 1847 429 1877 lib.
446 1848 500 1877 sal.
529 1851 654 1878 cantare
683 1849 721 1879 1².
749 1853 785 1878 et
812 1847 878 1878 duo
902 1851 1128 1879 narrare—46
1153 1848 1304 1878 sodalitio
1322 1857 1383 1888 pro
1400 1848 1491 1887 vulg.
1517 1847 1657 1878 sodalitii

192 1889 309 1919 Burin.
329 1890 462 1929 recepit
478 1899 519 1920 ex
536 1890 666 1921 duobus
681 1890 820 1930 scriptis
847 1894 884 1921 et
910 1890 999 1921 Edd.
1027 1890 1140 1921 Aldin.
1156 1895 1192 1921 et
1205 1891 1336 1921 Bersm.
1368 1891 1451 1920 Tum
1469 1890 1544 1920 Pal.
1561 1890 1602 1920 V.
1619 1894 1655 1919 et

192 1936 338 1972 quatuor
354 1932 410 1963 alii
426 1943 484 1973 quo
499 1942 559 1974 pro
576 1933 726 1973 quel—47
751 1931 822 1963 Alii
838 1933 981 1964 Bacchus
994 1942 1055 1974 pro
1074 1933 1199 1964 Bassus.
1223 1933 1341 1963 Heius.
1368 1941 1457 1963 corr.
1474 1932 1567 1963 Bass.
1579 1933 1656 1972 pede

855 2019 995 2050 NOTAE

235 2089 275 2118 34
321 2087 447 2128 Tribus]
486 2088 718 2120 Diversissimi
746 2089 895 2120 muneris
953 2099 1016 2127 vae,
1033 2093 1069 2120 et
1085 2092 1206 2120 emotae
1223 2086 1346 2118 mentis
1362 2086 1535 2118 indicium.

193 2136 337 2168 fuerunt.
347 2139 540 2179 Triumviri,
555 2149 698 2180 quorum
725 2139 781 2170 alii
797 2139 895 2178 Capi·
994 2144 1034 2173 39
1051 2140 1178 2181 Aouioe]
1195 2141 1321 2178 Musam
1340 2139 1460 2180 quibus
1476 2139 1517 2170 ab
1532 2138 1656 2179 Aonia,

192 2189 291 2228 tales,
313 2189 369 2219 alii
396 2189 578 2228 Nocturni,
599 2189 804 2227 Monetales,
829 2192 894 2219 ἀρ.
950 2191 1094 2222 Boeotiae
1111 2196 1211 2232 parte
1238 2195 1409 2229 montana,
1435 2190 1518 2221 illud
1536 2189 1654 2222 datum

190 2239 231 2270 ln
260 2239 380 2280 quibus
410 2239 517 2271 fuerit
558 2240 651 2271 Naso
689 2249 756 2271 non
790 2237 893 2271 facile
949 2251 1084 2272 nornen.

190 2289 345 2320 dixerim.
495 2294 497 2296 ’
992 2294 1034 2323 40
1050 2291 1183 2332 Amata]
1201 2290 1322 2331 Neque
1339 2290 1411 2321 siue
1424 2298 1538 2328 causa,
1552 2299 1656 2331 quau-

231 2342 271 2370 35
298 2339 413 2380 Curia]
437 2341 484 2372 Ut
499 2340 663 2371 Senator·
682 2344 758 2373 oser.
948 2341 1133 2382 (loquidem
1163 2351 1223 2382 per
1250 2341 1321 2379 illa,
1346 2344 1382 2371 et
1408 2349 1495 2379 sese,
1521 2344 1557 2371 et
1585 2340 1655 2369 suis

234 2389 338 2430 CLam']
387 2390 477 2422 Quia
510 2390 655 2421 Senator
692 2400 758 2421 uon
797 2394 890 2421 erat:
948 2392 1058 2432 bonis,
1080 2392 1180 2423 inimo
1197 2396 1233 2423 et
1249 2392 1326 2422 Deo
1350 2391 1436 2432 ipso,
1458 2389 1525 2421 frui
1550 2390 1657 2426 licet3

191 2448 333 2480 uanique
360 2440 428 2471 lato
451 2441 549 2471 clavo
567 2451 585 2471 a
605 2441 743 2482 reliquis
769 2441 894 2471 ordini·
947 2442 1046 2473 modo
1063 2452 1104 2473 ue
1120 2443 1187 2473 siut
1203 2442 1339 2472 inertia.

192 2488 254 2519 bus
269 2489 448 2521 Senatores
467 2490 778 2531 distinguebantur.
824 2492 894 2523 Ne·
990 2497 1031 2525 42
1059 2495 1156 2534 Deos]
1179 2494 1285 2523 Vates
1303 2495 1398 2523 certe
1413 2500 1522 2531 neque
1540 2489 1654 2530 Scrip-

195 2547 259 2578 que
275 2537 388 2570 obstat
399 2540 486 2580 quod
503 2551 606 2582 supra
623 2552 642 2573 a
659 2552 694 2573 se
710 2543 780 2573 lato
797 2543 894 2573 clavo
948 2548 1025 2576 tura
1042 2545 1114 2584 ipsa
1131 2552 1226 2573 saera
1243 2541 1449 2581 dedignatur
1463 2540 1580 2570 citare.

196 2587 346 2618 indutam
362 2598 544 2629 purpuram
572 2592 671 2633 dixit,
687 2593 778 2633 quia,
804 2592 894 2623 scili·
991 2597 1032 2624 43
1081 2592 1237 2631 Volucrcs]
1279 2591 1335 2621 De
1373 2589 1495 2631 quibus
1532 2590 1653 2622 Macer

195 2642 262 2676 cet,
275 2637 393 2668 trabea
407 2639 446 2668 ad
463 2642 723 2674 transvectiouis
735 2652 894 2683 pompam
951 2643 1054 2684 poeta
1072 2641 1289 2672 Veronensis.

197 2692 328 2720 tantum
346 2688 485 2728 Equites
501 2691 693 2725 utebantur.
992 2696 1031 2723 45
1060 2691 1166 2729 Ignes]
1196 2690 1350 2721 Amores.

239 2741 280 2770 35
305 2738 460 2779 solicita]
494 2739 646 2782 Quaeque
663 2743 805 2784 pusillae,
819 2753 895 2786 pra-
993 2745 1034 2774 47
1053 2740 1216 2781 Ponticus]
1234 2740 1312 2781 Hic,
1330 2745 1366 2772 ut
1382 2740 1414 2771 in
1431 2740 1651 2783 sequentibus
