1877 3193
202 154 315 197 2712
688 172 729 203 P.
762 171 920 202 ovmu
953 172 1166 203 NASONis

202 262 278 304 Sic
297 264 435 306 victor
454 266 627 307 laudem
651 268 867 321 superatis
888 268 1018 310 Liber
1039 270 1096 310 ab
1118 269 1259 320 Indis,

258 330 443 374 Alcides
465 339 597 387 capta
618 336 757 376 traxit
776 338 832 377 ab
856 337 1074 379 OEchalia.

202 397 257 439 Et
276 400 424 449 modo,
447 400 612 452 Caesar,
637 402 798 453 Avum,
820 412 951 457 'quem
973 405 1112 446 virtus
1136 405 1304 447 addidit
1324 406 1465 457 astris,

258 465 498 508 Sacrarunt
519 470 669 523 aliqua
688 472 879 512 carmina
900 478 1024 525 parte
1046 476 1181 514 tuum.

201 532 250 573 Si
271 535 377 586 quid
397 536 538 577 adhuc
560 539 687 590 igitur
707 539 814 589 vivi,
836 540 1117 591 Germanice,
1139 546 1287 583 nostro

257 600 413 642 Restat
431 604 474 643 in
496 605 683 656 ingenio,
705 608 865 647 serviet
887 621 1012 647 omne
1035 609 1128 648 tibi.

201 667 307 709 Non
326 674 455 721 potes
477 672 667 712 officium
684 674 797 713 vatis
819 679 1093 714 contemnere
1113 679 1237 716 vates
1257 690 1265 717 :

257 735 286 776 J
291 736 437 777 udicio
457 739 639 790 pretium
658 751 726 778 res
745 739 878 779 habet
898 740 985 779 ista
1006 744 1098 780 tuo.

202 800 335 852 Quod
356 805 440 844 nisi
460 809 501 845 te
521 818 683 845 numen
702 810 867 847 tantum
889 806 944 848 ad
966 807 1138 860 majora
1158 814 1373 861 vocasset,

258 869 410 911 Gloria
432 871 650 912 Pieridum
672 885 841 914 summa
864 874 1035 915 futurus
1057 887 1172 916 eras.

200 935 286 976 Sed
307 936 407 977 dare
428 939 651 979 materiam
674 941 818 990 nobis,
841 954 969 994 quam
992 941 1197 991 carmina,
1219 942 1363 996 majus
1382 955 1390 983 :

259 1002 302 1043 N
305 1016 354 1044 ec
376 1008 520 1046 tamen
541 1020 598 1047 ex
620 1011 713 1049 toto
734 1008 927 1050 deserere
949 1009 1026 1050 illa
1046 1014 1189 1063 potes.

203 1137 377 1165 consecutus
403 1139 447 1166 est
472 1137 603 1175 gloriam
632 1139 670 1170 ab
697 1141 786 1171 Indis
812 1142 936 1172 domitis
945 1153 956 1180 ,·
983 1142 1105 1173 Alcides
1131 1141 1168 1172 ab
1187 1142 1332 1173 OEchalz'a
1348 1143 1440 1173 victa.
1486 1143 1531 1172 Et
1547 1151 1654 1182 nuper,

201 1176 319 1215 Caesar,
344 1184 559 1210 consecrarant
575 1182 712 1213 versibus
728 1184 831 1223 aliqua
854 1189 945 1224 parte
960 1195 1048 1215 avum
1064 1189 1163 1222 tuum,
1191 1195 1278 1225 quem
1300 1185 1409 1216 Virtus
1425 1186 1530 1215 intulit
1545 1185 1656 1216 sideri-

200 1218 263 1249 bus.
293 1219 328 1250 Si
344 1230 418 1259 ergo
435 1222 552 1261 aliquid
568 1224 664 1254 vividi
679 1230 813 1264 superest
831 1227 862 1257 in
878 1228 1002 1266 ingenio
1018 1231 1132 1263 nostro,
1154 1228 1352 1266 Germanice,
1364 1238 1451 1258 omne
1462 1227 1573 1258 serviet
1586 1227 1655 1258 libi.

197 1261 247 1291 Tu
267 1261 364 1293 Ροὲἰα
380 1273 439 1294 non
462 1268 548 1303 potes
570 1275 713 1304 spernere
740 1269 872 1308 officium
895 1270 1013 1308 po'e'toe:
1039 1280 1088 1300 res
1104 1270 1165 1299 ista
1181 1270 1271 1300 habet
1288 1270 1430 1300 meritum
1445 1273 1497 1300 tuo
1512 1269 1655 1301 arbitrio.

200 1302 361 1336 Quodnisi
376 1308 496 1336 tantum
512 1317 619 1338 namen
642 1309 812 1340 addixisset
838 1314 868 1340 te
893 1314 933 1342 ad
958 1312 1190 1350 praestantiora,
1210 1312 1341 1349 futurus
1365 1322 1433 1342 eras
1457 1312 1522 1342 laus
1544 1313 1654 1343 ultima

198 1345 372 1379 Musarum.
423 1349 534 1380 Verum
548 1351 645 1381 mavis
665 1351 803 1392 praebere
827 1353 912 1383 nobis
934 1356 1161 1393 argumentum,
1187 1363 1276 1393 qaam
1300 1363 1422 1384 tersus:
1446 1364 1540 1394 neque
1554 1357 1656 1384 tamen

809 1435 1040 1446 ‘ev-emmae

198 1485 288 1524 vulg.
316 1486 476 1524 nubifero:
499 1487 801 1524 R.falmine0.—65
828 1490 869 1520 R.
896 1490 997 1520 vivum
1023 1500 1085 1529 pro
1108 1490 1267 1521 viva—66
1290 1491 1372 1522 Jun.
1397 1492 1433 1522 ab
1459 1501 1520 1531 pro
1539 1492 1594 1528 ἐγω
1618 1498 1654 1523 et

196 1536 275 1558 mox
291 1537 366 1558 cum
384 1529 486 1560 Barb.
512 1535 546 1560 et
569 1541 621 1570 pr.
644 1531 710 1562 Ed.
732 1532 846 1562 serviat
870 1535 1034 1563 amru—67
1060 1533 1127 1564 Ms.
1154 1533 1364 1573 Bersm.p⁰t.
1377 1533 1534 1573 ingenium
1548 1538 1654 1565 vat.—

197 1571 240 1599 69
265 1570 388 1602 Numen
404 1581 488 1602 unus
503 1572 620 1604 Heius.
636 1579 671 1604 et
688 1583 739 1614 pr.
757 1574 819 1606 Ed.
839 1574 910 1605 scil.
926 1573 1098 1614 Augustus
1113 1586 1120 1605 2
1146 1576 1234 1615 vulg.
1251 1585 1370 1606 nomen.
1413 1576 1494 1606 Mox
1511 1581 1655 1617 quatuor

198 1611 277 1643 libri
295 1613 369 1651 maj.
386 1615 605 1647 tulisset.—71
632 1617 668 1648 F.
694 1620 804 1648 mater.
833 1620 868 1648 tu
892 1617 979 1648 nobis
1004 1618 1143 1649 carmina
1168 1618 1287 1649 mavis.-
1311 1618 1446 1658 plurimi
1472 1619 1528 1649 alii
1551 1619 1653 1651 etiam

855 1714 1000 1746 NOTAE

200 1780 370 1811 elementa
387 1781 557 1814 transiret.

242 1829 343 1869 Mole]
372 1832 458 1864 Quae
473 1833 573 1863 chaos
587 1837 638 1864 est
651 1833 771 1874 ipsum.

241 1882 283 1910 59
309 1880 479 1922 Gigantas]
515 1882 567 1914 De
592 1884 726 1915 illorum
756 1884 900 1916 audacia

199 1930 278 1960 vide
293 1930 325 1960 in
342 1931 485 1963 Metam.

243 1983 284 2011 60
308 1980 427 2022 Styga]
457 1981 570 2024 Atque
588 1983 673 2015 adeo
695 1984 737 2015 ad
755 1984 899 2025 Inferos,

198 2030 257 2061 nbi
273 2041 314 2061 ea
330 2033 437 2071 palus.

244 2081 436 2121 Nimbifern]
477 2083 646 2114 Nimirum
671 2084 774 2115 nimbi
795 2089 898 2126 atque

201 2128 308 2159 nubes
339 2131 463 2160 assidui
492 2131 666 2164 fulminum
691 2139 793 2175 atque
816 2135 899 2166 toni-

200 2183 313 2209 truum
332 2181 473 2210 comites
489 2182 543 2211 vel
559 2192 682 2214 causae.

226 2243 230 2246 *
251 2228 402 2269 Vindicis]
443 2231 550 2269 Joviffi
577 2232 719 2272 scilicet,
743 2232 799 2272 qui
824 2243 897 2263 eam

199 2282 331 2319 pestem
349 2279 391 2310 ad
404 2279 545 2310 Tartara
562 2280 719 2321 detrusit,
732 2283 757 2312 si
774 2282 897 2313 fabulis

200 2328 297 2360 fides.

242 2381 281 2409 61
320 2378 429 2418 Liber]
478 2380 643 2419 Bacchus,
680 2382 839 2412 Indorum
878 2393 897 2413 a

199 2427 319 2459 Poetis
330 2428 479 2459 domitor
494 2429 705 2462 decantatus.

244 2482 284 2509 62
308 2479 449 2520 Alcides]
478 2481 659 2520 Hercules,
675 2483 729 2513 cui
744 2483 897 2514 aroborc

202 2530 315 2561 erci
334 2531 415 2561 illud
434 2541 553 2563 nomen
570 2533 749 2566 dederunt.

247 2581 408 2621 OEchalia]
439 2582 555 2611 l’lnrvs
579 2582 717 2615 fuerunt
733 2584 833 2615 urbes
857 2595 897 2616 eo

201 2630 356 2668 nomine3
379 2632 437 2661 sed
455 2632 519 2662 ista
535 2632 598 2663 fuit
623 2634 654 2663 in
674 2639 782 2665 tractu
808 2636 897 2666 Mes-

203 2679 350 2717 seniaco,
373 2691 468 2720 quam
496 2683 666 2714 Hercules
691 2685 768 2716 ideo
792 2686 898 2716 diruit

204 2728 294 2770 quod
308 2733 440 2769 pactam
452 2731 514 2761 sibi
525 2732 629 2763 lolem
640 2733 739 2765 tiliam
750 2736 897 2775 Eurytus

955 1794 1016 1815 rex
1032 1793 1097 1815 uon
1125 1783 1234 1815 daret.
1281 1786 1407 1816 Verum
1432 1785 1472 1816 de
1490 1784 1560 1816 istis
1586 1795 1654 1816 om-

954 1834 1131 1875 nibusjan]
1148 1834 1273 1875 saepius
1289 1835 1429 1866 dictum.

997 1887 1037 1915 63
1062 1885 1171 1924 Modo]
1208 1885 1282 1915 Hoc
1304 1885 1388 1916 dicit
1404 1885 1480 1926 quia
1504 1894 1612 1925 nuper
1635 1893 1653 1915 e

953 1934 1037 1965 vivis
1054 1934 1229 1976 Augustus
1245 1940 1451 1966 excesserat.

994 1985 1112 2025 Arum]
1151 1986 1220 2016 Per
1246 1985 1483 2026 adoptionem:
1509 1994 1653 2026 namque

953 2036 1001 2067 ita
1031 2036 1268 2075 Germanicus,
1294 2035 1335 2066 de
1361 2045 1426 2076 quo
1449 2035 1501 2065 hic
1531 2035 1655 2075 agitur,

952 2086 1080 2116 Tiberii
1106 2084 1171 2116 fuit
1191 2085 1293 2125 filius,
1307 2085 1458 2116 Tiberius
1483 2085 1653 2124 Augusti5

954 2135 1003 2166 nti
1013 2136 1085 2175 jam
1102 2145 1335 2175 saepenumero
1353 2135 1569 2166 inculcatum.

996 2189 1035 2216 65
1064 2186 1148 2221 Quid
1162 2186 1238 2225 viri]
1277 2185 1377 2217 Quod
1394 2185 1480 2215 mala
1497 2194 1569 2215 mea
1585 2192 1651 2215 non

952 2236 1088 2273 penitus
1105 2234 1322 2264 extinxerint.

995 2288 1034 2315 67
1073 2285 1179 2323 Vates]
1210 2284 1319 2314 Poeta
1341 2293 1419 2313 vero
1444 2282 1521 2322 fuit,
1547 2283 1651 2313 'Pran-

953 2335 1057 2375 quillo
1074 2334 1214 2373 aliisque
1232 2333 1257 2362 si
1276 2343 1342 2373 qua
1358 2332 1453 2363 fides.

993 2388 1034 2415 68
1059 2383 1264 2422 Tuo-indicio]
1304 2383 1476 2423 Siquidem
1504 2385 1650 2424 poeticae

952 2434 1016 2464 arti
1033 2443 1168 2473 operam
1186 2433 1370 2463 navavcris.

993 2487 1035 2514 69
1050 2482 1184 2521 Numen]
1198 2481 1265 2512 Alii
1282 2492 1405 2513 nomen:
1419 2485 1572 2525 Caesaris,
1589 2486 1651 2516 sei-

952 2535 1044 2571 licet,
1073 2533 1127 2563 cui
1153 2532 1288 2572 quiden·
1307 2532 1428 2564 bellica
1451 2535 1549 2565 laude
1575 2546 1650 2576 par-

952 2590 1018 2616 tam
1042 2582 1173 2621 famam,
1189 2583 1213 2612 si
1231 2584 1337 2623 lubet,
1352 2584 1535 2618 addideris.

994 2638 1034 2665 70
1061 2635 1169 2663 Gloria
1187 2634 1364 2673 Pieridum]
1403 2635 1514 2666 Decus
1539 2637 1650 2667 Musa-

953 2694 1036 2723 rum,
1052 2688 1153 2723 atque
1170 2683 1254 2713 adeo
1269 2694 1415 2714 summus
1432 2685 1543 2724 poeta.

993 2737 1032 2765 71
1058 2734 1242 2773 Materiam]
1284 2732 1541 2776 Argumentum,
1558 2735 1647 2776 quod
