<?xml version="1.0" encoding="UTF-8"?>
<!DOCTYPE html PUBLIC "-//W3C//DTD XHTML 1.0 Transitional//EN"
    "http://www.w3.org/TR/xhtml1/DTD/xhtml1-transitional.dtd">
<html xmlns="http://www.w3.org/1999/xhtml" xml:lang="en" lang="en">
 <head>
  <title>
</title>
<meta http-equiv="Content-Type" content="text/html;charset=utf-8" />
  <meta name='ocr-system' content='tesseract 3.04.00' />
  <meta name='ocr-capabilities' content='ocr_page ocr_carea ocr_par ocr_line ocrx_word'/>
</head>
<body>
  <div class='ocr_page' id='page_1' title='image "./operaomniaexedit05oviduoft/operaomniaexedit05oviduoft_0389.png"; bbox 0 0 1877 3193; ppageno 0'>
   <div class='ocr_carea' id='block_1_1' title="bbox 548 165 1628 209">
    <p class='ocr_par' dir='ltr' id='par_1_1' title="bbox 548 165 1628 209">
     <span class='ocr_line' id='line_1_1' title="bbox 548 165 1628 209; baseline 0.002 -3"><span class='ocrx_word' id='word_1_1' title='bbox 548 176 701 208; x_wconf 75' lang='lat' dir='ltr'>EPJST.</span> <span class='ocrx_word' id='word_1_2' title='bbox 735 176 801 207; x_wconf 82' lang='lat' dir='ltr'>Ex</span> <span class='ocrx_word' id='word_1_3' title='bbox 835 178 992 208; x_wconf 62' lang='lat' dir='ltr'>pomo</span> <span class='ocrx_word' id='word_1_4' title='bbox 1026 178 1118 209; x_wconf 74' lang='lat' dir='ltr'>Lm.</span> <span class='ocrx_word' id='word_1_5' title='bbox 1152 177 1204 208; x_wconf 90' lang='lat'>11.</span> <span class='ocrx_word' id='word_1_6' title='bbox 1229 168 1269 209; x_wconf 87' lang='lat'>5.</span> <span class='ocrx_word' id='word_1_7' title='bbox 1516 165 1628 208; x_wconf 72' lang='lat'>2589</span> 
     </span>
    </p>
   </div>
   <div class='ocr_carea' id='block_1_2' title="bbox 182 270 1632 1326">
    <p class='ocr_par' dir='ltr' id='par_1_2' title="bbox 182 270 1632 1326">
     <span class='ocr_line' id='line_1_2' title="bbox 185 270 1258 326; baseline 0.003 -15"><span class='ocrx_word' id='word_1_8' title='bbox 185 270 448 324; x_wconf 82' lang='lat' dir='ltr'>Optastique</span> <span class='ocrx_word' id='word_1_9' title='bbox 467 271 641 314; x_wconf 87' lang='lat' dir='ltr'>brevem</span> <span class='ocrx_word' id='word_1_10' title='bbox 662 274 774 315; x_wconf 85' lang='lat' dir='ltr'>salvi</span> <span class='ocrx_word' id='word_1_11' title='bbox 793 273 897 315; x_wconf 88' lang='lat' dir='ltr'>mihi</span> <span class='ocrx_word' id='word_1_12' title='bbox 919 273 1108 316; x_wconf 78' lang='lat' dir='ltr'>Caesaris</span> <span class='ocrx_word' id='word_1_13' title='bbox 1123 274 1258 326; x_wconf 81' lang='lat' dir='ltr'>iram3</span> 
     </span>
     <span class='ocr_line' id='line_1_3' title="bbox 243 336 1185 394; baseline 0.003 -16"><span class='ocrx_word' id='word_1_14' title='bbox 243 336 376 387; x_wconf 84' lang='lat' dir='ltr'>Quod</span> <span class='ocrx_word' id='word_1_15' title='bbox 397 342 538 379; x_wconf 86' lang='lat' dir='ltr'>tamen</span> <span class='ocrx_word' id='word_1_16' title='bbox 556 341 713 393; x_wconf 84' lang='lat' dir='ltr'>optari,</span> <span class='ocrx_word' id='word_1_17' title='bbox 736 341 775 381; x_wconf 87' lang='lat' dir='ltr'>si</span> <span class='ocrx_word' id='word_1_18' title='bbox 796 341 923 389; x_wconf 82' lang='lat' dir='ltr'>sciat,</span> <span class='ocrx_word' id='word_1_19' title='bbox 944 342 1041 394; x_wconf 86' lang='lat' dir='ltr'>ipse</span> <span class='ocrx_word' id='word_1_20' title='bbox 1062 342 1185 382; x_wconf 85' lang='lat' dir='ltr'>sinat.</span> 
     </span>
     <span class='ocr_line' id='line_1_4' title="bbox 185 403 1178 448; baseline 0.004 -4"><span class='ocrx_word' id='word_1_21' title='bbox 185 403 384 445; x_wconf 86' lang='lat' dir='ltr'>Moribus</span> <span class='ocrx_word' id='word_1_22' title='bbox 403 405 494 446; x_wconf 78' lang='lat' dir='ltr'>ista</span> <span class='ocrx_word' id='word_1_23' title='bbox 515 408 602 448; x_wconf 86' lang='lat' dir='ltr'>tuis</span> <span class='ocrx_word' id='word_1_24' title='bbox 623 410 710 447; x_wconf 88' lang='lat' dir='ltr'>tam</span> <span class='ocrx_word' id='word_1_25' title='bbox 730 408 853 447; x_wconf 85' lang='lat' dir='ltr'>mitia</span> <span class='ocrx_word' id='word_1_26' title='bbox 871 412 977 447; x_wconf 80' lang='lat' dir='ltr'>vota</span> <span class='ocrx_word' id='word_1_27' title='bbox 994 407 1178 448; x_wconf 83' lang='lat' dir='ltr'>dedisti:</span> 
     </span>
     <span class='ocr_line' id='line_1_5' title="bbox 241 471 1158 523; baseline 0.002 -12"><span class='ocrx_word' id='word_1_28' title='bbox 241 471 340 512; x_wconf 87' lang='lat' dir='ltr'>Nee</span> <span class='ocrx_word' id='word_1_29' title='bbox 361 473 504 513; x_wconf 87' lang='lat' dir='ltr'>minus</span> <span class='ocrx_word' id='word_1_30' title='bbox 525 473 689 514; x_wconf 85' lang='lat' dir='ltr'>idcirco</span> <span class='ocrx_word' id='word_1_31' title='bbox 710 477 808 513; x_wconf 87' lang='lat' dir='ltr'>sunt</span> <span class='ocrx_word' id='word_1_32' title='bbox 825 486 876 512; x_wconf 88' lang='lat' dir='ltr'>ea</span> <span class='ocrx_word' id='word_1_33' title='bbox 895 475 1019 523; x_wconf 68' lang='lat' dir='ltr'>grata</span> <span class='ocrx_word' id='word_1_34' title='bbox 1037 473 1158 513; x_wconf 90' lang='lat' dir='ltr'>mihi.</span> 
     </span>
     <span class='ocr_line' id='line_1_6' title="bbox 184 536 1632 592; baseline 0.002 -15"><span class='ocrx_word' id='word_1_35' title='bbox 184 536 372 592; x_wconf 83' lang='lat' dir='ltr'>Quoque</span> <span class='ocrx_word' id='word_1_36' title='bbox 390 541 528 591; x_wconf 82' lang='lat' dir='ltr'>magis</span> <span class='ocrx_word' id='word_1_37' title='bbox 547 551 752 579; x_wconf 83' lang='lat' dir='ltr'><strong>moveare</strong></span> <span class='ocrx_word' id='word_1_38' title='bbox 772 538 917 587; x_wconf 79' lang='lat' dir='ltr'>malis,</span> <span class='ocrx_word' id='word_1_39' title='bbox 938 537 1211 588; x_wconf 82' lang='lat' dir='ltr'><strong>doctissime,</strong></span> <span class='ocrx_word' id='word_1_40' title='bbox 1244 538 1420 589; x_wconf 85' lang='lat' dir='ltr'>nostris,</span> <span class='ocrx_word' id='word_1_41' title='bbox 1577 540 1632 580; x_wconf 76' lang='lat'>15</span> 
     </span>
     <span class='ocr_line' id='line_1_7' title="bbox 242 604 1052 647; baseline 0.001 -1"><span class='ocrx_word' id='word_1_42' title='bbox 242 605 460 646; x_wconf 77' lang='lat' dir='ltr'>Credibile</span> <span class='ocrx_word' id='word_1_43' title='bbox 479 609 546 647; x_wconf 86' lang='lat' dir='ltr'>est</span> <span class='ocrx_word' id='word_1_44' title='bbox 563 605 657 645; x_wconf 89' lang='lat' dir='ltr'>fieri</span> <span class='ocrx_word' id='word_1_45' title='bbox 678 604 930 646; x_wconf 80' lang='lat' dir='ltr'>conditione</span> <span class='ocrx_word' id='word_1_46' title='bbox 950 605 1052 647; x_wconf 89' lang='lat' dir='ltr'>loci.</span> 
     </span>
     <span class='ocr_line' id='line_1_8' title="bbox 183 671 1352 726; baseline 0.002 -13"><span class='ocrx_word' id='word_1_47' title='bbox 183 672 277 714; x_wconf 81' lang='lat' dir='ltr'>Vix</span> <span class='ocrx_word' id='word_1_48' title='bbox 296 673 379 713; x_wconf 84' lang='lat' dir='ltr'>hac</span> <span class='ocrx_word' id='word_1_49' title='bbox 398 673 594 713; x_wconf 84' lang='lat' dir='ltr'>invenias</span> <span class='ocrx_word' id='word_1_50' title='bbox 615 676 751 713; x_wconf 89' lang='lat' dir='ltr'>totum</span> <span class='ocrx_word' id='word_1_51' title='bbox 778 672 904 726; x_wconf 84' lang='lat' dir='ltr'>(mihi</span> <span class='ocrx_word' id='word_1_52' title='bbox 925 671 1075 725; x_wconf 88' lang='lat' dir='ltr'>crede)</span> <span class='ocrx_word' id='word_1_53' title='bbox 1102 685 1180 726; x_wconf 83' lang='lat' dir='ltr'>per</span> <span class='ocrx_word' id='word_1_54' title='bbox 1204 673 1352 715; x_wconf 86' lang='lat' dir='ltr'>orbem</span> 
     </span>
     <span class='ocr_line' id='line_1_9' title="bbox 242 739 1296 791; baseline 0.002 -12"><span class='ocrx_word' id='word_1_55' title='bbox 242 739 357 789; x_wconf 70' lang='lat' dir='ltr'>Quae</span> <span class='ocrx_word' id='word_1_56' title='bbox 379 740 524 780; x_wconf 82' lang='lat' dir='ltr'>minus</span> <span class='ocrx_word' id='word_1_57' title='bbox 545 739 746 791; x_wconf 75' lang='lat' dir='ltr'>Augusta</span> <span class='ocrx_word' id='word_1_58' title='bbox 766 739 885 780; x_wconf 85' lang='lat' dir='ltr'>Pace</span> <span class='ocrx_word' id='word_1_59' title='bbox 904 739 1084 789; x_wconf 81' lang='lat' dir='ltr'>fruatur,</span> <span class='ocrx_word' id='word_1_60' title='bbox 1104 739 1296 781; x_wconf 91' lang='lat' dir='ltr'>humum.</span> 
     </span>
     <span class='ocr_line' id='line_1_10' title="bbox 182 793 1313 859; baseline 0.004 -14"><span class='ocrx_word' id='word_1_61' title='bbox 182 805 254 847; x_wconf 86' lang='lat' dir='ltr'>Tu</span> <span class='ocrx_word' id='word_1_62' title='bbox 273 809 421 848; x_wconf 81' lang='lat' dir='ltr'>tamen</span> <span class='ocrx_word' id='word_1_63' title='bbox 440 807 512 848; x_wconf 83' lang='lat' dir='ltr'>hic</span> <span class='ocrx_word' id='word_1_64' title='bbox 535 793 725 848; x_wconf 65' lang='lat' dir='ltr'>structos</span> <span class='ocrx_word' id='word_1_65' title='bbox 745 807 854 846; x_wconf 87' lang='lat' dir='ltr'>inter</span> <span class='ocrx_word' id='word_1_66' title='bbox 872 805 964 846; x_wconf 87' lang='lat' dir='ltr'>fera</span> <span class='ocrx_word' id='word_1_67' title='bbox 985 807 1142 859; x_wconf 71' lang='lat' dir='ltr'>praelia</span> <span class='ocrx_word' id='word_1_68' title='bbox 1158 819 1313 849; x_wconf 85' lang='lat' dir='ltr'>versus</span> 
     </span>
     <span class='ocr_line' id='line_1_11' title="bbox 239 872 1632 926; baseline 0.002 -13"><span class='ocrx_word' id='word_1_69' title='bbox 239 872 297 914; x_wconf 84' lang='lat' dir='ltr'>Et</span> <span class='ocrx_word' id='word_1_70' title='bbox 315 873 442 926; x_wconf 81' lang='lat' dir='ltr'>legis,</span> <span class='ocrx_word' id='word_1_71' title='bbox 462 877 505 914; x_wconf 85' lang='lat' dir='ltr'>et</span> <span class='ocrx_word' id='word_1_72' title='bbox 523 874 659 913; x_wconf 87' lang='lat' dir='ltr'>lectos</span> <span class='ocrx_word' id='word_1_73' title='bbox 679 885 749 913; x_wconf 85' lang='lat' dir='ltr'>ore</span> <span class='ocrx_word' id='word_1_74' title='bbox 769 873 940 914; x_wconf 86' lang='lat' dir='ltr'>favente</span> <span class='ocrx_word' id='word_1_75' title='bbox 958 873 1136 926; x_wconf 80' lang='lat' dir='ltr'>probas,</span> <span class='ocrx_word' id='word_1_76' title='bbox 1576 874 1632 916; x_wconf 68' lang='grc' dir='ltr'>ΞΟ</span> 
     </span>
     <span class='ocr_line' id='line_1_12' title="bbox 184 938 1248 993; baseline 0.004 -14"><span class='ocrx_word' id='word_1_77' title='bbox 184 938 450 993; x_wconf 82' lang='lat' dir='ltr'>Ingenioque</span> <span class='ocrx_word' id='word_1_78' title='bbox 470 954 582 990; x_wconf 85' lang='lat' dir='ltr'>meo,</span> <span class='ocrx_word' id='word_1_79' title='bbox 604 952 716 981; x_wconf 86' lang='lat' dir='ltr'>vena</span> <span class='ocrx_word' id='word_1_80' title='bbox 736 939 849 993; x_wconf 91' lang='lat' dir='ltr'>quod</span> <span class='ocrx_word' id='word_1_81' title='bbox 869 952 1063 993; x_wconf 79' lang='lat' dir='ltr'>paupere</span> <span class='ocrx_word' id='word_1_82' title='bbox 1082 943 1248 991; x_wconf 84' lang='lat' dir='ltr'>manat,</span> 
     </span>
     <span class='ocr_line' id='line_1_13' title="bbox 239 1007 1178 1059; baseline 0.002 -12"><span class='ocrx_word' id='word_1_83' title='bbox 239 1007 437 1056; x_wconf 70' lang='lat' dir='ltr'>Plancus,</span> <span class='ocrx_word' id='word_1_84' title='bbox 459 1011 499 1048; x_wconf 86' lang='lat' dir='ltr'>et</span> <span class='ocrx_word' id='word_1_85' title='bbox 520 1021 543 1048; x_wconf 88' lang='lat' dir='ltr'>e</span> <span class='ocrx_word' id='word_1_86' title='bbox 564 1008 658 1049; x_wconf 70' lang='lat' dir='ltr'>rivo</span> <span class='ocrx_word' id='word_1_87' title='bbox 678 1007 858 1048; x_wconf 88' lang='lat' dir='ltr'>flumina</span> <span class='ocrx_word' id='word_1_88' title='bbox 874 1020 1032 1059; x_wconf 80' lang='lat' dir='ltr'>magna</span> <span class='ocrx_word' id='word_1_89' title='bbox 1050 1007 1178 1049; x_wconf 84' lang='lat' dir='ltr'>facis.</span> 
     </span>
     <span class='ocr_line' id='line_1_14' title="bbox 184 1072 1350 1128; baseline 0.003 -15"><span class='ocrx_word' id='word_1_90' title='bbox 184 1072 325 1114; x_wconf 84' lang='lat' dir='ltr'>Grata</span> <span class='ocrx_word' id='word_1_91' title='bbox 345 1074 521 1128; x_wconf 87' lang='lat' dir='ltr'>quidem</span> <span class='ocrx_word' id='word_1_92' title='bbox 542 1078 640 1115; x_wconf 83' lang='lat' dir='ltr'>sunt</span> <span class='ocrx_word' id='word_1_93' title='bbox 659 1075 756 1115; x_wconf 83' lang='lat' dir='ltr'>haec</span> <span class='ocrx_word' id='word_1_94' title='bbox 778 1074 923 1114; x_wconf 84' lang='lat' dir='ltr'>animo</span> <span class='ocrx_word' id='word_1_95' title='bbox 945 1073 1152 1127; x_wconf 81' lang='lat' dir='ltr'>suffragia</span> <span class='ocrx_word' id='word_1_96' title='bbox 1171 1076 1350 1127; x_wconf 86' lang='lat' dir='ltr'>nostro;</span> 
     </span>
     <span class='ocr_line' id='line_1_15' title="bbox 240 1140 1280 1194; baseline -0.001 -12"><span class='ocrx_word' id='word_1_97' title='bbox 240 1140 334 1182; x_wconf 85' lang='lat' dir='ltr'>Vix</span> <span class='ocrx_word' id='word_1_98' title='bbox 355 1141 440 1182; x_wconf 89' lang='lat' dir='ltr'>sibi</span> <span class='ocrx_word' id='word_1_99' title='bbox 464 1155 561 1182; x_wconf 91' lang='lat' dir='ltr'>cum</span> <span class='ocrx_word' id='word_1_100' title='bbox 579 1143 770 1182; x_wconf 87' lang='lat' dir='ltr'>miseros</span> <span class='ocrx_word' id='word_1_101' title='bbox 791 1153 924 1194; x_wconf 90' lang='lat' dir='ltr'>posse</span> <span class='ocrx_word' id='word_1_102' title='bbox 941 1141 1115 1194; x_wconf 77' lang='lat' dir='ltr'>plaeere</span> <span class='ocrx_word' id='word_1_103' title='bbox 1135 1144 1280 1194; x_wconf 86' lang='lat' dir='ltr'>putes.</span> 
     </span>
     <span class='ocr_line' id='line_1_16' title="bbox 186 1206 1632 1260; baseline 0.001 -14"><span class='ocrx_word' id='word_1_104' title='bbox 186 1206 303 1249; x_wconf 89' lang='lat' dir='ltr'>Dum</span> <span class='ocrx_word' id='word_1_105' title='bbox 318 1211 465 1250; x_wconf 86' lang='lat' dir='ltr'>tamen</span> <span class='ocrx_word' id='word_1_106' title='bbox 485 1209 528 1248; x_wconf 90' lang='lat' dir='ltr'>in</span> <span class='ocrx_word' id='word_1_107' title='bbox 545 1209 674 1248; x_wconf 88' lang='lat' dir='ltr'>rebus</span> <span class='ocrx_word' id='word_1_108' title='bbox 695 1211 912 1248; x_wconf 84' lang='lat' dir='ltr'>tentamus</span> <span class='ocrx_word' id='word_1_109' title='bbox 931 1208 1124 1249; x_wconf 85' lang='lat' dir='ltr'>carmina</span> <span class='ocrx_word' id='word_1_110' title='bbox 1144 1208 1306 1260; x_wconf 87' lang='lat' dir='ltr'>parvis,</span> <span class='ocrx_word' id='word_1_111' title='bbox 1577 1207 1632 1248; x_wconf 80' lang='grc'>25</span> 
     </span>
     <span class='ocr_line' id='line_1_17' title="bbox 240 1273 1045 1326; baseline -0.001 -12"><span class='ocrx_word' id='word_1_112' title='bbox 240 1274 441 1316; x_wconf 86' lang='lat' dir='ltr'>Materiae</span> <span class='ocrx_word' id='word_1_113' title='bbox 463 1274 614 1326; x_wconf 81' lang='lat' dir='ltr'>gracili</span> <span class='ocrx_word' id='word_1_114' title='bbox 634 1273 792 1314; x_wconf 83' lang='lat' dir='ltr'>sufficit</span> <span class='ocrx_word' id='word_1_115' title='bbox 812 1273 1045 1326; x_wconf 84' lang='lat' dir='ltr'>ingenium.</span> 
     </span>
    </p>
   </div>
   <div class='ocr_carea' id='block_1_3' title="bbox 180 1410 1656 1791">
    <p class='ocr_par' dir='ltr' id='par_1_3' title="bbox 180 1410 1656 1791">
     <span class='ocr_line' id='line_1_18' title="bbox 182 1410 1656 1455; baseline 0.001 -11"><span class='ocrx_word' id='word_1_116' title='bbox 182 1410 321 1451; x_wconf 78' lang='lat' dir='ltr'>defendit</span> <span class='ocrx_word' id='word_1_117' title='bbox 334 1413 388 1444; x_wconf 82' lang='lat' dir='ltr'>illa</span> <span class='ocrx_word' id='word_1_118' title='bbox 403 1413 642 1454; x_wconf 85' lang='lat' dir='ltr'>qualiacumque.</span> <span class='ocrx_word' id='word_1_119' title='bbox 686 1415 791 1454; x_wconf 80' lang='lat' dir='ltr'>Atque</span> <span class='ocrx_word' id='word_1_120' title='bbox 814 1414 959 1455; x_wconf 77' lang='lat' dir='ltr'>cupivisti</span> <span class='ocrx_word' id='word_1_121' title='bbox 975 1414 1050 1445; x_wconf 75' lang='lat' dir='ltr'>mihi</span> <span class='ocrx_word' id='word_1_122' title='bbox 1066 1413 1184 1444; x_wconf 72' lang='lat' dir='ltr'>brevem</span> <span class='ocrx_word' id='word_1_123' title='bbox 1209 1414 1290 1444; x_wconf 80' lang='lat' dir='ltr'>iram</span> <span class='ocrx_word' id='word_1_124' title='bbox 1309 1414 1444 1444; x_wconf 82' lang='lat' dir='ltr'>Coesarz‘s</span> <span class='ocrx_word' id='word_1_125' title='bbox 1456 1414 1632 1455; x_wconf 80' lang='lat' dir='ltr'>incolumis,</span> <span class='ocrx_word' id='word_1_126' title='bbox 1653 1420 1656 1421; x_wconf 72' lang='grc'>’</span> 
     </span>
     <span class='ocr_line' id='line_1_19' title="bbox 182 1455 1633 1497; baseline 0.001 -11"><span class='ocrx_word' id='word_1_127' title='bbox 182 1456 259 1496; x_wconf 83' lang='lat' dir='ltr'>quod</span> <span class='ocrx_word' id='word_1_128' title='bbox 274 1459 375 1487; x_wconf 84' lang='lat' dir='ltr'>tamen</span> <span class='ocrx_word' id='word_1_129' title='bbox 389 1456 418 1487; x_wconf 82' lang='lat' dir='ltr'>si</span> <span class='ocrx_word' id='word_1_130' title='bbox 432 1456 496 1497; x_wconf 79' lang='lat' dir='ltr'>ipse</span> <span class='ocrx_word' id='word_1_131' title='bbox 511 1456 669 1495; x_wconf 77' lang='lat' dir='ltr'>intelligat</span> <span class='ocrx_word' id='word_1_132' title='bbox 693 1457 875 1497; x_wconf 82' lang='lat' dir='ltr'>desiderari,</span> <span class='ocrx_word' id='word_1_133' title='bbox 897 1456 1049 1496; x_wconf 75' lang='lat' dir='ltr'>patiatur.</span> <span class='ocrx_word' id='word_1_134' title='bbox 1094 1455 1267 1486; x_wconf 73' lang='lat' dir='ltr'>Proebaz&#39;sti</span> <span class='ocrx_word' id='word_1_135' title='bbox 1292 1456 1353 1486; x_wconf 81' lang='lat' dir='ltr'>ista</span> <span class='ocrx_word' id='word_1_136' title='bbox 1378 1460 1447 1486; x_wconf 81' lang='lat' dir='ltr'>vota</span> <span class='ocrx_word' id='word_1_137' title='bbox 1472 1459 1536 1488; x_wconf 83' lang='lat' dir='ltr'>tam</span> <span class='ocrx_word' id='word_1_138' title='bbox 1550 1459 1633 1488; x_wconf 80' lang='lat' dir='ltr'>lenia</span> 
     </span>
     <span class='ocr_line' id='line_1_20' title="bbox 180 1497 1633 1538; baseline 0 -9"><span class='ocrx_word' id='word_1_139' title='bbox 180 1498 246 1529; x_wconf 76' lang='lat' dir='ltr'>tuis</span> <span class='ocrx_word' id='word_1_140' title='bbox 259 1498 395 1529; x_wconf 80' lang='lat' dir='ltr'>moribus</span> <span class='ocrx_word' id='word_1_141' title='bbox 405 1508 416 1535; x_wconf 89' lang='lat'><em>;</em></span> <span class='ocrx_word' id='word_1_142' title='bbox 438 1508 531 1538; x_wconf 83' lang='lat' dir='ltr'>neque</span> <span class='ocrx_word' id='word_1_143' title='bbox 545 1500 613 1528; x_wconf 78' lang='lat' dir='ltr'>ideo</span> <span class='ocrx_word' id='word_1_144' title='bbox 628 1498 683 1528; x_wconf 81' lang='lat' dir='ltr'>illa</span> <span class='ocrx_word' id='word_1_145' title='bbox 694 1502 765 1528; x_wconf 83' lang='lat' dir='ltr'>sunt</span> <span class='ocrx_word' id='word_1_146' title='bbox 779 1499 856 1528; x_wconf 79' lang='lat' dir='ltr'>mihi</span> <span class='ocrx_word' id='word_1_147' title='bbox 871 1500 971 1528; x_wconf 85' lang='lat' dir='ltr'>minus</span> <span class='ocrx_word' id='word_1_148' title='bbox 985 1501 1120 1536; x_wconf 82' lang='lat' dir='ltr'>accepta.</span> <span class='ocrx_word' id='word_1_149' title='bbox 1165 1497 1212 1527; x_wconf 82' lang='lat' dir='ltr'>Et</span> <span class='ocrx_word' id='word_1_150' title='bbox 1226 1507 1282 1537; x_wconf 89' lang='lat' dir='ltr'>quo</span> <span class='ocrx_word' id='word_1_151' title='bbox 1296 1498 1397 1535; x_wconf 83' lang='lat' dir='ltr'>magis</span> <span class='ocrx_word' id='word_1_152' title='bbox 1410 1499 1552 1536; x_wconf 81' lang='lat' dir='ltr'>tangaris</span> <span class='ocrx_word' id='word_1_153' title='bbox 1566 1508 1633 1529; x_wconf 63' lang='lat' dir='ltr'>nos-</span> 
     </span>
     <span class='ocr_line' id='line_1_21' title="bbox 182 1539 1634 1580; baseline -0.001 -9"><span class='ocrx_word' id='word_1_154' title='bbox 182 1541 242 1571; x_wconf 79' lang='lat' dir='ltr'>tris</span> <span class='ocrx_word' id='word_1_155' title='bbox 256 1541 416 1580; x_wconf 80' lang='lat' dir='ltr'>oerumnis,</span> <span class='ocrx_word' id='word_1_156' title='bbox 430 1540 530 1570; x_wconf 82' lang='lat' dir='ltr'>literis</span> <span class='ocrx_word' id='word_1_157' title='bbox 545 1539 764 1578; x_wconf 78' lang='lat' dir='ltr'>excultissime,</span> <span class='ocrx_word' id='word_1_158' title='bbox 790 1539 934 1569; x_wconf 74' lang='lat' dir='ltr'>credibile</span> <span class='ocrx_word' id='word_1_159' title='bbox 958 1542 1001 1570; x_wconf 79' lang='lat' dir='ltr'>est</span> <span class='ocrx_word' id='word_1_160' title='bbox 1017 1539 1096 1579; x_wconf 81' lang='lat' dir='ltr'>fieri</span> <span class='ocrx_word' id='word_1_161' title='bbox 1118 1541 1200 1568; x_wconf 81' lang='lat' dir='ltr'>sorte</span> <span class='ocrx_word' id='word_1_162' title='bbox 1216 1539 1285 1569; x_wconf 85' lang='lat' dir='ltr'>loci.</span> <span class='ocrx_word' id='word_1_163' title='bbox 1332 1540 1430 1570; x_wconf 80' lang='lat' dir='ltr'>Crede</span> <span class='ocrx_word' id='word_1_164' title='bbox 1444 1540 1522 1570; x_wconf 81' lang='lat' dir='ltr'>mihi</span> <span class='ocrx_word' id='word_1_165' title='bbox 1548 1550 1634 1580; x_wconf 81' lang='lat' dir='ltr'>oegre</span> 
     </span>
     <span class='ocr_line' id='line_1_22' title="bbox 180 1580 1633 1622; baseline 0.001 -10"><span class='ocrx_word' id='word_1_166' title='bbox 180 1581 318 1622; x_wconf 78' lang='lat' dir='ltr'>reperias</span> <span class='ocrx_word' id='word_1_167' title='bbox 332 1582 364 1612; x_wconf 85' lang='lat' dir='ltr'>in</span> <span class='ocrx_word' id='word_1_168' title='bbox 378 1581 449 1612; x_wconf 86' lang='lat' dir='ltr'>orbe</span> <span class='ocrx_word' id='word_1_169' title='bbox 464 1585 581 1611; x_wconf 83' lang='lat' dir='ltr'>terrum</span> <span class='ocrx_word' id='word_1_170' title='bbox 602 1590 668 1620; x_wconf 81' lang='lat' dir='ltr'>quae</span> <span class='ocrx_word' id='word_1_171' title='bbox 684 1581 785 1611; x_wconf 82' lang='lat' dir='ltr'>minus</span> <span class='ocrx_word' id='word_1_172' title='bbox 806 1582 944 1620; x_wconf 78' lang='lat' dir='ltr'>gaudeat</span> <span class='ocrx_word' id='word_1_173' title='bbox 955 1591 1031 1621; x_wconf 80' lang='lat' dir='ltr'>pace</span> <span class='ocrx_word' id='word_1_174' title='bbox 1054 1582 1196 1620; x_wconf 79' lang='lat' dir='ltr'>Augusta</span> <span class='ocrx_word' id='word_1_175' title='bbox 1217 1580 1284 1611; x_wconf 79' lang='lat' dir='ltr'>hac.</span> <span class='ocrx_word' id='word_1_176' title='bbox 1333 1581 1379 1611; x_wconf 88' lang='lat' dir='ltr'>Tu</span> <span class='ocrx_word' id='word_1_177' title='bbox 1392 1585 1494 1613; x_wconf 83' lang='lat' dir='ltr'>tamen</span> <span class='ocrx_word' id='word_1_178' title='bbox 1509 1585 1539 1612; x_wconf 87' lang='lat' dir='ltr'>et</span> <span class='ocrx_word' id='word_1_179' title='bbox 1553 1583 1633 1621; x_wconf 82' lang='lat' dir='ltr'>legis</span> 
     </span>
     <span class='ocr_line' id='line_1_23' title="bbox 182 1623 1634 1665; baseline 0.001 -11"><span class='ocrx_word' id='word_1_180' title='bbox 182 1624 322 1654; x_wconf 73' lang='lat' dir='ltr'>carmina</span> <span class='ocrx_word' id='word_1_181' title='bbox 335 1623 459 1654; x_wconf 85' lang='lat' dir='ltr'>condita</span> <span class='ocrx_word' id='word_1_182' title='bbox 474 1623 523 1653; x_wconf 84' lang='lat' dir='ltr'>hic</span> <span class='ocrx_word' id='word_1_183' title='bbox 538 1624 621 1653; x_wconf 81' lang='lat' dir='ltr'>inter</span> <span class='ocrx_word' id='word_1_184' title='bbox 636 1632 718 1655; x_wconf 71' lang='lat' dir='ltr'>sceva</span> <span class='ocrx_word' id='word_1_185' title='bbox 729 1624 913 1663; x_wconf 79' lang='lat' dir='ltr'>certamina,</span> <span class='ocrx_word' id='word_1_186' title='bbox 929 1627 959 1654; x_wconf 79' lang='lat' dir='ltr'>et</span> <span class='ocrx_word' id='word_1_187' title='bbox 976 1624 1083 1655; x_wconf 79' lang='lat' dir='ltr'>laudas</span> <span class='ocrx_word' id='word_1_188' title='bbox 1099 1624 1176 1653; x_wconf 85' lang='lat' dir='ltr'>lecta</span> <span class='ocrx_word' id='word_1_189' title='bbox 1189 1632 1240 1654; x_wconf 83' lang='lat' dir='ltr'>ore</span> <span class='ocrx_word' id='word_1_190' title='bbox 1254 1633 1350 1663; x_wconf 82' lang='lat' dir='ltr'>aequo.</span> <span class='ocrx_word' id='word_1_191' title='bbox 1396 1624 1498 1663; x_wconf 81' lang='lat' dir='ltr'>Atque</span> <span class='ocrx_word' id='word_1_192' title='bbox 1508 1626 1634 1665; x_wconf 75' lang='lat' dir='ltr'>plaudis</span> 
     </span>
     <span class='ocr_line' id='line_1_24' title="bbox 182 1664 1633 1707; baseline 0.001 -11"><span class='ocrx_word' id='word_1_193' title='bbox 182 1665 309 1704; x_wconf 77' lang='lat' dir='ltr'>ingenio</span> <span class='ocrx_word' id='word_1_194' title='bbox 323 1674 401 1704; x_wconf 81' lang='lat' dir='ltr'>meo,</span> <span class='ocrx_word' id='word_1_195' title='bbox 416 1666 493 1704; x_wconf 86' lang='lat' dir='ltr'>quod</span> <span class='ocrx_word' id='word_1_196' title='bbox 500 1664 580 1705; x_wconf 86' lang='lat' dir='ltr'>fluit</span> <span class='ocrx_word' id='word_1_197' title='bbox 593 1674 669 1696; x_wconf 79' lang='lat' dir='ltr'>vena</span> <span class='ocrx_word' id='word_1_198' title='bbox 685 1665 768 1696; x_wconf 80' lang='lat' dir='ltr'>tenui</span> <span class='ocrx_word' id='word_1_199' title='bbox 780 1676 791 1701; x_wconf 90' lang='lat'><em>;</em></span> <span class='ocrx_word' id='word_1_200' title='bbox 813 1668 843 1696; x_wconf 86' lang='lat' dir='ltr'>et</span> <span class='ocrx_word' id='word_1_201' title='bbox 852 1665 937 1705; x_wconf 80' lang='lat' dir='ltr'>facis</span> <span class='ocrx_word' id='word_1_202' title='bbox 955 1666 1096 1705; x_wconf 80' lang='lat' dir='ltr'>ingentes</span> <span class='ocrx_word' id='word_1_203' title='bbox 1099 1665 1216 1705; x_wconf 77' lang='lat' dir='ltr'>fluvios</span> <span class='ocrx_word' id='word_1_204' title='bbox 1231 1675 1271 1696; x_wconf 83' lang='lat' dir='ltr'>ex</span> <span class='ocrx_word' id='word_1_205' title='bbox 1284 1666 1394 1697; x_wconf 79' lang='lat' dir='ltr'>rivulo.</span> <span class='ocrx_word' id='word_1_206' title='bbox 1438 1667 1498 1697; x_wconf 85' lang='lat' dir='ltr'>Illa</span> <span class='ocrx_word' id='word_1_207' title='bbox 1510 1668 1633 1707; x_wconf 83' lang='lat' dir='ltr'>quidem</span> 
     </span>
     <span class='ocr_line' id='line_1_25' title="bbox 184 1707 1633 1749; baseline 0.003 -12"><span class='ocrx_word' id='word_1_208' title='bbox 184 1707 339 1748; x_wconf 80' lang='lat' dir='ltr'>suffragia</span> <span class='ocrx_word' id='word_1_209' title='bbox 349 1707 475 1747; x_wconf 76' lang='lat' dir='ltr'>placent</span> <span class='ocrx_word' id='word_1_210' title='bbox 487 1707 588 1737; x_wconf 82' lang='lat' dir='ltr'>animo</span> <span class='ocrx_word' id='word_1_211' title='bbox 603 1717 680 1746; x_wconf 86' lang='lat' dir='ltr'>meo,</span> <span class='ocrx_word' id='word_1_212' title='bbox 701 1717 871 1748; x_wconf 78' lang='lat' dir='ltr'>quanquam</span> <span class='ocrx_word' id='word_1_213' title='bbox 888 1709 942 1739; x_wconf 74' lang='lat' dir='ltr'>vix</span> <span class='ocrx_word' id='word_1_214' title='bbox 963 1709 1070 1739; x_wconf 81' lang='lat' dir='ltr'>credas</span> <span class='ocrx_word' id='word_1_215' title='bbox 1084 1707 1219 1746; x_wconf 81' lang='lat' dir='ltr'>infelices</span> <span class='ocrx_word' id='word_1_216' title='bbox 1232 1717 1320 1747; x_wconf 84' lang='lat' dir='ltr'>posse</span> <span class='ocrx_word' id='word_1_217' title='bbox 1333 1707 1393 1739; x_wconf 79' lang='lat' dir='ltr'>sibi</span> <span class='ocrx_word' id='word_1_218' title='bbox 1406 1712 1542 1749; x_wconf 82' lang='lat' dir='ltr'>acceptos</span> <span class='ocrx_word' id='word_1_219' title='bbox 1557 1719 1633 1741; x_wconf 83' lang='lat' dir='ltr'>esse.</span> 
     </span>
     <span class='ocr_line' id='line_1_26' title="bbox 184 1749 1632 1791; baseline 0.001 -10"><span class='ocrx_word' id='word_1_220' title='bbox 184 1750 272 1782; x_wconf 86' lang='lat' dir='ltr'>Dum</span> <span class='ocrx_word' id='word_1_221' title='bbox 286 1753 389 1781; x_wconf 78' lang='lat' dir='ltr'>tamen</span> <span class='ocrx_word' id='word_1_222' title='bbox 404 1758 548 1780; x_wconf 84' lang='lat' dir='ltr'>conamur</span> <span class='ocrx_word' id='word_1_223' title='bbox 562 1749 695 1782; x_wconf 80' lang='lat' dir='ltr'>scribere</span> <span class='ocrx_word' id='word_1_224' title='bbox 720 1759 825 1781; x_wconf 73' lang='lat' dir='ltr'>versus</span> <span class='ocrx_word' id='word_1_225' title='bbox 849 1751 881 1781; x_wconf 79' lang='lat' dir='ltr'>in</span> <span class='ocrx_word' id='word_1_226' title='bbox 906 1750 1039 1781; x_wconf 84' lang='lat' dir='ltr'>materia</span> <span class='ocrx_word' id='word_1_227' title='bbox 1062 1751 1159 1786; x_wconf 82' lang='lat' dir='ltr'>tenui,</span> <span class='ocrx_word' id='word_1_228' title='bbox 1185 1750 1343 1790; x_wconf 80' lang='lat' dir='ltr'>ingenium</span> <span class='ocrx_word' id='word_1_229' title='bbox 1353 1759 1413 1791; x_wconf 81' lang='lat' dir='ltr'>par</span> <span class='ocrx_word' id='word_1_230' title='bbox 1435 1755 1479 1782; x_wconf 83' lang='lat' dir='ltr'>est</span> <span class='ocrx_word' id='word_1_231' title='bbox 1496 1753 1632 1784; x_wconf 73' lang='lat' dir='ltr'>materiae</span> 
     </span>
    </p>
   </div>
   <div class='ocr_carea' id='block_1_4' title="bbox 790 1834 1025 1846">
    <p class='ocr_par' dir='ltr' id='par_1_4' title="bbox 790 1834 1025 1846">
     <span class='ocr_line' id='line_1_27' title="bbox 790 1834 1025 1846; baseline 0 0"><span class='ocrx_word' id='word_1_232' title='bbox 790 1834 1025 1846; x_wconf 58' lang='lat' dir='ltr'>ooooooooooooo</span> 
     </span>
    </p>
   </div>
   <div class='ocr_carea' id='block_1_5' title="bbox 183 1885 1632 2181">
    <p class='ocr_par' dir='ltr' id='par_1_5' title="bbox 183 1885 1632 2181">
     <span class='ocr_line' id='line_1_28' title="bbox 188 1885 1632 1926; baseline 0.001 -8"><span class='ocrx_word' id='word_1_233' title='bbox 188 1886 412 1918; x_wconf 56' lang='lat' dir='ltr'>Ezetium—10</span> <span class='ocrx_word' id='word_1_234' title='bbox 430 1885 514 1926; x_wconf 84' lang='lat' dir='ltr'>Arg.</span> <span class='ocrx_word' id='word_1_235' title='bbox 529 1886 604 1916; x_wconf 79' lang='lat' dir='ltr'>vicit</span> <span class='ocrx_word' id='word_1_236' title='bbox 622 1895 683 1926; x_wconf 87' lang='lat' dir='ltr'>pro</span> <span class='ocrx_word' id='word_1_237' title='bbox 692 1885 873 1924; x_wconf 58' lang='lat' dir='ltr'>juvit-11</span> <span class='ocrx_word' id='word_1_238' title='bbox 891 1885 978 1916; x_wconf 74' lang='lat' dir='ltr'>Salvi</span> <span class='ocrx_word' id='word_1_239' title='bbox 994 1885 1089 1917; x_wconf 84' lang='lat' dir='ltr'>dedit</span> <span class='ocrx_word' id='word_1_240' title='bbox 1106 1886 1224 1918; x_wconf 80' lang='lat' dir='ltr'>Heins.</span> <span class='ocrx_word' id='word_1_241' title='bbox 1242 1896 1284 1917; x_wconf 88' lang='lat' dir='ltr'>ex</span> <span class='ocrx_word' id='word_1_242' title='bbox 1299 1887 1353 1918; x_wconf 85' lang='lat' dir='ltr'>Sa.</span> <span class='ocrx_word' id='word_1_243' title='bbox 1371 1886 1455 1926; x_wconf 80' lang='lat' dir='ltr'>Arg.</span> <span class='ocrx_word' id='word_1_244' title='bbox 1473 1896 1522 1926; x_wconf 87' lang='lat' dir='ltr'>pr.</span> <span class='ocrx_word' id='word_1_245' title='bbox 1536 1887 1632 1919; x_wconf 87' lang='lat' dir='ltr'>Med.</span> 
     </span>
     <span class='ocr_line' id='line_1_29' title="bbox 188 1927 1631 1970; baseline 0 -11"><span class='ocrx_word' id='word_1_246' title='bbox 188 1928 328 1969; x_wconf 82' lang='lat' dir='ltr'>aliisque</span> <span class='ocrx_word' id='word_1_247' title='bbox 345 1928 596 1969; x_wconf 84' lang='lat' dir='ltr'>compluribus;</span> <span class='ocrx_word' id='word_1_248' title='bbox 622 1929 710 1970; x_wconf 81' lang='lat' dir='ltr'>vulg.</span> <span class='ocrx_word' id='word_1_249' title='bbox 725 1928 821 1969; x_wconf 83' lang='lat' dir='ltr'>fieri:</span> <span class='ocrx_word' id='word_1_250' title='bbox 846 1933 916 1958; x_wconf 85' lang='lat' dir='ltr'>tres</span> <span class='ocrx_word' id='word_1_251' title='bbox 941 1927 997 1958; x_wconf 85' lang='lat' dir='ltr'>alii</span> <span class='ocrx_word' id='word_1_252' title='bbox 1024 1938 1098 1959; x_wconf 86' lang='lat' dir='ltr'>cnm</span> <span class='ocrx_word' id='word_1_253' title='bbox 1112 1929 1280 1959; x_wconf 80' lang='lat' dir='ltr'>Twisden.</span> <span class='ocrx_word' id='word_1_254' title='bbox 1296 1930 1395 1959; x_wconf 70' lang='lat' dir='ltr'>salvo.-</span> <span class='ocrx_word' id='word_1_255' title='bbox 1422 1930 1462 1959; x_wconf 83' lang='lat' dir='ltr'>P.</span> <span class='ocrx_word' id='word_1_256' title='bbox 1479 1929 1631 1959; x_wconf 82' lang='lat' dir='ltr'>minui.--</span> 
     </span>
     <span class='ocr_line' id='line_1_30' title="bbox 187 1970 1632 2010; baseline 0 -9"><span class='ocrx_word' id='word_1_257' title='bbox 187 1973 226 2001; x_wconf 84' lang='lat'>15</span> <span class='ocrx_word' id='word_1_258' title='bbox 249 1971 290 2002; x_wconf 85' lang='lat' dir='ltr'>P.</span> <span class='ocrx_word' id='word_1_259' title='bbox 306 1971 377 2002; x_wconf 85' lang='lat' dir='ltr'>mal.</span> <span class='ocrx_word' id='word_1_260' title='bbox 400 1971 553 2002; x_wconf 81' lang='lat' dir='ltr'>tutissime</span> <span class='ocrx_word' id='word_1_261' title='bbox 576 1974 671 2002; x_wconf 81' lang='lat' dir='ltr'>nostr.</span> <span class='ocrx_word' id='word_1_262' title='bbox 694 1971 828 2010; x_wconf 85' lang='lat' dir='ltr'>Fragm.</span> <span class='ocrx_word' id='word_1_263' title='bbox 851 1971 894 2001; x_wconf 84' lang='lat' dir='ltr'>V.</span> <span class='ocrx_word' id='word_1_264' title='bbox 918 1970 1176 2001; x_wconf 63' lang='lat' dir='ltr'>mitissime-18</span> <span class='ocrx_word' id='word_1_265' title='bbox 1201 1970 1404 2002; x_wconf 79' lang='lat' dir='ltr'>concinnius</span> <span class='ocrx_word' id='word_1_266' title='bbox 1426 1971 1551 2002; x_wconf 81' lang='lat' dir='ltr'>hamum</span> <span class='ocrx_word' id='word_1_267' title='bbox 1578 1981 1632 2002; x_wconf 84' lang='lat' dir='ltr'>ve-</span> 
     </span>
     <span class='ocr_line' id='line_1_31' title="bbox 189 2012 1630 2054; baseline 0.001 -11"><span class='ocrx_word' id='word_1_268' title='bbox 189 2016 280 2043; x_wconf 83' lang='lat' dir='ltr'>teres</span> <span class='ocrx_word' id='word_1_269' title='bbox 304 2012 435 2053; x_wconf 88' lang='lat' dir='ltr'>decem,</span> <span class='ocrx_word' id='word_1_270' title='bbox 456 2019 492 2044; x_wconf 84' lang='lat' dir='ltr'>et</span> <span class='ocrx_word' id='word_1_271' title='bbox 516 2013 661 2054; x_wconf 84' lang='lat' dir='ltr'>Gryphii</span> <span class='ocrx_word' id='word_1_272' title='bbox 685 2012 813 2044; x_wconf 89' lang='lat' dir='ltr'>Editio.</span> <span class='ocrx_word' id='word_1_273' title='bbox 838 2012 1038 2043; x_wconf 84' lang='lat' dir='ltr'>Heins.-—l9</span> <span class='ocrx_word' id='word_1_274' title='bbox 1062 2013 1127 2045; x_wconf 84' lang='lat' dir='ltr'>Hic</span> <span class='ocrx_word' id='word_1_275' title='bbox 1151 2013 1279 2053; x_wconf 82' lang='lat' dir='ltr'>scriptos</span> <span class='ocrx_word' id='word_1_276' title='bbox 1303 2013 1336 2044; x_wconf 90' lang='lat' dir='ltr'>in</span> <span class='ocrx_word' id='word_1_277' title='bbox 1360 2013 1552 2044; x_wconf 83' lang='lat' dir='ltr'>nonnullis:</span> <span class='ocrx_word' id='word_1_278' title='bbox 1577 2013 1630 2045; x_wconf 86' lang='lat' dir='ltr'>Sa.</span> 
     </span>
     <span class='ocr_line' id='line_1_32' title="bbox 189 2054 1631 2096; baseline 0.002 -12"><span class='ocrx_word' id='word_1_279' title='bbox 189 2055 247 2085; x_wconf 78' lang='lat' dir='ltr'>huc</span> <span class='ocrx_word' id='word_1_280' title='bbox 262 2058 417 2092; x_wconf 79' lang='lat' dir='ltr'>structos;</span> <span class='ocrx_word' id='word_1_281' title='bbox 441 2055 505 2086; x_wconf 91' lang='lat' dir='ltr'>duo</span> <span class='ocrx_word' id='word_1_282' title='bbox 533 2056 719 2091; x_wconf 77' lang='lat' dir='ltr'>instructos;</span> <span class='ocrx_word' id='word_1_283' title='bbox 742 2059 810 2086; x_wconf 81' lang='lat' dir='ltr'>tres</span> <span class='ocrx_word' id='word_1_284' title='bbox 836 2055 889 2085; x_wconf 86' lang='lat' dir='ltr'>hos</span> <span class='ocrx_word' id='word_1_285' title='bbox 914 2058 1065 2085; x_wconf 77' lang='lat' dir='ltr'>structos.-</span> <span class='ocrx_word' id='word_1_286' title='bbox 1089 2055 1210 2095; x_wconf 83' lang='lat' dir='ltr'>reliqui</span> <span class='ocrx_word' id='word_1_287' title='bbox 1236 2054 1308 2086; x_wconf 82' lang='lat' dir='ltr'>fere</span> <span class='ocrx_word' id='word_1_288' title='bbox 1334 2065 1447 2087; x_wconf 87' lang='lat' dir='ltr'>omnes</span> <span class='ocrx_word' id='word_1_289' title='bbox 1473 2060 1512 2086; x_wconf 90' lang='lat' dir='ltr'>ut</span> <span class='ocrx_word' id='word_1_290' title='bbox 1539 2056 1631 2096; x_wconf 87' lang='lat' dir='ltr'>vulg.</span> 
     </span>
     <span class='ocr_line' id='line_1_33' title="bbox 184 2095 1630 2138; baseline 0.001 -12"><span class='ocrx_word' id='word_1_291' title='bbox 184 2095 275 2136; x_wconf 89' lang='lat' dir='ltr'>quod</span> <span class='ocrx_word' id='word_1_292' title='bbox 291 2096 428 2128; x_wconf 87' lang='lat' dir='ltr'>minime</span> <span class='ocrx_word' id='word_1_293' title='bbox 452 2097 653 2128; x_wconf 85' lang='lat' dir='ltr'>movendum</span> <span class='ocrx_word' id='word_1_294' title='bbox 681 2101 796 2129; x_wconf 86' lang='lat' dir='ltr'>censet</span> <span class='ocrx_word' id='word_1_295' title='bbox 816 2097 931 2128; x_wconf 84' lang='lat' dir='ltr'>Burm.</span> <span class='ocrx_word' id='word_1_296' title='bbox 954 2097 1113 2128; x_wconf 87' lang='lat' dir='ltr'>Heinsius</span> <span class='ocrx_word' id='word_1_297' title='bbox 1128 2097 1214 2138; x_wconf 86' lang='lat' dir='ltr'>conj.</span> <span class='ocrx_word' id='word_1_298' title='bbox 1240 2098 1289 2129; x_wconf 79' lang='lat' dir='ltr'>hic</span> <span class='ocrx_word' id='word_1_299' title='bbox 1301 2099 1424 2128; x_wconf 78' lang='lat' dir='ltr'>ductos.-</span> <span class='ocrx_word' id='word_1_300' title='bbox 1447 2102 1483 2129; x_wconf 88' lang='lat' dir='ltr'>et</span> <span class='ocrx_word' id='word_1_301' title='bbox 1498 2098 1630 2129; x_wconf 83' lang='lat' dir='ltr'>Bersm.</span> 
     </span>
     <span class='ocr_line' id='line_1_34' title="bbox 183 2139 1632 2181; baseline 0.001 -11"><span class='ocrx_word' id='word_1_302' title='bbox 183 2142 281 2171; x_wconf 85' lang='lat' dir='ltr'>notat</span> <span class='ocrx_word' id='word_1_303' title='bbox 305 2141 430 2171; x_wconf 75' lang='lat' dir='ltr'>strictos</span> <span class='ocrx_word' id='word_1_304' title='bbox 453 2140 521 2180; x_wconf 83' lang='lat' dir='ltr'>legi</span> <span class='ocrx_word' id='word_1_305' title='bbox 546 2149 565 2171; x_wconf 85' lang='lat' dir='ltr'>a</span> <span class='ocrx_word' id='word_1_306' title='bbox 586 2139 881 2181; x_wconf 65' lang='lat' dir='ltr'>quibusdam—22</span> <span class='ocrx_word' id='word_1_307' title='bbox 905 2140 998 2171; x_wconf 86' lang='lat' dir='ltr'>Unus</span> <span class='ocrx_word' id='word_1_308' title='bbox 1023 2140 1066 2171; x_wconf 82' lang='lat' dir='ltr'>V.</span> <span class='ocrx_word' id='word_1_309' title='bbox 1092 2149 1194 2179; x_wconf 84' lang='lat' dir='ltr'>magn.</span> <span class='ocrx_word' id='word_1_310' title='bbox 1217 2140 1412 2174; x_wconf 77' lang='lat' dir='ltr'>trahis.——23</span> <span class='ocrx_word' id='word_1_311' title='bbox 1434 2140 1632 2173; x_wconf 85' lang='lat' dir='ltr'>Medonian.</span> 
     </span>
    </p>
   </div>
   <div class='ocr_carea' id='block_1_6' title="bbox 182 2244 1630 2655">
    <p class='ocr_par' dir='ltr' id='par_1_6' title="bbox 839 2244 978 2277">
     <span class='ocr_line' id='line_1_35' title="bbox 839 2244 978 2277; baseline 0 0"><span class='ocrx_word' id='word_1_312' title='bbox 839 2244 978 2277; x_wconf 80' lang='lat' dir='ltr'>NOTAE</span> 
     </span>
    </p>

    <p class='ocr_par' dir='ltr' id='par_1_7' title="bbox 182 2317 1630 2410">
     <span class='ocr_line' id='line_1_36' title="bbox 182 2317 1630 2359; baseline -0.002 -9"><span class='ocrx_word' id='word_1_313' title='bbox 182 2317 243 2359; x_wconf 86' lang='lat' dir='ltr'>mi,</span> <span class='ocrx_word' id='word_1_314' title='bbox 258 2317 316 2350; x_wconf 91' lang='lat' dir='ltr'>ubi</span> <span class='ocrx_word' id='word_1_315' title='bbox 332 2319 482 2350; x_wconf 86' lang='lat' dir='ltr'>exulavit</span> <span class='ocrx_word' id='word_1_316' title='bbox 498 2319 604 2351; x_wconf 77' lang='lat' dir='ltr'>Naso.</span> <span class='ocrx_word' id='word_1_317' title='bbox 979 2322 1019 2350; x_wconf 83' lang='lat'>19</span> <span class='ocrx_word' id='word_1_318' title='bbox 1042 2319 1130 2350; x_wconf 83' lang='lat' dir='ltr'>Inter</span> <span class='ocrx_word' id='word_1_319' title='bbox 1150 2318 1241 2359; x_wconf 82' lang='lat' dir='ltr'>sera]</span> <span class='ocrx_word' id='word_1_320' title='bbox 1283 2319 1460 2350; x_wconf 86' lang='lat' dir='ltr'>Secessum</span> <span class='ocrx_word' id='word_1_321' title='bbox 1488 2327 1568 2349; x_wconf 88' lang='lat' dir='ltr'>vero</span> <span class='ocrx_word' id='word_1_322' title='bbox 1595 2322 1630 2347; x_wconf 83' lang='lat' dir='ltr'>et</span> 
     </span>
     <span class='ocr_line' id='line_1_37' title="bbox 229 2367 1366 2410; baseline 0 -11"><span class='ocrx_word' id='word_1_323' title='bbox 229 2370 268 2400; x_wconf 82' lang='grc'>12</span> <span class='ocrx_word' id='word_1_324' title='bbox 293 2368 398 2408; x_wconf 85' lang='lat' dir='ltr'>Quod]</span> <span class='ocrx_word' id='word_1_325' title='bbox 422 2369 471 2400; x_wconf 85' lang='lat' dir='ltr'>Ut</span> <span class='ocrx_word' id='word_1_326' title='bbox 492 2368 638 2410; x_wconf 85' lang='lat' dir='ltr'>Augusti</span> <span class='ocrx_word' id='word_1_327' title='bbox 659 2368 693 2400; x_wconf 88' lang='lat' dir='ltr'>in</span> <span class='ocrx_word' id='word_1_328' title='bbox 710 2367 880 2401; x_wconf 83' lang='lat' dir='ltr'>Nasonem</span> <span class='ocrx_word' id='word_1_329' title='bbox 934 2370 1004 2401; x_wconf 88' lang='lat' dir='ltr'>otia</span> <span class='ocrx_word' id='word_1_330' title='bbox 1020 2369 1097 2401; x_wconf 91' lang='lat' dir='ltr'>boni</span> <span class='ocrx_word' id='word_1_331' title='bbox 1114 2379 1229 2400; x_wconf 80' lang='lat' dir='ltr'>versus</span> <span class='ocrx_word' id='word_1_332' title='bbox 1243 2374 1366 2400; x_wconf 81' lang='lat' dir='ltr'>amant.</span> 
     </span>
    </p>

    <p class='ocr_par' dir='ltr' id='par_1_8' title="bbox 186 2414 1629 2509">
     <span class='ocr_line' id='line_1_38' title="bbox 186 2414 1629 2459; baseline -0.003 -11"><span class='ocrx_word' id='word_1_333' title='bbox 186 2417 236 2449; x_wconf 80' lang='lat' dir='ltr'>ira</span> <span class='ocrx_word' id='word_1_334' title='bbox 249 2418 293 2450; x_wconf 78' lang='lat' dir='ltr'>sit</span> <span class='ocrx_word' id='word_1_335' title='bbox 309 2417 433 2450; x_wconf 86' lang='lat' dir='ltr'>brevis.</span> <span class='ocrx_word' id='word_1_336' title='bbox 976 2423 1014 2451; x_wconf 80' lang='lat'>21</span> <span class='ocrx_word' id='word_1_337' title='bbox 1045 2419 1129 2450; x_wconf 85' lang='lat' dir='ltr'>Vena</span> <span class='ocrx_word' id='word_1_338' title='bbox 1153 2418 1301 2459; x_wconf 80' lang='lat' dir='ltr'>paupere]</span> <span class='ocrx_word' id='word_1_339' title='bbox 1329 2414 1629 2449; x_wconf 78' lang='lat' dir='ltr'>quoecuuditatem</span> 
     </span>
     <span class='ocr_line' id='line_1_39' title="bbox 228 2467 1201 2509; baseline 0.002 -12"><span class='ocrx_word' id='word_1_340' title='bbox 228 2469 267 2497; x_wconf 79' lang='lat'>13</span> <span class='ocrx_word' id='word_1_341' title='bbox 290 2467 448 2509; x_wconf 69' lang='lat' dir='ltr'>Moribus]</span> <span class='ocrx_word' id='word_1_342' title='bbox 494 2468 600 2501; x_wconf 81' lang='lat' dir='ltr'>Quasi</span> <span class='ocrx_word' id='word_1_343' title='bbox 631 2468 723 2500; x_wconf 83' lang='lat' dir='ltr'>dicat</span> <span class='ocrx_word' id='word_1_344' title='bbox 752 2478 787 2499; x_wconf 88' lang='lat' dir='ltr'>se</span> <span class='ocrx_word' id='word_1_345' title='bbox 813 2479 880 2500; x_wconf 86' lang='lat' dir='ltr'>non</span> <span class='ocrx_word' id='word_1_346' title='bbox 934 2470 1050 2509; x_wconf 80' lang='lat' dir='ltr'>culpat</span> <span class='ocrx_word' id='word_1_347' title='bbox 1067 2469 1201 2508; x_wconf 81' lang='lat' dir='ltr'>ingenii.</span> 
     </span>
    </p>

    <p class='ocr_par' dir='ltr' id='par_1_9' title="bbox 189 2513 1630 2606">
     <span class='ocr_line' id='line_1_40' title="bbox 189 2513 1629 2555; baseline -0.001 -10"><span class='ocrx_word' id='word_1_348' title='bbox 189 2516 344 2547; x_wconf 76' lang='lat' dir='ltr'>meritum</span> <span class='ocrx_word' id='word_1_349' title='bbox 358 2518 470 2548; x_wconf 84' lang='lat' dir='ltr'>Salaui</span> <span class='ocrx_word' id='word_1_350' title='bbox 486 2517 647 2550; x_wconf 83' lang='lat' dir='ltr'>favorem.</span> <span class='ocrx_word' id='word_1_351' title='bbox 977 2520 1016 2549; x_wconf 68' lang='lat'>24</span> <span class='ocrx_word' id='word_1_352' title='bbox 1045 2517 1108 2547; x_wconf 70' lang='lat' dir='ltr'>Via:</span> <span class='ocrx_word' id='word_1_353' title='bbox 1122 2517 1194 2555; x_wconf 74' lang='lat' dir='ltr'>sibi]</span> <span class='ocrx_word' id='word_1_354' title='bbox 1218 2515 1385 2554; x_wconf 78' lang='lat' dir='ltr'>Suffragia</span> <span class='ocrx_word' id='word_1_355' title='bbox 1408 2513 1490 2544; x_wconf 87' lang='lat' dir='ltr'>dicit</span> <span class='ocrx_word' id='word_1_356' title='bbox 1516 2513 1629 2544; x_wconf 83' lang='lat' dir='ltr'>Salaui</span> 
     </span>
     <span class='ocr_line' id='line_1_41' title="bbox 233 2562 1630 2606; baseline -0.001 -11"><span class='ocrx_word' id='word_1_357' title='bbox 233 2567 272 2595; x_wconf 77' lang='lat'>16</span> <span class='ocrx_word' id='word_1_358' title='bbox 299 2565 399 2606; x_wconf 82' lang='lat' dir='ltr'>Fieri]</span> <span class='ocrx_word' id='word_1_359' title='bbox 422 2567 471 2598; x_wconf 90' lang='lat' dir='ltr'>Ut</span> <span class='ocrx_word' id='word_1_360' title='bbox 486 2569 651 2600; x_wconf 83' lang='lat' dir='ltr'>movearis</span> <span class='ocrx_word' id='word_1_361' title='bbox 674 2569 797 2601; x_wconf 85' lang='lat' dir='ltr'>nostris</span> <span class='ocrx_word' id='word_1_362' title='bbox 813 2579 881 2601; x_wconf 77' lang='lat' dir='ltr'>ma·</span> <span class='ocrx_word' id='word_1_363' title='bbox 934 2566 997 2598; x_wconf 86' lang='lat' dir='ltr'>sibi</span> <span class='ocrx_word' id='word_1_364' title='bbox 1019 2571 1127 2605; x_wconf 80' lang='lat' dir='ltr'>grata,</span> <span class='ocrx_word' id='word_1_365' title='bbox 1157 2565 1293 2596; x_wconf 73' lang='lat' dir='ltr'>tametsi</span> <span class='ocrx_word' id='word_1_366' title='bbox 1319 2564 1381 2595; x_wconf 75' lang='lat' dir='ltr'>sibi</span> <span class='ocrx_word' id='word_1_367' title='bbox 1411 2571 1520 2603; x_wconf 80' lang='lat' dir='ltr'>neque</span> <span class='ocrx_word' id='word_1_368' title='bbox 1544 2562 1630 2602; x_wconf 80' lang='lat' dir='ltr'>ipse,</span> 
     </span>
    </p>

    <p class='ocr_par' dir='ltr' id='par_1_10' title="bbox 191 2612 1630 2655">
     <span class='ocr_line' id='line_1_42' title="bbox 191 2612 1630 2655; baseline -0.001 -9"><span class='ocrx_word' id='word_1_369' title='bbox 191 2616 245 2647; x_wconf 81' lang='lat' dir='ltr'>lis.</span> <span class='ocrx_word' id='word_1_370' title='bbox 935 2620 1055 2655; x_wconf 84' lang='lat' dir='ltr'>utpote</span> <span class='ocrx_word' id='word_1_371' title='bbox 1075 2615 1190 2653; x_wconf 81' lang='lat' dir='ltr'>miser,</span> <span class='ocrx_word' id='word_1_372' title='bbox 1215 2623 1325 2654; x_wconf 83' lang='lat' dir='ltr'>neque</span> <span class='ocrx_word' id='word_1_373' title='bbox 1351 2612 1400 2643; x_wconf 90' lang='lat' dir='ltr'>sui</span> <span class='ocrx_word' id='word_1_374' title='bbox 1416 2612 1500 2643; x_wconf 83' lang='lat' dir='ltr'>adeo</span> <span class='ocrx_word' id='word_1_375' title='bbox 1516 2622 1630 2644; x_wconf 75' lang='lat' dir='ltr'>versus</span> 
     </span>
    </p>
   </div>
   <div class='ocr_carea' id='block_1_7' title="bbox 191 2663 1628 2757">
    <p class='ocr_par' dir='ltr' id='par_1_11' title="bbox 191 2663 1628 2757">
     <span class='ocr_line' id='line_1_43' title="bbox 232 2663 1232 2710; baseline -0.004 -14"><span class='ocrx_word' id='word_1_376' title='bbox 232 2668 272 2696; x_wconf 83' lang='lat'>18</span> <span class='ocrx_word' id='word_1_377' title='bbox 290 2664 446 2704; x_wconf 70' lang='lat' dir='ltr'>Augusta]</span> <span class='ocrx_word' id='word_1_378' title='bbox 461 2665 650 2698; x_wconf 80' lang='lat' dir='ltr'>Excellenti</span> <span class='ocrx_word' id='word_1_379' title='bbox 664 2672 765 2710; x_wconf 83' lang='lat' dir='ltr'>atque</span> <span class='ocrx_word' id='word_1_380' title='bbox 781 2678 881 2701; x_wconf 74' lang='lat' dir='ltr'>vene.</span> <span class='ocrx_word' id='word_1_381' title='bbox 936 2665 1073 2706; x_wconf 82' lang='lat' dir='ltr'>placere</span> <span class='ocrx_word' id='word_1_382' title='bbox 1090 2663 1232 2702; x_wconf 83' lang='lat' dir='ltr'>possint.</span> 
     </span>
     <span class='ocr_line' id='line_1_44' title="bbox 191 2710 1628 2757; baseline -0.002 -11"><span class='ocrx_word' id='word_1_383' title='bbox 191 2714 289 2748; x_wconf 73' lang='lat' dir='ltr'>rabili</span> <span class='ocrx_word' id='word_1_384' title='bbox 304 2713 347 2747; x_wconf 77' lang='lat' dir='ltr'>ab</span> <span class='ocrx_word' id='word_1_385' title='bbox 364 2713 517 2757; x_wconf 78' lang='lat' dir='ltr'>Augusto</span> <span class='ocrx_word' id='word_1_386' title='bbox 534 2722 664 2756; x_wconf 76' lang='lat' dir='ltr'>parata.</span> <span class='ocrx_word' id='word_1_387' title='bbox 978 2717 1017 2746; x_wconf 77' lang='lat'>25</span> <span class='ocrx_word' id='word_1_388' title='bbox 1043 2711 1145 2744; x_wconf 67' lang='lat' dir='ltr'>Rebus</span> <span class='ocrx_word' id='word_1_389' title='bbox 1161 2710 1280 2754; x_wconf 75' lang='lat' dir='ltr'>parcis]</span> <span class='ocrx_word' id='word_1_390' title='bbox 1300 2711 1406 2744; x_wconf 82' lang='lat' dir='ltr'>Tenui</span> <span class='ocrx_word' id='word_1_391' title='bbox 1419 2716 1628 2755; x_wconf 77' lang='lat' dir='ltr'>argumento.</span> 
     </span>
    </p>
   </div>
  </div>
 </body>
</html>
