1877 3193
201 176 316 218 2650
695 187 736 216 P.
769 185 927 216 ovmn
962 185 1175 216 NAsoms

205 280 332 323 Neve
347 294 512 323 moram
537 282 707 330 timeas,
728 284 918 334 tempus,
940 280 1060 334 quod
1081 280 1336 334 quaerimus,
1357 281 1520 323 instat:
1606 283 1664 325 85

261 348 514 403 Cunctaque
535 349 708 390 laetitiae
729 349 859 402 plena
878 348 1124 402 triumphus
1144 349 1291 390 habet.

204 415 323 457 Dum
346 416 515 465 domus,
533 421 579 456 et
598 416 709 465 nati,
732 415 834 456 dum
859 420 997 457 mater
1018 416 1148 457 Livia
1168 416 1349 469 gaudet:

260 483 378 524 Dum
400 483 567 536 gaudes
591 483 758 524 Patriae
780 496 936 537 magne
958 484 1184 536 Ducisque
1211 484 1370 526 Pater:

204 549 322 591 Dum
345 550 429 590 sibi
448 554 642 603 gratatur
660 551 867 604 populus,
892 555 1114 604 totamque
1134 565 1210 605 per
1231 551 1396 593 Urbem

260 616 414 658 Omnis
437 618 633 658 odoratis
653 618 827 669 ignibus
849 631 926 658 ara
953 619 1064 659 calet
1082 631 1091 658 ε
1607 617 1664 661 90

204 683 323 724 Dum
344 683 497 723 faciles
517 684 663 724 aditus
686 684 852 736 praebet
871 685 1118 725 venerabile
1135 685 1372 738 templum3

259 750 533 805 Sperandum
554 753 729 790 nostras
753 762 888 804 posse
910 751 1053 791 valere
1071 764 1240 803 preces.

203 817 359 869 Dixit3
393 820 437 857 et
459 820 533 857 aut
554 816 628 856 ille
652 820 719 857 est
737 821 895 858 tenues
914 816 1113 870 dilapsus
1130 819 1172 858 in
1195 830 1343 870 auras,

260 883 497 938 Coeperunt
519 896 675 924 sensus
698 887 773 924 aut
791 884 975 936 vigilare
996 886 1095 926 mei.

202 951 250 992 Si
276 951 482 1001 dubitem,
505 951 611 1005 quin
630 951 700 992 his
722 952 896 1003 faveas,
920 965 946 993 o
971 952 1186 1003 Maxime,
1206 953 1350 1005 dictis,
1609 954 1666 995 95

260 1018 521 1060 Memnonio
542 1033 706 1074 cycnos
727 1033 825 1061 esse
847 1021 990 1062 colore
1010 1024 1176 1075 putem.

202 1086 289 1127 Sed
310 1100 448 1140 neque
469 1091 662 1129 mutatur
680 1088 806 1142 nigra
826 1090 928 1143 pice
947 1090 1116 1130 lacteus
1136 1090 1288 1130 humor
1305 1101 1314 1129 :

259 1153 374 1203 Nec,
397 1154 518 1208 quod
537 1160 630 1195 erat
652 1156 862 1207 candens,
884 1156 932 1198 fit
953 1157 1233 1206 terebinthus,
1255 1156 1377 1197 ebur.

201 1286 327 1323 tionem,
352 1284 427 1315 hora
449 1294 539 1324 quam
557 1285 710 1324 poscimus
723 1296 818 1326 prope
835 1291 881 1318 est
895 1298 908 1324 ;
930 1291 960 1318 et
984 1287 1159 1327 triumphus
1182 1287 1272 1318 habet
1303 1287 1405 1318 omnia
1426 1289 1519 1328 plena
1544 1286 1666 1326 gaudii.

200 1328 288 1359 Dum
302 1328 408 1357 domus
423 1330 453 1357 et
459 1327 541 1368 filii,
555 1329 627 1358 dum
641 1329 786 1364 genitrix
799 1329 893 1360 Livia
909 1330 1055 1365 loetatur,·
1079 1332 1152 1360 dum
1169 1330 1290 1360 laetarz’s
1303 1330 1404 1360 Pater
1415 1330 1526 1369 ingens
1541 1330 1665 1360 Patriae

200 1373 229 1400 et
249 1370 353 1400 Ducis
365 1380 376 1406 ;
400 1370 472 1400 dum
487 1369 571 1409 plebs
587 1370 645 1401 tibi
655 1371 850 1410 gratulatur,
865 1375 897 1402 et
911 1382 998 1403 omne
1013 1373 1110 1403 altare
1125 1375 1171 1402 est
1186 1372 1342 1402 incensum
1348 1371 1491 1411 flammis
1504 1371 1664 1408 odoratis;

200 1414 273 1442 dum
290 1412 435 1450 templum
452 1414 658 1442 venerandum
672 1415 727 1442 dat
743 1423 881 1444 accessus
888 1414 1013 1454 faciles,
1037 1416 1223 1454 sperandum
1244 1424 1348 1454 preces
1370 1417 1490 1445 nostras
1507 1424 1596 1454 posse
1612 1424 1665 1444 va-

199 1455 273 1485 lere.
319 1454 429 1490 Dixit,
446 1456 476 1483 et
491 1457 544 1483 aut
560 1455 613 1484 ille
637 1455 762 1484 evanuit
776 1455 809 1485 in
823 1456 967 1486 subtilem
989 1457 1105 1494 aerem,
1128 1460 1181 1486 aut
1207 1457 1267 1486 mei
1289 1466 1395 1487 sensus
1415 1459 1568 1496 coeperunt
1585 1457 1665 1495 vigi-

199 1498 277 1526 lare.
322 1494 360 1524 Si
376 1494 514 1525 dubitem
529 1496 602 1535 quin
618 1495 732 1532 faveas
759 1496 808 1526 his
823 1498 958 1535 vocibus,
977 1509 994 1528 ο
1019 1498 1175 1535 Maxime,
1198 1499 1322 1528 credam
1348 1509 1456 1538 cycnos
1480 1509 1543 1529 esse
1566 1500 1664 1529 colore

200 1537 392 1569 Memnonio.
437 1536 499 1568 Sed
510 1547 604 1578 neque
620 1538 721 1578 liquor
737 1539 853 1570 lacteus
868 1540 984 1571 transit
1000 1540 1033 1571 in
1047 1543 1151 1570 atram
1165 1539 1274 1581 picem,
1285 1550 1381 1580 neque
1393 1540 1479 1580 ebur,
1505 1543 1582 1580 quod
1597 1544 1665 1572 erat

809 1626 1048 1639 eeeeeeeeeeee

202 1676 279 1707 dam
297 1675 434 1715 scriptis
450 1686 458 1706 ε
478 1685 555 1706 113111
572 1675 699 1716 vulgati
729 1676 904 1708 habebant
919 1680 1094 1709 aum—88
1116 1677 1201 1709 Tres
1227 1677 1302 1709 libri
1319 1688 1425 1718 magn.
1440 1679 1609 1719 ducumque
1624 1681 1666 1712 P.

203 1721 288 1750 —89
316 1718 387 1749 Tibi
405 1718 484 1758 [pro
509 1718 584 1759 sihi]
608 1719 736 1750 rectius
753 1719 911 1761 quidam:
938 1725 991 1751 est
1017 1721 1104 1751 enim
1122 1730 1232 1751 sermo
1255 1721 1297 1751 ad
1328 1721 1531 1760 Augustum.
1555 1722 1669 1755 Heius.

204 1761 275 1792 Tibi
300 1761 421 1801 Mycil.
439 1760 572 1801 Grypb.
590 1761 721 1792 Bersm.
738 1768 773 1792 et
800 1763 875 1793 aliae
894 1762 988 1793 Edit.
1017 1762 1076 1793 sed
1092 1763 1152 1793 sibi
1170 1763 1311 1794 retineri
1336 1768 1472 1803 potest3
1497 1764 1530 1795 id
1548 1769 1613 1804 est,
1630 1775 1666 1797 se

203 1804 338 1834 felicem
367 1803 541 1834 existimat
573 1804 632 1835 tali
662 1804 831 1845 principe.
865 1805 922 1836 Sic
950 1806 1038 1836 Met.
1066 1814 1119 1836 lx.
1137 1809 1212 1838 2-14.
1235 1807 1243 1823 ‘
1259 1806 1415 1847 Totoque
1446 1806 1554 1838 libens
1583 1808 1665 1840 mihi

202 1849 347 1887 pectore
365 1845 505 1885 grator.'
533 1847 595 1887 Ep.
613 1854 665 1878 xl.
678 1850 730 1879 65.
766 1848 776 1863 ‘
792 1847 883 1880 Quid
913 1847 975 1878 tibi
993 1849 1137 1888 ἑτι-313115
1154 1849 1172 1879 ;’
1196 1848 1362 1890 quomodo
1379 1852 1414 1879 et
1435 1851 1593 1888 gratulari
1607 1860 1666 1891 po·

202 1888 296 1920 nitur
312 1898 320 1918 :
348 1889 459 1920 Cicer.
477 1889 589 1929 Epist.
605 1889 647 1920 ad
678 1890 768 1922 Fam.
796 1899 855 1922 111.
872 1893 925 1922 ll.
949 1892 958 1908 ‘
975 1891 1056 1931 lpse
1074 1891 1152 1921 mihi
1169 1893 1356 1931 gratulatus
1372 1892 1467 1922 sum?
1490 1893 1544 1923 Sic
1568 1893 1576 1909 ‘
1594 1903 1667 1932 gra·

204 1930 303 1962 tulari
321 1930 457 1971 patriae'
481 1932 572 1964 Just.
588 1941 638 1962 Vl.
657 1935 687 1963 8.
704 1938 755 1964 est
773 1932 909 1964 felicem
936 1934 1124 1974 praedicare
1140 1944 1147 1964 :
1171 1935 1179 1950 ‘
1198 1934 1343 1974 reipubl.
1362 1935 1538 1974 gratulari'
1563 1936 1666 1967 etiam

203 1973 327 2005 Cicero
354 1978 389 2004 et
407 1973 475 2004 alii.
520 1975 711 2015 Utrumque
731 1976 851 2016 jungit
867 1976 995 2008 Noster
1020 1977 1123 2008 Trist.
1141 1986 1165 2007 1.
1183 1979 1214 2007 8.
1230 1980 1282 2008 53.
1304 1978 1401 2007 ‘tota
1430 1977 1508 2007 mihi
1535 1983 1664 2018 mente,

201 2015 331 2057 tibique
350 2016 537 2047 Gratulor!
560 2018 759 2049 Burm—-oi
788 2018 918 2058 Mycill.
934 2019 1068 2059 Grypli.
1084 2025 1120 2050 et
1134 2020 1264 2050 Bersm.
1279 2019 1367 2050 Edd.
1382 2020 1521 2051 venerab.
1534 2023 1665 2061 tempus.

199 2061 283 2089 -93
307 2058 372 2089 Ed.
400 2059 448 2090 D.
465 2059 586 2091 Heius.
603 2063 666 2092 ten.
682 2061 825 2102 delapsus
845 2062 975 2094 ira—94
998 2062 1095 2093 Serv.
1123 2062 1247 2102 Coepere
1260 2065 1315 2093 aut
1330 2072 1354 2093 s.
1368 2062 1558 2103 pervigilare
1574 2073 1585 2099 ,·
1608 2063 1664 2095 Fr.

861 2147 892 2178 N
899 2147 1002 2178 OTAE

242 2229 284 2257 86
303 2226 504 2267 Triumphus]
518 2228 733 2260 Pannonium
750 2230 904 2271 intellige
1001 2235 1042 2262 90
1061 2232 1224 2271 Odoratis]
1241 2233 1294 2262 Ex
1311 2232 1409 2262 thure
1424 2241 1486 2272 per
1500 2231 1662 2272 triumphi

200 2287 260 2309 seu
286 2277 535 2316 Dalmaticum,
552 2287 650 2317 quem
667 2283 788 2318 quarto
816 2290 903 2311 auno
957 2282 1112 2312 lmtitiam
1127 2281 1297 2321 apposito.

199 2326 242 2359 ab
259 2326 377 2358 Ovidii
393 2325 473 2366 fuga
484 2327 639 2358 Tiberius
657 2328 739 2368 egit.
1000 2334 1039 2362 91
1066 2330 1238 2370 Templum]
1264 2330 1482 2370 Capitolium,
1503 2331 1578 2363 scil.
1595 2342 1660 2373 quo

243 2381 284 2409 87
312 2378 447 2418 Domus]
472 2378 639 2419 Augusta,
656 2380 727 2411 scil.
744 2390 819 2411 cum
835 2380 904 2411 Au-
957 2380 1204 2420 triumphantes
1221 2379 1467 2420 ascendebant,
1481 2380 1560 2412 Jovi
1583 2391 1660 2420 gra-

200 2428 289 2469 gusti
317 2428 408 2467 filiis,
439 2428 595 2468 Tiberio,
620 2434 656 2460 et
685 2430 904 2471 Germanico,
958 2432 1023 2462 tias
1041 2431 1163 2462 acturi.

202 2479 352 2520 itemque
372 2488 478 2509 uxore
495 2479 602 2509 Livia.
1000 2484 1040 2511 95
1066 2480 1223 2520 Maxime]
1246 2480 1385 2511 Fabium
1407 2480 1596 2512 Maximum
1614 2482 1661 2512 al·

244 2532 285 2559 88
310 2528 422 2568 Pater]
452 2527 643 2568 Angustum
668 2528 765 2569 dicit,
778 2530 905 2561 Tiberii
958 2532 1108 2572 loquitur
1125 2531 1228 2562 Naso.

201 2578 295 2609 ducis
313 2582 446 2618 patrem
464 2587 524 2618 per
548 2577 781 2618 adoptionem,
797 2585 833 2611 et
849 2590 906 2620 pa-
1001 2585 1043 2613 90
1081 2580 1275 2620 Memnonio]
1312 2580 1434 2620 Nigro,
1469 2580 1657 2621 cujusmodi

201 2627 278 2657 triae
296 2637 357 2667 per
374 2637 519 2658 amorem
537 2633 571 2659 et
587 2637 697 2660 curas,
742 2630 903 2662 Ceterum
958 2632 1147 2665 Memnonis
1177 2632 1345 2671 AEtliiopis
1369 2630 1512 2662 Aurorae
1542 2641 1584 2663 ex
1606 2632 1659 2663 Ti-

200 2679 433 2707 assenteturne
450 2677 596 2718 utrique,
611 2678 748 2710 Tiberio
763 2689 905 2719 praescr·
959 2684 1060 2714 1110110
1076 2682 1137 2713 filii
1152 2682 1244 2713 color
1258 2680 1361 2712 fuisse
1379 2680 1514 2712 dicitur.

203 2725 276 2766 tim,
291 2724 375 2758 1111111
392 2736 477 2768 opus
493 2732 547 2759 est
563 2731 601 2759 ut
616 2737 680 2769 ego
696 2728 817 2763 dicam.
999 2735 1041 2764 98
1074 2732 1140 2764 Nec
1164 2730 1258 2772 quod]
1281 2730 1447 2772 Adeoque
1472 2739 1580 2771 neque
1608 2736 1656 2768 111,
