1863 3193
531 530 608 585 P.
666 528 959 586 OVIDII
1018 526 1408 587 NASONIS

450 746 1487 823 TRISTIUM

756 980 1025 1030 LIBER
1078 981 1180 1029 ΙΙΙ.

761 1371 1078 1421 ELEGIA
1133 1374 1180 1421 I.

795 1527 1150 1561 ARGUMENTUM.

246 1618 392 1649 Lunum
422 1617 564 1650 Romam
590 1619 697 1651 mittit
723 1619 847 1660 Poeta,
872 1621 1037 1653 incultum
1060 1622 1197 1663 quidem
1225 1627 1261 1653 et
1284 1622 1476 1654 sordidum:
1499 1622 1696 1664 inducitque

285 1670 377 1701 illum
394 1680 507 1703 errare
533 1682 594 1712 per
613 1673 706 1704 varia
733 1673 825 1704 urbis
852 1674 939 1714 loca,
957 1676 1159 1716 precarique
1176 1675 1381 1716 Augustum,
1397 1679 1435 1706 ut
1451 1675 1540 1716 patri
1556 1675 1647 1706 exuli
1661 1680 1698 1707 et

286 1722 400 1763 poe'tae
417 1724 475 1755 det
491 1725 632 1756 veniam.
678 1725 744 1757 Sed
760 1736 836 1758 cum
852 1736 1018 1768 nusquam
1035 1728 1142 1768 recipi
1158 1738 1192 1759 se
1208 1727 1335 1768 videat,
1360 1733 1462 1769 rogat
1485 1736 1604 1759 manus
1627 1727 1698 1768 ple·

285 1775 393 1817 baias,
410 1781 447 1809 ut
460 1788 535 1810 eum
548 1779 614 1811 illae
631 1781 750 1811 saltem
766 1780 947 1821 accipiant,
963 1786 1001 1812 ut
1014 1781 1139 1813 habeat
1154 1782 1212 1813 ubi
1228 1783 1337 1823 possit
1352 1782 1535 1813 divertere.

244 1891 460 1950 NBSSUS
482 1911 525 1950 in
542 1911 655 1953 hanc
676 1914 806 1954 venio
826 1914 966 1955 timidi
986 1915 1097 1955 liber
1117 1915 1265 1956 exulis
1285 1916 1450 1956 urbem.

300 1975 374 2017 Da
392 1977 612 2030 placidam
629 1980 764 2031 fesso,
784 1982 921 2022 lector
942 1983 1096 2032 amice,
1115 1995 1291 2023 manum
1308 1995 1318 2022 ε

284 2084 396 2117 Lector
410 2087 518 2127 amice,
544 2098 609 2129 ego
625 2089 701 2120 liber
716 2090 816 2121 exulis
833 2091 942 2129 pavidi
967 2091 1054 2122 venio
1069 2093 1177 2123 missus
1192 2091 1223 2122 in
1239 2092 1315 2123 hanc
1330 2090 1454 2122 urbem.-
1473 2090 1600 2132 porrige
1611 2089 1696 2122 blan-

854 2171 872 2181 o

288 2224 303 2251 l
331 2221 398 2252 Pro
414 2223 519 2253 timidi
535 2224 590 2254 alii
606 2224 742 2256 timidus.
765 2225 859 2256 Serv.
877 2230 912 2256 et
928 2227 988 2256 Be.
1006 2226 1060 2257 lib.
1077 2228 1149 2257 exul
1164 2227 1195 2256 iu
1207 2227 1336 2257 τινὰ-2
1358 2227 1440 2257 Tres
1456 2226 1533 2256 libri
1548 2227 1602 2257 Da
1613 2227 1694 2266 plac.

238 2262 325 2300 sasso
342 2274 403 2304 pro
421 2265 519 2301 lusso;
543 2267 750 2297 locutionem
767 2268 809 2298 ab
835 2268 892 2299 illo
919 2267 1042 2307 officio,
1069 2279 1133 2309 quo
1152 2269 1388 2308 languentibus
1408 2278 1541 2298 manum
1558 2268 1694 2307 darent,

246 2305 434 2338 desumtam
452 2313 532 2347 puto
547 2319 554 2339 :
580 2314 615 2340 ut
631 2310 720 2349 apud
738 2311 877 2341 Petron.
894 2319 940 2342 cl.
965 2312 1033 2351 quis
1059 2321 1117 2341 mm
1131 2313 1205 2341 darc
1221 2322 1343 2342 manum
1359 2310 1577 2349 languentibus
1591 2311 1669 2341 volet
1680 2310 1696 2343 21

246 2352 282 2379 et
298 2358 364 2390 quo
390 2350 515 2381 referes
544 2352 625 2381 illud
653 2351 741 2382 infra
770 2353 866 2393 Eleg.
886 2363 934 2384 iv.
952 2354 1047 2394 liujus
1067 2354 1141 2384 libri
1159 2364 1185 2385 s,
1201 2357 1254 2385 70.
1277 2356 1285 2370 ‘
1306 2353 1419 2384 Fidani
1438 2353 1592 2393 projecto
1609 2362 1695 2384 neve

244 2396 370 2431 negate
402 2394 556 2425 uranum!
593 2395 649 2425 Sic
680 2399 714 2425 et
745 2395 785 2425 de
817 2395 979 2433 naufrago
1006 2397 1104 2427 Trist.
1122 2405 1155 2426 v.
1173 2400 1203 2426 9.
1222 2399 1272 2426 18.
1307 2397 1315 2413 ‘
1335 2396 1407 2427 Nec
1438 2395 1571 2426 dederit
1600 2395 1694 2427 nanti

243 2442 305 2473 per
321 2433 410 2466 freta
426 2446 515 2466 saeva
533 2437 688 2467 manum.’
710 2437 760 2467 his
777 2448 853 2468 vero
877 2438 989 2468 verbis
1014 2439 1261 2479 responderent
1279 2439 1408 2477 melius,
1424 2439 1449 2468 si
1466 2439 1636 2477 legeretur
1660 2439 1694 2468 in

242 2476 351 2515 primo
381 2488 488 2518 versu,
506 2480 627 2510 Missus
642 2481 673 2510 in
690 2480 766 2510 hanc
780 2481 866 2511 renio
882 2483 1006 2511 tandem
1029 2481 1107 2511 liber
1129 2481 1231 2512 exulis
1246 2482 1370 2518 urbem,·
1393 2490 1469 2511 nam
1486 2481 1519 2511 iu
1535 2480 1695 2511 Leidensi

903 2573 1040 2604 NOTAE

286 2645 301 2671 1
332 2643 456 2682 Exulis]
481 2644 610 2684 Ovidii,
625 2645 768 2677 scilicet.
997 2652 1068 2678 tum
1084 2648 1241 2678 Romanis
1255 2647 1462 2679 viderentur.

291 2690 420 2731 Urbemj
457 2693 610 2732 Romam,
639 2705 714 2734 quae
741 2695 941 2735 simpliciter
1038 2701 1057 2728 2
1083 2697 1232 2739 Manum]
1266 2697 1361 2730 Fidei
1377 2704 1412 2730 et
1429 2698 1545 2730 auxilii
1561 2699 1693 2740 symbo-

245 2739 336 2771 Urbs
352 2740 490 2780 dicitur,
515 2752 591 2774 cum
614 2744 689 2775 alia:
716 2745 842 2785 oppida
870 2750 941 2777 tan-
995 2747 1074 2782 lum.
