1877 3193
830 164 942 194 lius.
1505 150 1617 194 2797

157 257 345 300 Viscera
365 259 429 301 sic
452 259 611 313 aliquis
634 259 850 312 scopulus
872 264 950 300 tua
969 258 1101 312 figat3
1130 261 1178 300 ut
1198 259 1301 301 olim

215 326 332 367 Fixa
354 328 434 367 sub
452 327 657 368 Euboico
679 326 819 368 Graia
839 327 958 368 fuere
981 328 1096 369 sinu.

158 393 303 448 thue
325 394 449 435 ferox
470 396 602 448 periit
621 398 662 435 et
683 395 865 435 fulmine
886 399 928 435 et
948 407 1124 448 aequore
1143 398 1318 449 raptor3

215 461 291 502 Sic
313 467 358 501 te
377 475 594 503 mersuras
617 462 801 515 adjuvet
819 462 931 514 ignis
951 473 1107 513 aquas.

160 527 287 568 Mens
309 541 483 582 quoque
504 530 569 570 sic
594 529 737 569 Furiis
758 540 914 568 vecors
935 528 1135 579 agitetur,
1155 530 1206 568 ut
1226 527 1306 577 illi,

216 595 361 636 Unum
384 596 456 636 cui
479 601 572 637 toto
593 606 776 647 corpore
795 594 954 634 vulnus
970 598 1073 635 erat.

159 662 310 715 thue
335 662 587 715 Dryantidae
611 660 875 713 Rhodopeia
897 673 1026 712 regna
1047 661 1229 711 tenenti,

215 729 269 770 In
291 728 462 780 gemino
485 728 637 781 dispar
655 728 727 768 cui
749 726 862 780 pede
884 727 1030 769 cultus
1051 732 1161 771 erat.

1535 525 1621 567 345

161 826 282 867 Aliquis
297 826 436 866 scopulus
445 826 573 866 perinde
581 825 689 864 fodiat
705 828 758 856 tna
772 825 958 866 ρναόονάἰα,
975 829 1009 856 ut
1027 826 1140 858 Graeca
1149 827 1285 865 suerunt
1292 827 1383 865 fossa
1398 827 1470 858 olim
1485 827 1538 859 snb
1553 828 1622 859 sinu

160 870 309 901 Euboico.
355 870 399 899 Et
415 869 665 908 quemadmodum
686 878 784 899 saevus
803 869 910 908 proedo
926 878 1087 909 oppressus
1112 874 1158 901 est
1180 870 1313 907 fulmine
1329 874 1359 902 et
1375 871 1467 910 mari,
1480 871 1527 902 ita
1541 871 1625 911 ignis

157 914 202 943 sit
217 912 336 943 auxilio
352 912 441 952 aquis
460 914 490 942 te
504 912 660 942 mersuri-3.
705 910 821 942 Anima
846 911 939 942 etiam
963 913 1100 952 improba
1124 913 1252 953 perinde
1274 917 1415 953 vexetur,
1435 917 1470 944 ut
1492 914 1551 953 illi,
1574 914 1625 945 cui

159 965 255 987 unum
270 956 380 985 vulnus
406 957 473 985 erat
490 957 554 984 toto
569 963 708 994 corpore.
739 954 782 984 Et
798 954 879 984 sicut
896 955 1087 995 Dryantidoe
1113 956 1230 987 tenenti
1255 966 1352 996 regna
1369 956 1561 997 Rhodopeia,
1576 956 1626 987 cui

774 1038 1012 1049 eeeeeeeeeeee

161 1096 221 1124 341
240 1093 387 1133 Scapulam
400 1094 520 1125 Heius.
537 1093 632 1125 dedit
649 1104 692 1125 ex
707 1104 764 1126 sex
778 1095 914 1135 scriptis
932 1105 991 1135 pro
1011 1095 1102 1135 vulg.
1118 1095 1270 1135 scopulis;
1294 1094 1361 1126 duo
1376 1095 1478 1126 etiam
1495 1095 1626 1134 scopulo.

162 1137 253 1167 Ante
270 1137 333 1167 hoc
350 1136 516 1168 distichon
535 1138 566 1167 in
584 1137 706 1168 Franc.
722 1143 755 1168 et
780 1138 887 1168 tribus
902 1138 987 1177 aliis,
1004 1144 1039 1169 et
1057 1148 1108 1178 pr.
1126 1138 1217 1169 Edit.
1234 1138 1458 1179 sequebatur:
1484 1137 1627 1177 Denique

161 1179 354 1209 Sarmaticas
368 1180 450 1210 inter
467 1180 653 1220 Geticasque
668 1181 814 1218 sagittas,
842 1181 906 1211 His
917 1190 1026 1221 precor
1040 1184 1076 1211 ut
1100 1181 1186 1211 rivas
1210 1184 1240 1211 et
1267 1181 1400 1211 moriare
1422 1180 1506 1212 locis.
1552 1179 1628 1210 Nisi

161 1221 248 1261 quod
267 1222 298 1251 in
318 1232 381 1252 11110
397 1222 531 1253 Gallico
548 1228 633 1261 erat,
657 1223 881 1263 Scythicasque
896 1224 1051 1261 sagittas:
1077 1227 1124 1261 et,
1149 1227 1179 1254 et
1206 1224 1293 1253 cit-os
1320 1224 1353 1253 in
1382 1232 1448 1253 uno
1474 1221 1628 1259 Heinsii3

163 1274 215 1294 nec
231 1265 362 1294 moriare
379 1265 411 1294 in
429 1265 505 1295 alio.
553 1265 685 1296 Deinde
703 1267 735 1295 in
754 1266 906 1305 plurimis
925 1271 959 1296 et
985 1275 1035 1305 pr.
1055 1265 1144 1296 Edit.
1173 1266 1393 1306 sequebatur.
1420 1268 1494 1295 441.
1528 1265 1629 1303 thue

155 1306 252 1343 ferox
270 1307 427 1340 Phalaris,
439 1310 490 1346 8)·0.
522 1308 566 1337 Et
585 1313 665 1337 tuuc
684 1308 715 1337 in
735 1312 881 1347 quatuor
899 1313 932 1338 et
947 1317 997 1346 pr.
1018 1307 1107 1338 Edit.
1124 1310 1201 1338 463.
1229 1308 1295 1338 Aul
1314 1312 1347 1337 ut
1364 1308 1565 1344 Cassandrus,
1576 1307 1630 1345 ἅμ’.

164 1349 324 1379 Addebat
342 1359 393 1388 pr.
409 1351 500 1380 Edit.
519 1350 586 1379 Aut
599 1359 720 1388 pereas,
742 1350 840 1388 periit
856 1350 935 1380 sicut
952 1351 1158 1380 Cassandrius
1172 1350 1236 1387 ille,
1254 1351 1352 1385 Quem
1367 1359 1420 1379 sun
1435 1359 1510 1388 gens
1521 1349 1630 1379 merito

163 1391 268 1422 mersit
286 1392 317 1421 in
330 1401 419 1421 amne
435 1392 524 1432 Lyci.
538 1392 760 1422 Burin—343
775 1392 874 1423 Alter
892 1392 972 1422 Pet.
999 1402 1064 1431 per.
1082 1403 1100 1422 α
1118 1392 1215 1429 sulm.
1230 1393 1319 1422 Mor.
1333 1396 1364 1423 et
1378 1391 1632 1432 flumine—346

162 1434 205 1464 In
223 1433 350 1464 duobus
365 1434 502 1473 scriptis
514 1439 549 1464 et
562 1444 613 1473 pr.
628 1433 691 1464 Ed.
706 1437 827 1473 pectore
843 1444 902 1473 pro
919 1444 1054 1473 corpore.
1074 1435 1241 1465 Quaedam
1256 1439 1341 1465 vett.
1356 1434 1441 1464 Edd.
1463 1435 1563 1464 Unum
1577 1433 1631 1473 qui

164 1479 228 1507 toto
245 1486 326 1516 corp.
343 1486 371 1506 v.
389 1476 497 1506 habet.-
526 1475 592 1505 duo
609 1476 710 1505 etiam
727 1476 845 1515 scripti
863 1476 1145 1515 qui...erat.——347
1169 1476 1359 1515 Dryantidae
1376 1476 1531 1505 meliores
1553 1485 1630 1506 cum

166 1519 317 1558 plurimis
345 1517 466 1555 editis;
496 1527 580 1547 unus
617 1518 802 1548 leiantidoe.
848 1518 932 1547 Tum
959 1517 1026 1547 duo
1056 1527 1131 1548 cum
1162 1527 1212 1556 pr.
1235 1517 1299 1547 Ed.
1328 1518 1475 1557 Pelopeia
1498 1527 1630 1555 regn.—

166 1563 229 1592 3-18
262 1562 342 1592 Duo
372 1559 450 1590 libri
479 1560 618 1599 Ingenuo
644 1560 723 1599 disp.
748 1559 960 1600 totidemque
987 1565 1022 1590 et
1055 1559 1209 1600 quaedam
1236 1559 1322 1592 Edd.
1358 1560 1509 1599 Ingenio:
1533 1559 1628 1590 Med.

830 1647 971 1679 NOTAE

212 1719 273 1747 342
308 1715 457 1755 Euboico]
493 1714 631 1746 Euboeae
659 1715 789 1754 insulae,
816 1715 872 1745 ubi

171 1769 371 1803 Locrenses,
395 1767 403 1782 ‘
424 1766 528 1796 Unius
547 1766 590 1795 ob
618 1775 754 1804 noxam,
771 1769 806 1796 et
823 1764 873 1795 fu·

170 1818 235 1848 rias
262 1816 381 1857 Ajacis
409 1815 523 1854 Oilei‚'
540 1816 642 1855 Troja
668 1816 699 1845 iu
728 1816 873 1855 patriam

169 1866 353 1898 redeuntes
369 1867 488 1896 misere
506 1864 623 1896 afflicti
641 1871 729 1896 sunt.

213 1916 308 1955 Sina]
328 1916 390 1946 Ille
408 1921 461 1945 est
479 1915 534 1956 qui
551 1915 714 1945 Euboeam
733 1915 875 1946 insulam

171 1977 190 1998 a
206 1967 338 1998 Boeotia
355 1965 488 1996 modico
503 1971 585 1995 aestu
605 1965 740 1996 dividit.

215 2019 277 2048 343
304 2016 440 2056 Raptor]
471 2015 561 2054 Ajax
577 2020 643 2053 est,
668 2015 758 2045 Oilei
776 2014 877 2053 filius,

172 2067 352 2098 cuiPallas
371 2067 448 2097 ideo
467 2065 610 2101 infensa,
628 2066 717 2105 quod
735 2066 876 2096 Cassan-

172 2117 266 2148 dram
284 2116 412 2147 Priami
428 2115 528 2145 filiam
546 2115 577 2144 in
593 2115 720 2154 templo
736 2124 794 2144 suo
811 2119 877 2145 stu·

174 2171 318 2207 prasset.
366 2168 415 2197 Ea
432 2176 527 2203 vero,
552 2166 579 2196 si
599 2166 730 2195 Maroni
749 2165 879 2204 credas,

173 2222 181 2234 ‘
199 2218 296 2250 Jovis
325 2216 481 2256 rapidum
506 2216 662 2256 jaculata
688 2225 706 2245 e
734 2215 878 2246 nubibus

175 2271 299 2310 ignem,
320 2270 533 2309 Disjecitqne
560 2275 663 2307 rates,
686 2268 880 2308 evertitque

175 2329 312 2361 aequora
347 2319 474 2349 ventis:
516 2319 628 2357 Illum,
666 2318 879 2358 expirantem

174 2369 337 2402 transfixo
371 2374 511 2410 pectore
536 2368 699 2407 flammas,
727 2368 880 2398 Turbine

175 2420 356 2460 corripuit,
372 2421 578 2461 scopuloque
596 2420 705 2451 infixit
722 2419 846 2451 acuto.’

220 2473 281 2501 344
297 2469 366 2509 Sic]
389 2470 680 2502 Quemadmodum
699 2470 785 2510 Ajax
804 2470 881 2509 igne

177 2522 311 2553 coelitus
328 2521 474 2551 immisso
492 2525 526 2550 et
541 2522 634 2562 aquis
657 2520 880 2552 aestuantibus

179 2571 364 2603 suffocatu-1
380 2576 443 2601 est.

220 2625 282 2653 345
307 2622 378 2661 Illi]
402 2623 456 2651 Dc
476 2621 623 2661 Marsya,
638 2631 737 2662 quem
755 2620 879 2660 Apollo

179 2670 880 2713 pellemulctavit,nonnulliintelligendum

181 2726 333 2755 censent.
378 2720 498 2752 Potior
518 2724 628 2752 tamen
651 2720 730 2752 mihi
748 2720 881 2762 Micylli

927 1716 993 1746 viri
1015 1720 1110 1747 certe
1134 1716 1320 1747 doctissimi
1337 1716 1474 1746 videtur
1497 1718 1630 1746 senten-

930 1766 988 1805 tia,
1004 1767 1060 1807 qui
1080 1766 1119 1797 ad
1140 1766 1280 1807 Ajacem
1294 1766 1526 1797 Telamonium
1540 1766 1631 1797 istud

930 1816 1047 1849 refert.
1094 1818 1127 1848 Is
1146 1827 1222 1848 vero
1237 1822 1272 1848 et
1287 1817 1396 1847 Furiis
1414 1816 1561 1855 agitatus
1579 1819 1633 1846 est

930 1873 964 1898 et
993 1872 1064 1898 toto
1090 1876 1231 1907 corpore
1260 1865 1517 1897 invulnerabilis
1545 1874 1632 1904 prae-

930 1921 1085 1958 terquam
1110 1926 1149 1947 ea
1167 1921 1265 1956 parte
1283 1926 1348 1956 qua
1366 1915 1453 1955 pelle
1472 1914 1633 1945 Herculis

929 1967 1062 1997 leonina
1090 1966 1200 1997 infans
1227 1970 1406 1996 contectus
1422 1974 1486 1994 uon
1510 1963 1632 1995 fuerat.

931 2018 1089 2048 Ceterum
1114 2027 1179 2048 non
1209 2017 1314 2048 taedet
1336 2016 1435 2046 modo
1453 2017 1566 2046 harum
1585 2014 1632 2046 fa-

933 2068 1098 2106 bularum,
1125 2078 1241 2098 verum
1259 2071 1294 2098 et
1315 2067 1422 2096 miuus
1449 2070 1529 2105 apte
1556 2074 1634 2096 con-

932 2123 1034 2158 gestae
1054 2118 1263 2156 viderentur,
1281 2126 1364 2157 quas
1388 2125 1451 2147 nou
1480 2119 1549 2146 tam
1572 2115 1635 2154 ira,

932 2177 1030 2208 quau·
1056 2168 1237 2205 cacozelia,
1265 2171 1323 2196 aut
1351 2165 1454 2196 nimia
1481 2165 1634 2196 scientiae

933 2218 1107 2250 affectatio
1134 2218 1364 2259 produxisset,
1391 2216 1454 2246 nisi
1482 2216 1584 2255 poeta
1600 2219 1636 2246 et

932 2270 1126 2300 institutum
1159 2269 1248 2299 istud
1280 2277 1351 2298 esse
1388 2276 1496 2306 suum,
1523 2270 1558 2297 et
1588 2265 1637 2297 ita

935 2320 1107 2360 postulare
1146 2320 1310 2350 rationem
1343 2317 1516 2355 carminis,
1549 2325 1636 2355 prae-

935 2370 1085 2401 dixisset.

978 2422 1039 2450 347
1075 2415 1279 2458 Dryantidoe]
1318 2417 1506 2455 Lycurgum
1536 2413 1636 2445 iutel-

935 2472 1013 2510 lige,
1044 2469 1208 2508 Dryantis
1239 2467 1356 2505 filiuni,
1389 2465 1481 2505 (uam
1521 2465 1636 2505 plures

935 2520 1099 2556 fuerunt‚)
1117 2519 1171 2558 qui
1195 2517 1322 2547 insania
1342 2527 1358 2545 a
1377 2516 1498 2546 Libero
1515 2515 1635 2555 fugato

934 2570 1090 2606 immissa,
1107 2578 1182 2598 cum
1209 2571 1292 2597 vites
1319 2566 1479 2597 excidere
1496 2571 1637 2598 conatus

935 2624 1038 2656 esset,
1066 2617 1130 2647 sibi
1156 2626 1256 2646 unum
1276 2616 1397 2656 pedem
1425 2616 1636 2656 amputavit3

936 2667 1155 2709 quamobrem
1183 2666 1284 2696 etiam
1306 2665 1477 2706 disparem
1506 2666 1637 2697 cultum

938 2718 970 2748 in
985 2716 1071 2759 pede
1088 2715 1222 2758 gemino
1241 2715 1332 2747 Naso
1348 2714 1450 2747 fuisse
1465 2714 1562 2747 dicit.
