1877 3193
211 162 327 204 2776
699 177 738 205 ι’.
770 175 928 205 ovum
963 174 1176 206 NAsoms

210 268 282 310 Tu
300 282 487 324 quoquc,
508 270 614 324 quid
637 270 818 311 dubitas
837 271 998 311 ferales
1020 283 1191 312 sumere
1212 271 1347 312 vittas
1360 273 1379 312 ’ἒ

266 335 298 377 J
301 349 373 377 am
394 340 493 386 stat,
514 341 561 376 ut
580 338 676 390 ipse
699 337 839 386 vides,
862 337 1026 377 funeris
1047 350 1124 378 ara
1140 339 1221 378 tui.

213 402 387 457 Pompa
408 410 561 456 parata
582 405 661 444 tibi
684 410 776 445 est:
807 405 918 445 votis
939 418 1060 445 mora
1081 405 1278 446 tristibus
1298 404 1427 446 absit.

270 469 560 523 Dajugulum
583 471 749 520 cultris,
771 472 915 511 hostia
938 472 1047 521 dira,
1070 472 1197 512 meis.

212 535 347 576 Terra
366 537 445 576 tibi
466 536 628 588 fruges,
649 537 788 577 amnis
809 539 887 577 tibi
911 538 1097 588 deneget
1120 538 1256 579 undas
1275 552 1284 579 :

272 603 470 655 Deneget
489 603 661 644 afflatus
684 609 836 643 ventus
859 609 901 644 et
919 618 1024 644 aura
1046 618 1166 645 suos.

215 668 310 710 Nec
333 669 411 709 tibi
432 669 507 709 Sol
527 671 685 718 clarus,
707 682 790 710 nce
809 671 867 710 sit
889 671 968 710 tibi
987 671 1136 710 lucida
1158 671 1352 724 Phoebe3

273 736 528 777 Destituant
547 737 700 776 oculos
722 736 868 776 sidera
888 741 1046 777 cuncta
1066 741 1180 776 tuos.

218 802 317 843 Nec
337 814 383 842 Se
402 802 646 852 Vulcanus,
666 816 747 842 nec
768 816 814 842 se
835 803 915 843 tibi
936 804 1130 856 praebeat
1150 801 1224 843 a'er
1241 816 1255 853 ;

273 868 370 909 Nec
391 869 471 910 tibi
493 869 567 909 det
585 870 727 920 tellus,
750 883 827 911 nec
849 871 928 912 tibi
948 875 1109 924 pontus
1131 870 1227 911 iter.

1582 405 1667 445 105

1583 737 1667 778 110

214 1012 315 1039 restra
331 1019 467 1049 corpora.
515 1011 560 1041 Τιι
575 1011 670 1041 etiam
685 1012 760 1051 quid
781 1013 892 1055 differs
914 1023 1020 1054 capere
1043 1013 1139 1044 vittas
1155 1009 1324 1051 lugubres?
1367 1012 1441 1043 Jam
1453 1014 1598 1051 paratum
1613 1015 1671 1049 est,

217 1052 263 1081 uti
280 1052 342 1091 ipse
357 1053 468 1091 cernis,
495 1054 595 1083 altare
621 1055 703 1084 necis
725 1059 796 1086 tuce.
843 1057 961 1096 Pompa
987 1060 1032 1086 est
1059 1056 1117 1086 tibi
1143 1057 1317 1091 adommim
1339 1055 1444 1094 procul
1458 1054 1500 1084 sit
1517 1054 1671 1085 cunctatio

215 1095 363 1124 feralibus
372 1095 535 1134 precibus:
556 1096 683 1127 victima
713 1100 885 1128 execranda
909 1099 1012 1139 prcebe
1030 1098 1179 1136 Jugulum
1202 1098 1277 1127 meis
1291 1097 1413 1127 cultris.
1462 1097 1561 1126 Tellus
1576 1099 1606 1126 te
1621 1105 1671 1126 ar-

216 1140 281 1165 «wat
298 1147 315 1165 α
331 1139 396 1166 mis
414 1136 584 1176 fructibuS,
606 1139 727 1179 flumen
753 1140 792 1171 ab
814 1141 877 1170 suis
904 1141 1010 1181 aquis.-
1034 1144 1142 1171 ventus
1167 1143 1198 1170 et
1224 1139 1277 1170 ae'r
1301 1140 1449 1177 denegent
1471 1148 1563 1169 auras
1588 1148 1670 1169 suas.

221 1178 326 1217 Neque
342 1179 396 1209 Sol
410 1179 451 1210 sz‘t
467 1179 525 1210 tibi
538 1191 647 1220 purus,
663 1192 756 1221 neque
784 1183 875 1214 Luna
897 1184 939 1213 sit
961 1183 1019 1214 tibi
1034 1182 1192 1223 splendida
1204 1192 1214 1212 .·
1237 1183 1338 1212 omnia
1349 1184 1434 1211 astra
1448 1181 1589 1212 deserant
1606 1183 1674 1211 tuos

217 1222 325 1252 oeulos.
374 1221 481 1261 Neque
495 1222 592 1262 ignis,
612 1233 705 1263 neque
719 1225 814 1256 a'e’rse
830 1227 880 1256 det
896 1225 965 1256 tibi.
1011 1226 1120 1266 Neque
1135 1228 1231 1264 terra,
1255 1234 1349 1265 neque
1364 1232 1449 1254 mare
1465 1223 1523 1254 tibi
1535 1223 1672 1263 proebeut

825 1315 1061 1327 eeeeeeeeeeee

220 1380 337 1419 legunt
350 1380 394 1409 Et
402 1381 576 1420 pulloerest.
595 1380 679 1411 Mox
691 1381 861 1411 unusPat.
871 1384 993 1420 pectora
1002 1384 1122 1417 τρεῖν-ιω
1138 1380 1255 1411 Heius.
1267 1379 1546 1418 malebatcorpora
1553 1381 1671 1409 moesta.

218 1424 324 1452 —103
343 1421 412 1451 Pro
426 1423 535 1458 vittas,
548 1432 654 1461 poenas
670 1423 735 1452 Ms.
750 1423 971 1452 Bersmanni:
997 1425 1095 1452 toedus
1112 1432 1196 1452 unus
1212 1421 1401 1451 Vaticanus
1419 1427 1453 1451 ct
1468 1422 1612 1461 Regius3
1638 1427 1674 1452 et

220 1465 266 1493 ita
282 1464 443 1494 Zarottus
458 1464 581 1502 legisse
599 1464 757 1493 videtur:
783 1467 881 1493 vestes
896 1468 986 1495 oct0.
1015 1464 1024 1479 ‘
1036 1464 1162 1493 Taedae'
1178 1472 1245 1493 non
1262 1464 1350 1492 male
1363 1464 1372 1479 ¹
1385 1462 1621 1500 arae‘funeris‚’
1636 1463 1671 1493 id

220 1511 271 1535 est
286 1514 379 1544 rogo,
394 1505 626 1536 convenirent.
651 1505 775 1544 Inepte
792 1504 961 1535 Domitius
977 1514 1063 1535 aram
1079 1514 1216 1535 carmen
1232 1505 1488 1543 interpretatur,
1503 1509 1538 1534 et
1555 1505 1673 1535 Zarot-

222 1553 275 1578 tus
294 1547 336 1577 ab
353 1546 457 1586 ἄρωμα
474 1547 618 1586 derivat,
643 1552 681 1578 ut
707 1548 751 1577 sit
779 1547 1000 1587 imprecatio:
1025 1547 1084 1577 sed
1101 1547 1153 1577 hic
1174 1556 1231 1576 ura
1248 1551 1313 1583 est,
1331 1546 1372 1576 ad
1389 1555 1486 1587 qnam
1499 1547 1674 1586 jugulare·

222 1596 289 1627 tur,
316 1590 370 1620 cui
395 1591 498 1620 vittas
514 1595 610 1620 recte
626 1590 806 1620 convenire
823 1594 920 1620 notat
936 1590 1066 1620 Bersm.
1084 1598 1126 1620 ex
1142 1589 1213 1620 AEn.
1230 1597 1269 1620 ιι.
1289 1592 1360 1619 155.
1378 1590 1386 1605 ‘
1406 1598 1463 1618 vos
1480 1598 1548 1619 arae
1563 1597 1674 1619 enses-

221 1642 284 1672 que
312 1633 477 1671 Deorum,
502 1632 596 1664 Quos
623 1631 708 1672 fugi,
733 1632 896 1673 vittaeque
925 1633 1050 1672 Deum,
1068 1642 1148 1672 quas
1175 1630 1286 1661 hostia
1309 1630 1416 1670 gessi.'
1464 1631 1551 1661 Aras
1570 1631 1674 1661 etiam

220 1674 439 1714 sepulcrale&
465 1679 500 1704 et
529 1675 671 1713 rogales,
693 1684 767 1714 quae
801 1675 835 1704 in
861 1674 1038 1705 funeribus
1066 1674 1299 1713 erigebantur,
1327 1683 1347 1703 a
1373 1672 1482 1713 poetis
1508 1673 1674 1704 celebrari

221 1721 348 1747 notum.
371 1716 459 1746 Vide
475 1716 515 1746 ad
533 1716 609 1746 Val.
624 1717 716 1747 Flac.
734 1725 766 1746 v.
785 1720 836 1747 10.
861 1717 1078 1747 Burm.—105
1105 1717 1182 1746 Pet.
1199 1721 1234 1746 et
1251 1716 1336 1746 alius
1350 1719 1474 1755 peracta
1488 1725 1549 1755 pro
1562 1719 1676 1755 parata

223 1759 353 1789 solenni
369 1759 679 1789 mutatione.—106
701 1759 789 1790 Mor.
813 1759 891 1789 host.
914 1760 992 1789 (lura
1014 1759 1206 1789 meis.--107
1231 1758 1271 1789 In
1298 1759 1353 1789 Fr.
1375 1762 1449 1788 erat
1467 1759 1562 1796 frug.
1584 1761 1677 1797 potus

223 1806 245 1831 t.
272 1803 302 1832 d.
328 1802 446 1837 undas;
468 1805 502 1832 et
526 1810 611 1831 unus
637 1801 756 1831 Heius.
776 1805 889 1841 pontus
916 1805 940 1832 t.
969 1803 998 1832 d.
1025 1803 1132 1832 undas.
1170 1800 1271 1831 Alter
1286 1800 1329 1831 R.
1351 1800 1489 1831 exhibet
1504 1801 1675 1831 undam.—

226 1847 285 1873 108
300 1843 392 1874 Idem
405 1844 446 1874 R.
463 1844 506 1874 Ut
517 1847 609 1882 neget
624 1844 687 1884 affl.
700 1854 729 1874 ν.
739 1846 769 1874 et
784 1854 814 1874 α.
828 1847 915 1875 tuos:
932 1853 1017 1874 unus
1031 1844 1135 1874 etiam
1152 1843 1271 1873 Heius.
1287 1853 1315 1873 a.
1326 1842 1675 1873 tibi.-109Vincent.

226 1886 522 1917 Bellovacensisin
538 1886 684 1925 Speculo
711 1886 889 1917 Historiali
913 1892 948 1917 et
970 1887 1050 1917 item
1075 1887 1108 1916 in
1134 1885 1330 1916 Doetrinali
1355 1884 1440 1915 citat
1466 1885 1522 1916 Soc
1543 1883 1673 1922 calidus,

223 1932 394 1960 neta-110
416 1929 552 1960 Lumina
565 1929 651 1961 clara
665 1938 750 1960 unus
766 1928 886 1961 Heius.
910 1929 966 1970 qui
988 1929 1090 1960 etiam
1108 1927 1248 1969 praefert
1263 1928 1366 1959 sidera
1379 1929 1605 1960 cmzcta.—111
1630 1925 1674 1957 R.

881 2040 1020 2073 NOTAE

229 2116 382 2155 Namque
407 2115 463 2147 hic
484 2125 583 2147 verus
609 2119 661 2146 est
684 2124 799 2147 sensus
822 2115 923 2156 hujus

227 2164 390 2194 formulae.

271 2216 329 2243 101
354 2211 481 2250 Loevis]
494 2212 643 2243 Sinistris
659 2217 695 2244 et
711 2214 881 2246 ominosis.

272 2266 332 2294 102
367 2261 497 2301 Nigroe]
550 2262 681 2302 Utpote
712 2263 745 2293 in
775 2272 810 2293 re
842 2263 922 2294 tali:

229 2321 369 2353 namque
393 2310 571 2342 infernalia
585 2320 681 2340 sacra
697 2320 717 2340 a
739 2312 923 2342 sacerdoti-

229 2367 288 2394 bus
319 2362 409 2403 pulla
437 2365 531 2392 veste
562 2359 689 2391 indutis
723 2361 853 2401 peragi,
881 2360 923 2390 ad

227 2413 433 2444 Umbrarum
447 2410 709 2453 similitudinem,
723 2411 865 2453 scilicet,
881 2420 924 2442 ex

228 2469 352 2497 decoro
368 2465 444 2496 fuit.

273 2520 332 2547 105
358 2515 419 2554 Tu]
455 2514 533 2546 Ibin
548 2514 729 2555 alloquitur
752 2513 924 2545 victimam

229 2565 382 2597 omnibus
391 2564 488 2595 malis
504 2563 733 2595 cruciandam.

275 2614 415 2655 ferales]
432 2614 619 2654 Lugubres,
631 2624 772 2655 quaeque
789 2614 924 2655 insuper

230 2664 402 2695 vii-timam
418 2664 492 2697 Diis
515 2663 632 2696 inferis
647 2664 859 2697 mactandam
875 2673 925 2697 or-

231 2718 362 2746 natent.

1023 2118 1083 2147 104
1106 2114 1188 2155 Ara]
1230 2115 1283 2146 De
1301 2114 1456 2155 poemate
1479 2124 1538 2146 suo
1554 2114 1677 2146 intelli-

980 2166 1042 2206 git,
1066 2166 1155 2207 quod
1184 2175 1224 2197 eo
1251 2165 1448 2204 deductum,
1472 2169 1510 2195 ut
1529 2165 1676 2196 cultrum

979 2214 1219 2255 Ibidisjugulo
1235 2214 1497 2254 immitterejam
1508 2213 1675 2244 videatur.

1023 2268 1082 2295 105
1108 2264 1238 2304 Pompa]
1269 2264 1466 2303 Apparatus
1492 2270 1676 2301 sacrorum,

978 2314 1034 2353 qui
1051 2323 1129 2343 sane
1146 2323 1187 2344 ex
1207 2311 1479 2353 praecedentibus
1497 2315 1549 2340 est
1574 2311 1676 2352 insig-

976 2372 1038 2393 ms.

1024 2411 1192 2452 Tristibus]
1222 2411 1306 2442 Qum
1323 2414 1370 2449 te,
1383 2408 1466 2449 Ibis,
1479 2408 1595 2450 quovis
1608 2408 1677 2441 affi-

978 2462 1071 2493 ciant
1087 2461 1280 2492 infortunio.

1021 2516 1080 2544 107
1109 2511 1220 2550 Terra]
1260 2511 1337 2542 ,lam
1364 2510 1452 2541 male
1478 2510 1612 2551 precari
1640 2509 1675 2541 in

977 2564 1054 2595 Ibin
1070 2563 1191 2602 incipit
1210 2561 1312 2592 Naso.

1022 2616 1083 2645 100
1105 2611 1267 2652 Vulcanus]
1292 2612 1360 2644 Pro
1377 2609 1464 2656 igne.
1487 2611 1676 2653 Metouym.

979 2667 1042 2695 est.
