1863 3193
240 161 354 204 2338
728 169 768 200 P.
799 167 958 198 ovmn
991 164 1204 197 NAsoms

241 267 357 322 Spes
376 267 504 320 igitur
524 268 735 319 superest,
756 264 971 305 facturum
992 265 1042 302 ut
1061 260 1230 301 molliat
1255 258 1352 312 ipse

299 333 461 375 Mutati
481 345 657 387 poenam
679 330 930 371 conditione
950 329 1051 370 loci.

242 400 377 442 Hunc
396 401 560 442 utinam
580 397 708 439 nitidi
728 397 843 439 Solis
864 396 1134 451 praenuntius
1156 397 1295 435 ortum
1641 390 1696 431 55

299 466 471 509 Afferat
491 467 685 507 admisso
707 464 884 505 Lucifer
907 464 1032 505 albus
1053 475 1182 517 equo.

239 584 326 607 error
333 575 417 613 facit
431 577 550 614 partem
560 577 673 604 nostra>
685 573 792 612 culpoe.
839 573 948 612 Itaque
962 582 1030 612 spes
1044 574 1154 609 restat,
1172 570 1265 600 illum
1283 569 1458 606 facturum,
1473 571 1505 598 ut
1522 566 1586 607 ipse
1601 567 1697 598 leniat

237 627 360 658 poenam
385 627 494 648 meam
509 620 590 647 sorte
606 616 663 646 loci
678 616 803 646 mutati.
854 615 982 646 Utinam
997 614 1144 646 candidus
1159 612 1287 650 Lucifer
1307 611 1504 652 praenuntius
1526 611 1601 651 puri
1616 609 1697 641 Solis

241 660 372 691 advehet
386 660 464 691 hunc
478 659 560 690 diem
575 668 648 698 equo
664 658 827 688 concitato.

852 744 1089 756 eeeeeeeeeeee

242 801 350 833 Codd.
368 811 429 841 pro
452 801 617 839 facturum
632 798 718 839 legit
738 797 900 836 fatorum:
924 799 993 829 Ha.
1009 802 1043 829 ut
1056 802 1190 829 nostram
1205 799 1288 829 moll.
1313 796 1515 828 Combianus
1542 806 1602 836 pro
1627 804 1697 828 var.

241 845 324 875 lect.
343 843 500 882 futurum,
518 847 556 873 ut
579 846 614 873 et
630 841 763 883 quidam
787 841 868 880 alii3
892 841 979 872 unde
1007 841 1128 872 Heius.
1156 841 1283 875 scribit,
1300 843 1333 869 ut
1352 840 1431 869 moll.
1456 839 1533 877 ipse,
1549 838 1698 876 futurum

243 887 330 917 ,Mun
354 888 405 925 ὅγε.
448 885 633 924 Vulgatum
657 894 723 915 non
749 883 882 914 omnino
909 883 1066 922 displicet
1084 884 1195 913 Burm.
1210 882 1266 923 qui
1280 885 1392 912 tamen
1408 881 1524 911 mallet
1540 881 1603 912 hoc
1628 890 1698 911 mo-

242 929 286 958 do
315 927 484 958 distichon
511 927 743 957 constituere:
764 926 841 966 Spes
863 927 885 956 i.
906 936 931 956 s.
958 929 992 956 ut
1006 927 1116 956 duram
1131 925 1247 956 molliat
1263 925 1327 964 ipse
1342 924 1471 954 Mutata
1488 922 1556 962 [vel
1570 923 1699 963 mutati]

236 980 315 1009 poen.
330 980 355 1000 c.
372 970 479 1000 l.-—55
493 969 548 1000 Sic
565 969 685 1000 Heius.
697 979 744 1001 vs.
760 968 899 1009 refingit
913 979 920 1000 ι
936 972 1081 1010 quatuor
1098 967 1219 1008 scripti
1234 967 1314 998 Hoec
1325 976 1389 1007 pro
1401 966 1517 1003 Hunc,·
1535 965 1592 996 alii
1606 966 1697 1002 Hoc,-

243 1022 328 1043 unus
344 1013 425 1043 Nos.

905 1073 1043 1106 NOTAE

244 1137 358 1168 centia
373 1136 562 1177 scripsisse.
1040 1140 1080 1167 55
1106 1135 1217 1176 Hunc]
1241 1135 1356 1175 Diem,
1381 1145 1446 1176 quo
1470 1138 1699 1176 poena-mute-

287 1190 327 1217 54
350 1186 440 1226 Loci]
463 1187 553 1218 Nam
574 1186 696 1217 Tomos
722 1185 943 1217 aversabatur
998 1190 1063 1217 tur.
1088 1187 1223 1224 Ortum,
1241 1196 1300 1227 pro
1318 1186 1372 1217 die
1389 1187 1521 1218 oriente
1537 1191 1596 1218 aut
1611 1186 1699 1218 Solis

245 1237 368 1277 Poeta,
385 1242 444 1269 aut
459 1238 606 1268 aversari
631 1237 824 1274 simulabat,
840 1240 879 1267 ut
894 1236 943 1267 ita
997 1240 1119 1268 exortu
1137 1237 1262 1275 posuit.

245 1287 286 1318 de
300 1288 413 1320 reditu
427 1287 559 1320 facilius
572 1297 759 1320 sermonem
772 1286 942 1329 injiceret.
1040 1288 1081 1317 56
1103 1285 1215 1326 Albus]
1237 1285 1403 1327 Adeoque
1418 1287 1497 1319 boni
1513 1287 1644 1319 ominis.

743 1659 1071 1709 ELEGIA
1125 1661 1218 1708 VI.

801 1815 1165 1850 ARGUMENTUM.

248 1911 327 1943 HAc
344 1912 445 1944 etiam
459 1912 570 1954 elegia
586 1912 685 1944 amici
711 1912 813 1946 fidem
835 1914 953 1946 laudat
976 1915 1130 1954 Ovidius,
1146 1925 1244 1956 quam
1272 1916 1374 1948 etiam
1397 1916 1423 1947 si
1448 1916 1541 1956 velit,
1558 1917 1694 1948 minime

287 1966 499 1998 dissimulare
515 1975 614 2007 posse
629 1966 782 1999 ostendit
797 1969 923 2009 z‘cujus
940 1969 1079 2000 consilio
1096 1969 1123 1999 si
1140 1979 1218 2001 usus
1231 1968 1363 2009 fuisset,
1377 1969 1506 2000 fatetur
1522 1979 1557 2001 se
1571 1971 1696 2002 incolu-

287 2028 375 2050 mem
391 2029 525 2060 semper
539 2029 612 2051 esse
636 2021 802 2061 potuisse.
825 2022 969 2053 Demum
989 2023 1083 2054 illum
1098 2026 1270 2063 precatur,
1285 2027 1322 2054 ut
1336 2024 1365 2053 ci
1382 2023 1570 2064 Augustum
1587 2024 1697 2055 mitio-

287 2081 357 2103 rem
374 2072 508 2112 reddat,
525 2083 590 2113 quo
608 2074 635 2104 is
657 2073 723 2105 sibi
738 2075 832 2106 exilii
849 2075 960 2106 locum
982 2079 1110 2107 mutet:
1136 2075 1407 2117 quandoquidem
1423 2077 1506 2107 nuili
1523 2077 1644 2108 sceleri
1660 2086 1696 2108 se

289 2124 470 2156 obnoxium
488 2134 562 2156 esse
578 2126 676 2156 sciat.

245 2217 441 2274 FOEDUS
464 2234 669 2275 amicitiae
689 2248 766 2276 nec
787 2236 869 2285 vis,
892 2236 1131 2286 carissime,
1155 2242 1332 2288 nostrae,

304 2300 415 2350 Nec,
436 2301 473 2341 si
495 2302 602 2341 sorte
625 2303 746 2352 velis,
767 2303 1044 2344 dissimulare
1065 2308 1203 2357 potes.

245 2368 399 2408 Donec
421 2369 532 2408 enim
555 2369 690 2418 licuit,
711 2382 789 2409 nec
811 2374 852 2409 te
876 2370 979 2410 mihi
1004 2372 1145 2411 carior
1165 2372 1287 2421 alter,

306 2432 406 2475 Nec
423 2435 502 2475 tibi
524 2448 592 2475 me
612 2438 703 2476 tota
716 2436 910 2489 junctior
927 2437 1047 2478 Urbe
1067 2438 1162 2481 fuit.

289 2544 396 2583 Neque
411 2545 506 2584 cupis,
520 2545 729 2583 dilectissime,
755 2556 849 2585 neque
863 2547 889 2575 εἰ
909 2546 997 2583 forte
1021 2546 1136 2586 cupiam,
1151 2550 1237 2587 potes
1252 2547 1445 2578 dissimulare
1461 2549 1566 2584 fredus
1579 2554 1692 2582 nostrae

243 2586 400 2618 amicilioe.
448 2586 604 2621 Quamdiu
617 2588 697 2618 enim
712 2598 882 2619 concessum
897 2592 955 2626 est,
974 2599 1067 2629 neque
1083 2590 1238 2626 ‹diusfuit
1256 2590 1332 2621 mihi
1348 2592 1447 2630 magis
1460 2592 1588 2624 dilectus
1601 2603 1692 2634 quam

1067 2672 1084 2682 o

289 2726 304 2753 1
330 2722 504 2765 Monotes,
530 2728 619 2756 teste
637 2726 756 2760 Heius.
771 2737 847 2766 nec;
870 2728 926 2760 alii
941 2731 1072 2760 nom—4
1097 2728 1192 2760 Unus
1207 2728 1294 2760 liber
1319 2729 1422 2760 notior
1444 2739 1505 2771 pro
1524 2729 1688 2768 junctior.-
