<?xml version="1.0" encoding="UTF-8"?>
<!DOCTYPE html PUBLIC "-//W3C//DTD XHTML 1.0 Transitional//EN"
    "http://www.w3.org/TR/xhtml1/DTD/xhtml1-transitional.dtd">
<html xmlns="http://www.w3.org/1999/xhtml" xml:lang="en" lang="en">
 <head>
  <title>
</title>
<meta http-equiv="Content-Type" content="text/html;charset=utf-8" />
  <meta name='ocr-system' content='tesseract 3.04.00' />
  <meta name='ocr-capabilities' content='ocr_page ocr_carea ocr_par ocr_line ocrx_word'/>
</head>
<body>
  <div class='ocr_page' id='page_1' title='image "./operaomniaexedit05oviduoft/operaomniaexedit05oviduoft_0604.png"; bbox 0 0 1877 3193; ppageno 0'>
   <div class='ocr_carea' id='block_1_1' title="bbox 217 178 1193 222">
    <p class='ocr_par' dir='ltr' id='par_1_1' title="bbox 217 178 1193 222">
     <span class='ocr_line' id='line_1_1' title="bbox 217 178 1193 222; baseline 0.001 -1"><span class='ocrx_word' id='word_1_1' title='bbox 217 178 333 222; x_wconf 77' lang='lat'>2796</span> <span class='ocrx_word' id='word_1_2' title='bbox 712 192 754 222; x_wconf 87' lang='lat' dir='ltr'>P.</span> <span class='ocrx_word' id='word_1_3' title='bbox 786 191 944 222; x_wconf 83' lang='lat' dir='ltr'>ov1nn</span> <span class='ocrx_word' id='word_1_4' title='bbox 978 190 1193 222; x_wconf 72' lang='lat' dir='ltr'>NAsouis</span> 
     </span>
    </p>
   </div>
   <div class='ocr_carea' id='block_1_2' title="bbox 219 286 1411 406">
    <p class='ocr_par' dir='ltr' id='par_1_2' title="bbox 219 286 1411 406">
     <span class='ocr_line' id='line_1_2' title="bbox 219 286 1411 342; baseline 0.001 -14"><span class='ocrx_word' id='word_1_5' title='bbox 219 286 369 341; x_wconf 87' lang='lat' dir='ltr'>thue</span> <span class='ocrx_word' id='word_1_6' title='bbox 387 286 456 329; x_wconf 87' lang='lat' dir='ltr'>vel</span> <span class='ocrx_word' id='word_1_7' title='bbox 476 286 750 341; x_wconf 74' lang='lat' dir='ltr'><strong>Eurydamas</strong></span> <span class='ocrx_word' id='word_1_8' title='bbox 769 291 832 327; x_wconf 92' lang='lat' dir='ltr'>ter</span> <span class='ocrx_word' id='word_1_9' title='bbox 853 286 1012 327; x_wconf 87' lang='lat' dir='ltr'>circum</span> <span class='ocrx_word' id='word_1_10' title='bbox 1034 287 1167 328; x_wconf 77' lang='lat' dir='ltr'>busta</span> <span class='ocrx_word' id='word_1_11' title='bbox 1184 286 1411 342; x_wconf 82' lang='lat' dir='ltr'><strong>Thrasylli</strong></span> 
     </span>
     <span class='ocr_line' id='line_1_3' title="bbox 276 353 1158 406; baseline -0.002 -10"><span class='ocrx_word' id='word_1_12' title='bbox 276 354 356 396; x_wconf 86' lang='lat' dir='ltr'>Est</span> <span class='ocrx_word' id='word_1_13' title='bbox 375 354 608 394; x_wconf 84' lang='lat' dir='ltr'>Larissaeis</span> <span class='ocrx_word' id='word_1_14' title='bbox 627 358 780 406; x_wconf 84' lang='lat' dir='ltr'>raptus</span> <span class='ocrx_word' id='word_1_15' title='bbox 802 355 857 394; x_wconf 87' lang='lat' dir='ltr'>ab</span> <span class='ocrx_word' id='word_1_16' title='bbox 878 353 1003 394; x_wconf 85' lang='lat' dir='ltr'>hoste</span> <span class='ocrx_word' id='word_1_17' title='bbox 1023 354 1131 394; x_wconf 84' lang='lat' dir='ltr'>rotis</span> <span class='ocrx_word' id='word_1_18' title='bbox 1148 368 1158 405; x_wconf 91' lang='lat'>;</span> 
     </span>
    </p>
   </div>
   <div class='ocr_carea' id='block_1_3' title="bbox 219 420 1680 541">
    <p class='ocr_par' dir='ltr' id='par_1_3' title="bbox 219 420 1680 541">
     <span class='ocr_line' id='line_1_4' title="bbox 219 420 1680 475; baseline 0.001 -13"><span class='ocrx_word' id='word_1_19' title='bbox 219 420 305 462; x_wconf 89' lang='lat' dir='ltr'>Vel</span> <span class='ocrx_word' id='word_1_20' title='bbox 327 423 415 474; x_wconf 90' lang='lat' dir='ltr'>qui,</span> <span class='ocrx_word' id='word_1_21' title='bbox 437 433 535 473; x_wconf 80' lang='lat' dir='ltr'>quae</span> <span class='ocrx_word' id='word_1_22' title='bbox 557 420 697 461; x_wconf 83' lang='lat' dir='ltr'>fuerat</span> <span class='ocrx_word' id='word_1_23' title='bbox 718 423 885 461; x_wconf 80' lang='lat' dir='ltr'>tutatus</span> <span class='ocrx_word' id='word_1_24' title='bbox 906 422 1070 461; x_wconf 82' lang='lat' dir='ltr'>moenia</span> <span class='ocrx_word' id='word_1_25' title='bbox 1091 434 1229 475; x_wconf 84' lang='lat' dir='ltr'>saepe,</span> <span class='ocrx_word' id='word_1_26' title='bbox 1592 422 1680 465; x_wconf 80' lang='lat'>335</span> 
     </span>
     <span class='ocr_line' id='line_1_5' title="bbox 277 484 1149 541; baseline 0 -12"><span class='ocrx_word' id='word_1_27' title='bbox 277 487 472 541; x_wconf 82' lang='lat' dir='ltr'>Corpore</span> <span class='ocrx_word' id='word_1_28' title='bbox 490 488 688 528; x_wconf 85' lang='lat' dir='ltr'>lustravit</span> <span class='ocrx_word' id='word_1_29' title='bbox 708 484 792 527; x_wconf 83' lang='lat' dir='ltr'>non</span> <span class='ocrx_word' id='word_1_30' title='bbox 815 488 1018 529; x_wconf 83' lang='lat' dir='ltr'>diuturna</span> <span class='ocrx_word' id='word_1_31' title='bbox 1040 502 1122 529; x_wconf 86' lang='lat' dir='ltr'>suo</span> <span class='ocrx_word' id='word_1_32' title='bbox 1141 503 1149 530; x_wconf 91' lang='lat'>:</span> 
     </span>
    </p>
   </div>
   <div class='ocr_carea' id='block_1_4' title="bbox 219 555 1683 810">
    <p class='ocr_par' dir='ltr' id='par_1_4' title="bbox 219 555 1683 810">
     <span class='ocr_line' id='line_1_6' title="bbox 219 555 1419 610; baseline 0.002 -14"><span class='ocrx_word' id='word_1_33' title='bbox 219 555 366 609; x_wconf 89' lang='lat' dir='ltr'>thue</span> <span class='ocrx_word' id='word_1_34' title='bbox 387 568 546 595; x_wconf 83' lang='lat' dir='ltr'>novum</span> <span class='ocrx_word' id='word_1_35' title='bbox 568 568 703 607; x_wconf 83' lang='lat' dir='ltr'>passa</span> <span class='ocrx_word' id='word_1_36' title='bbox 722 568 859 607; x_wconf 85' lang='lat' dir='ltr'>genus</span> <span class='ocrx_word' id='word_1_37' title='bbox 882 555 1238 608; x_wconf 77' lang='lat' dir='ltr'>Hippomeneide</span> <span class='ocrx_word' id='word_1_38' title='bbox 1259 569 1419 610; x_wconf 87' lang='lat' dir='ltr'>poenae,</span> 
     </span>
     <span class='ocr_line' id='line_1_7' title="bbox 276 620 1225 663; baseline 0 0"><span class='ocrx_word' id='word_1_39' title='bbox 276 623 463 663; x_wconf 83' lang='lat' dir='ltr'><strong>Tractus</strong></span> <span class='ocrx_word' id='word_1_40' title='bbox 486 623 530 661; x_wconf 91' lang='lat' dir='ltr'>in</span> <span class='ocrx_word' id='word_1_41' title='bbox 552 620 713 661; x_wconf 79' lang='lat' dir='ltr'>Actaea</span> <span class='ocrx_word' id='word_1_42' title='bbox 731 622 863 661; x_wconf 87' lang='lat' dir='ltr'>fertur</span> <span class='ocrx_word' id='word_1_43' title='bbox 885 622 1052 662; x_wconf 79' lang='lat' dir='ltr'>adulter</span> <span class='ocrx_word' id='word_1_44' title='bbox 1070 623 1225 663; x_wconf 90' lang='lat' dir='ltr'>humo:</span> 
     </span>
     <span class='ocr_line' id='line_1_8' title="bbox 221 689 1200 741; baseline -0.001 -12"><span class='ocrx_word' id='word_1_45' title='bbox 221 689 312 737; x_wconf 84' lang='lat' dir='ltr'>Sic,</span> <span class='ocrx_word' id='word_1_46' title='bbox 333 690 407 729; x_wconf 88' lang='lat' dir='ltr'>ubi</span> <span class='ocrx_word' id='word_1_47' title='bbox 429 690 519 728; x_wconf 84' lang='lat' dir='ltr'>vita</span> <span class='ocrx_word' id='word_1_48' title='bbox 540 694 640 729; x_wconf 87' lang='lat' dir='ltr'>tuos</span> <span class='ocrx_word' id='word_1_49' title='bbox 660 689 805 729; x_wconf 82' lang='lat' dir='ltr'>invisa</span> <span class='ocrx_word' id='word_1_50' title='bbox 825 689 1050 741; x_wconf 83' lang='lat' dir='ltr'>reliquerit</span> <span class='ocrx_word' id='word_1_51' title='bbox 1067 693 1200 739; x_wconf 87' lang='lat' dir='ltr'>artus,</span> 
     </span>
     <span class='ocr_line' id='line_1_9' title="bbox 278 755 1683 810; baseline 0.002 -14"><span class='ocrx_word' id='word_1_52' title='bbox 278 755 458 796; x_wconf 85' lang='lat' dir='ltr'>Ultores</span> <span class='ocrx_word' id='word_1_53' title='bbox 478 756 649 808; x_wconf 81' lang='lat' dir='ltr'><strong>rapiant</strong></span> <span class='ocrx_word' id='word_1_54' title='bbox 668 760 793 810; x_wconf 87' lang='lat' dir='ltr'>turpe</span> <span class='ocrx_word' id='word_1_55' title='bbox 811 755 1002 796; x_wconf 78' lang='lat' dir='ltr'>cadaver</span> <span class='ocrx_word' id='word_1_56' title='bbox 1022 755 1141 807; x_wconf 88' lang='lat' dir='ltr'>equi.</span> <span class='ocrx_word' id='word_1_57' title='bbox 1596 757 1683 799; x_wconf 76' lang='lat'>340</span> 
     </span>
    </p>
   </div>
   <div class='ocr_carea' id='block_1_5' title="bbox 219 891 1686 1061">
    <p class='ocr_par' dir='ltr' id='par_1_5' title="bbox 219 891 1686 1061">
     <span class='ocr_line' id='line_1_10' title="bbox 221 891 1684 932; baseline 0 -8"><span class='ocrx_word' id='word_1_58' title='bbox 221 894 269 925; x_wconf 75' lang='lat' dir='ltr'>tel</span> <span class='ocrx_word' id='word_1_59' title='bbox 281 896 316 923; x_wconf 80' lang='lat' dir='ltr'>ut</span> <span class='ocrx_word' id='word_1_60' title='bbox 333 892 529 932; x_wconf 77' lang='lat' dir='ltr'>Eurydamas</span> <span class='ocrx_word' id='word_1_61' title='bbox 543 895 588 922; x_wconf 79' lang='lat' dir='ltr'>est</span> <span class='ocrx_word' id='word_1_62' title='bbox 600 896 649 922; x_wconf 82' lang='lat' dir='ltr'>ter</span> <span class='ocrx_word' id='word_1_63' title='bbox 663 895 771 932; x_wconf 78' lang='lat' dir='ltr'>ruptus</span> <span class='ocrx_word' id='word_1_64' title='bbox 782 892 819 922; x_wconf 78' lang='lat' dir='ltr'>ab</span> <span class='ocrx_word' id='word_1_65' title='bbox 836 893 920 923; x_wconf 82' lang='lat' dir='ltr'>hoste</span> <span class='ocrx_word' id='word_1_66' title='bbox 935 893 1049 922; x_wconf 80' lang='lat' dir='ltr'>circum</span> <span class='ocrx_word' id='word_1_67' title='bbox 1064 891 1150 922; x_wconf 77' lang='lat' dir='ltr'>busta</span> <span class='ocrx_word' id='word_1_68' title='bbox 1166 891 1320 932; x_wconf 79' lang='lat' dir='ltr'>Thrasylli</span> <span class='ocrx_word' id='word_1_69' title='bbox 1331 894 1408 922; x_wconf 79' lang='lat' dir='ltr'>rotis</span> <span class='ocrx_word' id='word_1_70' title='bbox 1419 891 1585 925; x_wconf 82' lang='lat' dir='ltr'>Larissaeis</span> <span class='ocrx_word' id='word_1_71' title='bbox 1593 905 1604 931; x_wconf 90' lang='lat'>,·</span> <span class='ocrx_word' id='word_1_72' title='bbox 1627 903 1684 925; x_wconf 73' lang='lat' dir='ltr'>seu,</span> 
     </span>
     <span class='ocr_line' id='line_1_11' title="bbox 222 934 1685 976; baseline 0 -10"><span class='ocrx_word' id='word_1_73' title='bbox 222 936 274 976; x_wconf 83' lang='lat' dir='ltr'>qui</span> <span class='ocrx_word' id='word_1_74' title='bbox 290 935 435 965; x_wconf 68' lang='lat' dir='ltr'>lustravit</span> <span class='ocrx_word' id='word_1_75' title='bbox 450 944 575 974; x_wconf 78' lang='lat' dir='ltr'>corpore</span> <span class='ocrx_word' id='word_1_76' title='bbox 590 945 644 965; x_wconf 79' lang='lat' dir='ltr'>suo</span> <span class='ocrx_word' id='word_1_77' title='bbox 658 945 761 971; x_wconf 77' lang='lat' dir='ltr'>muros</span> <span class='ocrx_word' id='word_1_78' title='bbox 776 946 834 965; x_wconf 83' lang='lat' dir='ltr'>non</span> <span class='ocrx_word' id='word_1_79' title='bbox 857 936 1020 965; x_wconf 75' lang='lat' dir='ltr'>diuturnos</span> <span class='ocrx_word' id='word_1_80' title='bbox 1036 945 1109 974; x_wconf 81' lang='lat' dir='ltr'>quos</span> <span class='ocrx_word' id='word_1_81' title='bbox 1125 934 1329 972; x_wconf 69' lang='lat' dir='ltr'>defenderat,¹</span> <span class='ocrx_word' id='word_1_82' title='bbox 1353 938 1379 965; x_wconf 72' lang='lat' dir='ltr'>et</span> <span class='ocrx_word' id='word_1_83' title='bbox 1398 939 1431 965; x_wconf 81' lang='lat' dir='ltr'>ut</span> <span class='ocrx_word' id='word_1_84' title='bbox 1458 936 1685 976; x_wconf 78' lang='lat' dir='ltr'>Hippomeneia</span> 
     </span>
     <span class='ocr_line' id='line_1_12' title="bbox 219 977 1686 1019; baseline 0 -11"><span class='ocrx_word' id='word_1_85' title='bbox 219 987 311 1018; x_wconf 83' lang='lat' dir='ltr'>passa</span> <span class='ocrx_word' id='word_1_86' title='bbox 327 980 371 1008; x_wconf 82' lang='lat' dir='ltr'>est</span> <span class='ocrx_word' id='word_1_87' title='bbox 386 987 494 1007; x_wconf 76' lang='lat' dir='ltr'>norum</span> <span class='ocrx_word' id='word_1_88' title='bbox 506 987 604 1013; x_wconf 71' lang='lat' dir='ltr'>genus</span> <span class='ocrx_word' id='word_1_89' title='bbox 618 987 726 1017; x_wconf 74' lang='lat' dir='ltr'>poence,</span> <span class='ocrx_word' id='word_1_90' title='bbox 736 979 858 1008; x_wconf 77' lang='lat' dir='ltr'>adulter</span> <span class='ocrx_word' id='word_1_91' title='bbox 873 978 990 1008; x_wconf 78' lang='lat' dir='ltr'>(licitur</span> <span class='ocrx_word' id='word_1_92' title='bbox 999 978 1167 1008; x_wconf 77' lang='lat' dir='ltr'>distractus</span> <span class='ocrx_word' id='word_1_93' title='bbox 1182 977 1213 1007; x_wconf 82' lang='lat' dir='ltr'>in</span> <span class='ocrx_word' id='word_1_94' title='bbox 1227 980 1311 1007; x_wconf 78' lang='lat' dir='ltr'>terra</span> <span class='ocrx_word' id='word_1_95' title='bbox 1322 978 1443 1015; x_wconf 84' lang='lat' dir='ltr'>Actoea,</span> <span class='ocrx_word' id='word_1_96' title='bbox 1456 978 1516 1017; x_wconf 79' lang='lat' dir='ltr'>ila,</span> <span class='ocrx_word' id='word_1_97' title='bbox 1524 983 1686 1019; x_wconf 81' lang='lat' dir='ltr'>postquam</span> 
     </span>
     <span class='ocr_line' id='line_1_13' title="bbox 222 1020 1683 1061; baseline 0.001 -10"><span class='ocrx_word' id='word_1_98' title='bbox 222 1021 288 1052; x_wconf 71' lang='lat' dir='ltr'>vita</span> <span class='ocrx_word' id='word_1_99' title='bbox 315 1020 416 1051; x_wconf 79' lang='lat' dir='ltr'>invisa</span> <span class='ocrx_word' id='word_1_100' title='bbox 437 1020 613 1051; x_wconf 76' lang='lat' dir='ltr'>destituerit</span> <span class='ocrx_word' id='word_1_101' title='bbox 640 1020 776 1051; x_wconf 79' lang='lat' dir='ltr'>membra</span> <span class='ocrx_word' id='word_1_102' title='bbox 799 1024 865 1060; x_wconf 83' lang='lat' dir='ltr'>tua,</span> <span class='ocrx_word' id='word_1_103' title='bbox 890 1022 959 1061; x_wconf 77' lang='lat' dir='ltr'>equi</span> <span class='ocrx_word' id='word_1_104' title='bbox 984 1021 1121 1051; x_wconf 78' lang='lat' dir='ltr'>vindices</span> <span class='ocrx_word' id='word_1_105' title='bbox 1145 1020 1321 1060; x_wconf 78' lang='lat' dir='ltr'>discerpant</span> <span class='ocrx_word' id='word_1_106' title='bbox 1348 1020 1517 1052; x_wconf 77' lang='lat' dir='ltr'>obscoenum</span> <span class='ocrx_word' id='word_1_107' title='bbox 1543 1022 1683 1053; x_wconf 76' lang='lat' dir='ltr'>cadaver.</span> 
     </span>
    </p>
   </div>
   <div class='ocr_carea' id='block_1_6' title="bbox 836 1137 1072 1148">
    <p class='ocr_par' dir='ltr' id='par_1_6' title="bbox 836 1137 1072 1148">
     <span class='ocr_line' id='line_1_14' title="bbox 836 1137 1072 1148; baseline 0 -1"><span class='ocrx_word' id='word_1_108' title='bbox 836 1137 1072 1148; x_wconf 63' lang='lat' dir='ltr'>eeeeeeeeeeee</span> 
     </span>
    </p>
   </div>
   <div class='ocr_carea' id='block_1_7' title="bbox 225 1209 1693 1720">
    <p class='ocr_par' dir='ltr' id='par_1_7' title="bbox 225 1209 1693 1720">
     <span class='ocr_line' id='line_1_15' title="bbox 225 1209 1689 1254; baseline 0.002 -12"><span class='ocrx_word' id='word_1_109' title='bbox 225 1209 408 1244; x_wconf 86' lang='lat' dir='ltr'>Petavian.</span> <span class='ocrx_word' id='word_1_110' title='bbox 438 1212 584 1242; x_wconf 69' lang='lat' dir='ltr'>Lei-meus</span> <span class='ocrx_word' id='word_1_111' title='bbox 600 1213 733 1244; x_wconf 86' lang='lat' dir='ltr'>Sarrav.</span> <span class='ocrx_word' id='word_1_112' title='bbox 763 1214 915 1245; x_wconf 79' lang='lat' dir='ltr'>Lennoeus</span> <span class='ocrx_word' id='word_1_113' title='bbox 936 1215 1021 1245; x_wconf 89' lang='lat' dir='ltr'>duo:</span> <span class='ocrx_word' id='word_1_114' title='bbox 1058 1214 1199 1254; x_wconf 78' lang='lat' dir='ltr'>Lepheus</span> <span class='ocrx_word' id='word_1_115' title='bbox 1226 1214 1406 1245; x_wconf 77' lang='lat' dir='ltr'>Octavian.</span> <span class='ocrx_word' id='word_1_116' title='bbox 1453 1213 1591 1245; x_wconf 85' lang='lat' dir='ltr'>Deinde</span> <span class='ocrx_word' id='word_1_117' title='bbox 1616 1223 1689 1254; x_wconf 75' lang='lat' dir='ltr'>seq.</span> 
     </span>
     <span class='ocr_line' id='line_1_16' title="bbox 225 1254 1691 1295; baseline 0.001 -11"><span class='ocrx_word' id='word_1_118' title='bbox 225 1263 275 1284; x_wconf 89' lang='lat' dir='ltr'>vs.</span> <span class='ocrx_word' id='word_1_119' title='bbox 309 1255 420 1284; x_wconf 82' lang='lat' dir='ltr'>Nudus</span> <span class='ocrx_word' id='word_1_120' title='bbox 434 1254 552 1285; x_wconf 74' lang='lat' dir='ltr'>Acinea</span> <span class='ocrx_word' id='word_1_121' title='bbox 569 1256 696 1286; x_wconf 78' lang='lat' dir='ltr'>Moreti</span> <span class='ocrx_word' id='word_1_122' title='bbox 711 1267 717 1286; x_wconf 89' lang='lat'>:</span> <span class='ocrx_word' id='word_1_123' title='bbox 742 1257 908 1287; x_wconf 66' lang='lat' dir='ltr'>Achmmea</span> <span class='ocrx_word' id='word_1_124' title='bbox 926 1267 1009 1287; x_wconf 81' lang='lat' dir='ltr'>unus</span> <span class='ocrx_word' id='word_1_125' title='bbox 1028 1257 1173 1288; x_wconf 77' lang='lat' dir='ltr'>Heinsii.</span> <span class='ocrx_word' id='word_1_126' title='bbox 1221 1257 1346 1287; x_wconf 71' lang='lat' dir='ltr'>Nescio</span> <span class='ocrx_word' id='word_1_127' title='bbox 1364 1266 1455 1295; x_wconf 65' lang='lat' dir='ltr'>vero,</span> <span class='ocrx_word' id='word_1_128' title='bbox 1480 1267 1520 1288; x_wconf 88' lang='lat' dir='ltr'>an</span> <span class='ocrx_word' id='word_1_129' title='bbox 1542 1267 1607 1287; x_wconf 95' lang='lat' dir='ltr'>non</span> <span class='ocrx_word' id='word_1_130' title='bbox 1623 1257 1691 1288; x_wconf 83' lang='lat' dir='ltr'>Mi-</span> 
     </span>
     <span class='ocr_line' id='line_1_17' title="bbox 226 1295 1689 1339; baseline 0.002 -13"><span class='ocrx_word' id='word_1_131' title='bbox 226 1295 392 1326; x_wconf 80' lang='lat' dir='ltr'>thridates</span> <span class='ocrx_word' id='word_1_132' title='bbox 408 1296 463 1326; x_wconf 88' lang='lat' dir='ltr'>hic</span> <span class='ocrx_word' id='word_1_133' title='bbox 480 1297 702 1336; x_wconf 84' lang='lat' dir='ltr'>intelligatur,</span> <span class='ocrx_word' id='word_1_134' title='bbox 726 1299 782 1337; x_wconf 83' lang='lat' dir='ltr'>qui</span> <span class='ocrx_word' id='word_1_135' title='bbox 800 1299 951 1339; x_wconf 75' lang='lat' dir='ltr'>Dionysii</span> <span class='ocrx_word' id='word_1_136' title='bbox 969 1309 1091 1328; x_wconf 88' lang='lat' dir='ltr'>nomen</span> <span class='ocrx_word' id='word_1_137' title='bbox 1109 1299 1211 1329; x_wconf 85' lang='lat' dir='ltr'>etiam</span> <span class='ocrx_word' id='word_1_138' title='bbox 1237 1300 1340 1338; x_wconf 82' lang='lat' dir='ltr'>cepit,</span> <span class='ocrx_word' id='word_1_139' title='bbox 1356 1303 1392 1329; x_wconf 87' lang='lat' dir='ltr'>et</span> <span class='ocrx_word' id='word_1_140' title='bbox 1419 1299 1475 1339; x_wconf 89' lang='lat' dir='ltr'>qui</span> <span class='ocrx_word' id='word_1_141' title='bbox 1503 1299 1545 1329; x_wconf 84' lang='lat' dir='ltr'>ab</span> <span class='ocrx_word' id='word_1_142' title='bbox 1570 1298 1689 1329; x_wconf 83' lang='lat' dir='ltr'>Amas—</span> 
     </span>
     <span class='ocr_line' id='line_1_18' title="bbox 226 1337 1688 1380; baseline 0.001 -12"><span class='ocrx_word' id='word_1_143' title='bbox 226 1337 354 1376; x_wconf 83' lang='lat' dir='ltr'>triacis,</span> <span class='ocrx_word' id='word_1_144' title='bbox 370 1337 403 1367; x_wconf 91' lang='lat' dir='ltr'>id</span> <span class='ocrx_word' id='word_1_145' title='bbox 421 1342 473 1368; x_wconf 88' lang='lat' dir='ltr'>est</span> <span class='ocrx_word' id='word_1_146' title='bbox 490 1338 656 1377; x_wconf 86' lang='lat' dir='ltr'>Ponticis,</span> <span class='ocrx_word' id='word_1_147' title='bbox 673 1339 865 1378; x_wconf 85' lang='lat' dir='ltr'>regionibus</span> <span class='ocrx_word' id='word_1_148' title='bbox 881 1342 914 1380; x_wconf 84' lang='lat' dir='ltr'>(a</span> <span class='ocrx_word' id='word_1_149' title='bbox 933 1346 1030 1379; x_wconf 86' lang='lat' dir='ltr'>parte</span> <span class='ocrx_word' id='word_1_150' title='bbox 1047 1345 1155 1370; x_wconf 85' lang='lat' dir='ltr'>totum</span> <span class='ocrx_word' id='word_1_151' title='bbox 1173 1340 1341 1379; x_wconf 82' lang='lat' dir='ltr'>intellige)</span> <span class='ocrx_word' id='word_1_152' title='bbox 1359 1340 1512 1370; x_wconf 86' lang='lat' dir='ltr'>desertus</span> <span class='ocrx_word' id='word_1_153' title='bbox 1527 1341 1568 1371; x_wconf 86' lang='lat' dir='ltr'>ab</span> <span class='ocrx_word' id='word_1_154' title='bbox 1585 1341 1688 1371; x_wconf 88' lang='lat' dir='ltr'>omni—</span> 
     </span>
     <span class='ocr_line' id='line_1_19' title="bbox 227 1379 1689 1422; baseline 0.003 -13"><span class='ocrx_word' id='word_1_155' title='bbox 227 1379 290 1410; x_wconf 91' lang='lat' dir='ltr'>bus</span> <span class='ocrx_word' id='word_1_156' title='bbox 306 1380 338 1410; x_wconf 94' lang='lat' dir='ltr'>in</span> <span class='ocrx_word' id='word_1_157' title='bbox 356 1380 603 1410; x_wconf 87' lang='lat' dir='ltr'>Chersonesum</span> <span class='ocrx_word' id='word_1_158' title='bbox 621 1386 656 1411; x_wconf 88' lang='lat' dir='ltr'>et</span> <span class='ocrx_word' id='word_1_159' title='bbox 672 1382 862 1420; x_wconf 82' lang='lat' dir='ltr'>Bosporum</span> <span class='ocrx_word' id='word_1_160' title='bbox 881 1383 1100 1412; x_wconf 71' lang='lat' dir='ltr'>Cimmerium</span> <span class='ocrx_word' id='word_1_161' title='bbox 1120 1381 1217 1420; x_wconf 74' lang='lat' dir='ltr'>fugit,</span> <span class='ocrx_word' id='word_1_162' title='bbox 1244 1392 1341 1422; x_wconf 91' lang='lat' dir='ltr'>quam</span> <span class='ocrx_word' id='word_1_163' title='bbox 1371 1381 1538 1412; x_wconf 77' lang='lat' dir='ltr'>Aclzilleam</span> <span class='ocrx_word' id='word_1_164' title='bbox 1565 1383 1689 1413; x_wconf 82' lang='lat' dir='ltr'>humum</span> 
     </span>
     <span class='ocr_line' id='line_1_20' title="bbox 226 1422 1689 1461; baseline 0.002 -9"><span class='ocrx_word' id='word_1_165' title='bbox 226 1427 329 1453; x_wconf 88' lang='lat' dir='ltr'>vocat</span> <span class='ocrx_word' id='word_1_166' title='bbox 345 1432 363 1452; x_wconf 89' lang='lat' dir='ltr'>a</span> <span class='ocrx_word' id='word_1_167' title='bbox 389 1422 498 1453; x_wconf 85' lang='lat' dir='ltr'>vicina</span> <span class='ocrx_word' id='word_1_168' title='bbox 516 1422 656 1452; x_wconf 74' lang='lat' dir='ltr'>Achillis</span> <span class='ocrx_word' id='word_1_169' title='bbox 672 1423 863 1461; x_wconf 85' lang='lat' dir='ltr'>peninsula.</span> <span class='ocrx_word' id='word_1_170' title='bbox 908 1424 1034 1454; x_wconf 85' lang='lat' dir='ltr'>Omnia</span> <span class='ocrx_word' id='word_1_171' title='bbox 1051 1425 1082 1452; x_wconf 86' lang='lat' dir='ltr'>in</span> <span class='ocrx_word' id='word_1_172' title='bbox 1100 1424 1161 1454; x_wconf 88' lang='lat' dir='ltr'>hoc</span> <span class='ocrx_word' id='word_1_173' title='bbox 1179 1424 1328 1453; x_wconf 82' lang='lat' dir='ltr'>carmine</span> <span class='ocrx_word' id='word_1_174' title='bbox 1345 1424 1445 1454; x_wconf 80' lang='lat' dir='ltr'>caecis</span> <span class='ocrx_word' id='word_1_175' title='bbox 1470 1425 1617 1455; x_wconf 84' lang='lat' dir='ltr'>historiis</span> <span class='ocrx_word' id='word_1_176' title='bbox 1641 1425 1689 1455; x_wconf 92' lang='lat' dir='ltr'>iu-</span> 
     </span>
     <span class='ocr_line' id='line_1_21' title="bbox 227 1464 1687 1504; baseline 0.003 -11"><span class='ocrx_word' id='word_1_177' title='bbox 227 1464 344 1494; x_wconf 88' lang='lat' dir='ltr'>voluta</span> <span class='ocrx_word' id='word_1_178' title='bbox 360 1468 396 1494; x_wconf 90' lang='lat' dir='ltr'>et</span> <span class='ocrx_word' id='word_1_179' title='bbox 413 1464 622 1502; x_wconf 74' lang='lat' dir='ltr'>ambagibus,</span> <span class='ocrx_word' id='word_1_180' title='bbox 642 1469 680 1494; x_wconf 91' lang='lat' dir='ltr'>ut</span> <span class='ocrx_word' id='word_1_181' title='bbox 697 1465 883 1503; x_wconf 83' lang='lat' dir='ltr'>praemonui</span> <span class='ocrx_word' id='word_1_182' title='bbox 900 1465 1001 1504; x_wconf 87' lang='lat' dir='ltr'>paulo</span> <span class='ocrx_word' id='word_1_183' title='bbox 1020 1470 1110 1495; x_wconf 76' lang='lat' dir='ltr'>ante.</span> <span class='ocrx_word' id='word_1_184' title='bbox 1139 1466 1247 1495; x_wconf 78' lang='lat' dir='ltr'>Burm.</span> <span class='ocrx_word' id='word_1_185' title='bbox 1293 1466 1411 1495; x_wconf 73' lang='lat' dir='ltr'>eonst.</span> <span class='ocrx_word' id='word_1_186' title='bbox 1429 1466 1570 1497; x_wconf 82' lang='lat' dir='ltr'>Fanens.</span> <span class='ocrx_word' id='word_1_187' title='bbox 1586 1467 1687 1498; x_wconf 87' lang='lat' dir='ltr'>etiam</span> 
     </span>
     <span class='ocr_line' id='line_1_22' title="bbox 228 1506 1692 1546; baseline 0.003 -10"><span class='ocrx_word' id='word_1_188' title='bbox 228 1506 319 1546; x_wconf 85' lang='lat' dir='ltr'>conj.</span> <span class='ocrx_word' id='word_1_189' title='bbox 343 1506 749 1545; x_wconf 78' lang='lat' dir='ltr'>Apollinea...humo.—335</span> <span class='ocrx_word' id='word_1_190' title='bbox 774 1507 871 1536; x_wconf 86' lang='lat' dir='ltr'>Unus</span> <span class='ocrx_word' id='word_1_191' title='bbox 902 1507 1021 1538; x_wconf 87' lang='lat' dir='ltr'>Heius.</span> <span class='ocrx_word' id='word_1_192' title='bbox 1048 1510 1108 1537; x_wconf 78' lang='lat' dir='ltr'>tut.</span> <span class='ocrx_word' id='word_1_193' title='bbox 1137 1508 1295 1545; x_wconf 72' lang='lat' dir='ltr'>Pergama</span> <span class='ocrx_word' id='word_1_194' title='bbox 1325 1510 1503 1546; x_wconf 57' lang='lat' dir='ltr'>saw—337</span> <span class='ocrx_word' id='word_1_195' title='bbox 1528 1508 1614 1539; x_wconf 83' lang='lat' dir='ltr'>Haec</span> <span class='ocrx_word' id='word_1_196' title='bbox 1639 1514 1692 1540; x_wconf 86' lang='lat' dir='ltr'>est</span> 
     </span>
     <span class='ocr_line' id='line_1_23' title="bbox 228 1547 1693 1589; baseline 0.001 -9"><span class='ocrx_word' id='word_1_197' title='bbox 228 1549 332 1580; x_wconf 87' lang='lat' dir='ltr'>lectio</span> <span class='ocrx_word' id='word_1_198' title='bbox 350 1547 465 1578; x_wconf 85' lang='lat' dir='ltr'>Aldin.</span> <span class='ocrx_word' id='word_1_199' title='bbox 485 1548 549 1579; x_wconf 84' lang='lat' dir='ltr'>Ed.</span> <span class='ocrx_word' id='word_1_200' title='bbox 573 1549 726 1589; x_wconf 86' lang='lat' dir='ltr'>quaedam</span> <span class='ocrx_word' id='word_1_201' title='bbox 755 1558 836 1587; x_wconf 82' lang='lat' dir='ltr'>pass.</span> <span class='ocrx_word' id='word_1_202' title='bbox 859 1552 902 1579; x_wconf 81' lang='lat' dir='ltr'>est</span> <span class='ocrx_word' id='word_1_203' title='bbox 926 1559 997 1588; x_wconf 77' lang='lat' dir='ltr'>gen.</span> <span class='ocrx_word' id='word_1_204' title='bbox 1042 1549 1129 1579; x_wconf 88' lang='lat' dir='ltr'>Tum</span> <span class='ocrx_word' id='word_1_205' title='bbox 1153 1549 1249 1579; x_wconf 87' lang='lat' dir='ltr'>multi</span> <span class='ocrx_word' id='word_1_206' title='bbox 1266 1549 1516 1589; x_wconf 71' lang='lat' dir='ltr'>Hipponzeneia5</span> <span class='ocrx_word' id='word_1_207' title='bbox 1540 1551 1693 1582; x_wconf 89' lang='lat' dir='ltr'>nonnulli</span> 
     </span>
     <span class='ocr_line' id='line_1_24' title="bbox 228 1590 1692 1634; baseline 0.002 -13"><span class='ocrx_word' id='word_1_208' title='bbox 228 1595 314 1621; x_wconf 90' lang='lat' dir='ltr'>vett.</span> <span class='ocrx_word' id='word_1_209' title='bbox 331 1590 435 1621; x_wconf 84' lang='lat' dir='ltr'>etiam</span> <span class='ocrx_word' id='word_1_210' title='bbox 452 1590 711 1630; x_wconf 69' lang='lat' dir='ltr'>Hippomeneide.</span> <span class='ocrx_word' id='word_1_211' title='bbox 736 1591 857 1622; x_wconf 83' lang='lat' dir='ltr'>Heius.</span> <span class='ocrx_word' id='word_1_212' title='bbox 882 1592 984 1622; x_wconf 88' lang='lat' dir='ltr'>etiam</span> <span class='ocrx_word' id='word_1_213' title='bbox 1004 1601 1065 1631; x_wconf 89' lang='lat' dir='ltr'>pro</span> <span class='ocrx_word' id='word_1_214' title='bbox 1081 1601 1177 1631; x_wconf 78' lang='lat' dir='ltr'>poenoe</span> <span class='ocrx_word' id='word_1_215' title='bbox 1193 1592 1325 1631; x_wconf 90' lang='lat' dir='ltr'>recepit</span> <span class='ocrx_word' id='word_1_216' title='bbox 1342 1592 1406 1623; x_wconf 77' lang='lat' dir='ltr'>leti.</span> <span class='ocrx_word' id='word_1_217' title='bbox 1451 1593 1526 1623; x_wconf 87' lang='lat' dir='ltr'>Duo</span> <span class='ocrx_word' id='word_1_218' title='bbox 1543 1593 1692 1634; x_wconf 85' lang='lat' dir='ltr'>denique</span> 
     </span>
     <span class='ocr_line' id='line_1_25' title="bbox 230 1633 1693 1674; baseline 0.003 -11"><span class='ocrx_word' id='word_1_219' title='bbox 230 1633 338 1664; x_wconf 88' lang='lat' dir='ltr'>Codd.</span> <span class='ocrx_word' id='word_1_220' title='bbox 356 1643 432 1664; x_wconf 85' lang='lat' dir='ltr'>cum</span> <span class='ocrx_word' id='word_1_221' title='bbox 457 1643 507 1672; x_wconf 90' lang='lat' dir='ltr'>pr.</span> <span class='ocrx_word' id='word_1_222' title='bbox 525 1633 588 1664; x_wconf 90' lang='lat' dir='ltr'>Ed.</span> <span class='ocrx_word' id='word_1_223' title='bbox 618 1634 692 1672; x_wconf 78' lang='lat' dir='ltr'>th.</span> <span class='ocrx_word' id='word_1_224' title='bbox 719 1643 750 1664; x_wconf 81' lang='grc' dir='ltr'>π.</span> <span class='ocrx_word' id='word_1_225' title='bbox 774 1644 866 1673; x_wconf 80' lang='lat' dir='ltr'>passa</span> <span class='ocrx_word' id='word_1_226' title='bbox 889 1637 936 1664; x_wconf 81' lang='lat' dir='ltr'>est</span> <span class='ocrx_word' id='word_1_227' title='bbox 957 1644 1054 1674; x_wconf 80' lang='lat' dir='ltr'>poenoe</span> <span class='ocrx_word' id='word_1_228' title='bbox 1071 1644 1170 1673; x_wconf 80' lang='lat' dir='ltr'>genus</span> <span class='ocrx_word' id='word_1_229' title='bbox 1187 1634 1550 1674; x_wconf 74' lang='lat' dir='ltr'>Hippoclametas.-—338</span> <span class='ocrx_word' id='word_1_230' title='bbox 1574 1636 1642 1667; x_wconf 85' lang='lat' dir='ltr'>Pro</span> <span class='ocrx_word' id='word_1_231' title='bbox 1657 1636 1693 1668; x_wconf 83' lang='lat' dir='ltr'>in</span> 
     </span>
     <span class='ocr_line' id='line_1_26' title="bbox 229 1675 1692 1720; baseline 0.003 -14"><span class='ocrx_word' id='word_1_232' title='bbox 229 1675 365 1717; x_wconf 89' lang='lat' dir='ltr'>quidam</span> <span class='ocrx_word' id='word_1_233' title='bbox 381 1676 520 1707; x_wconf 85' lang='lat' dir='ltr'>mallent</span> <span class='ocrx_word' id='word_1_234' title='bbox 535 1677 772 1707; x_wconf 83' lang='lat' dir='ltr'>et.—339Tres</span> <span class='ocrx_word' id='word_1_235' title='bbox 789 1676 896 1707; x_wconf 83' lang='lat' dir='ltr'>Codd.</span> <span class='ocrx_word' id='word_1_236' title='bbox 909 1681 977 1708; x_wconf 81' lang='lat' dir='ltr'>tuos</span> <span class='ocrx_word' id='word_1_237' title='bbox 990 1677 1087 1707; x_wconf 75' lang='lat' dir='ltr'>invita</span> <span class='ocrx_word' id='word_1_238' title='bbox 1103 1677 1266 1709; x_wconf 54' lang='lat' dir='ltr'>ret—340</span> <span class='ocrx_word' id='word_1_239' title='bbox 1289 1677 1345 1709; x_wconf 85' lang='lat' dir='ltr'>Sa.</span> <span class='ocrx_word' id='word_1_240' title='bbox 1362 1678 1452 1708; x_wconf 80' lang='lat' dir='ltr'>triste</span> <span class='ocrx_word' id='word_1_241' title='bbox 1467 1688 1528 1719; x_wconf 89' lang='lat' dir='ltr'>pro</span> <span class='ocrx_word' id='word_1_242' title='bbox 1545 1681 1692 1720; x_wconf 51' lang='lat' dir='ltr'>turpes-—</span> 
     </span>
    </p>
   </div>
   <div class='ocr_carea' id='block_1_8' title="bbox 892 1804 1032 1836">
    <p class='ocr_par' dir='ltr' id='par_1_8' title="bbox 892 1804 1032 1836">
     <span class='ocr_line' id='line_1_27' title="bbox 892 1804 1032 1836; baseline -0.007 0"><span class='ocrx_word' id='word_1_243' title='bbox 892 1805 921 1836; x_wconf 91' lang='lat' dir='ltr'>N</span> <span class='ocrx_word' id='word_1_244' title='bbox 930 1804 1032 1836; x_wconf 75' lang='lat' dir='ltr'>OTAE</span> 
     </span>
    </p>
   </div>
   <div class='ocr_carea' id='block_1_9' title="bbox 230 1894 945 2789">
    <p class='ocr_par' dir='ltr' id='par_1_9' title="bbox 230 1894 945 2789">
     <span class='ocr_line' id='line_1_28' title="bbox 232 1894 933 1937; baseline 0 -10"><span class='ocrx_word' id='word_1_245' title='bbox 232 1894 376 1927; x_wconf 85' lang='lat' dir='ltr'>Achillis</span> <span class='ocrx_word' id='word_1_246' title='bbox 389 1897 533 1928; x_wconf 87' lang='lat' dir='ltr'>Cursum</span> <span class='ocrx_word' id='word_1_247' title='bbox 545 1895 588 1927; x_wconf 87' lang='lat' dir='ltr'>ab</span> <span class='ocrx_word' id='word_1_248' title='bbox 600 1896 673 1937; x_wconf 87' lang='lat' dir='ltr'>ejus</span> <span class='ocrx_word' id='word_1_249' title='bbox 686 1896 933 1928; x_wconf 80' lang='lat' dir='ltr'>exercitatione</span> 
     </span>
     <span class='ocr_line' id='line_1_29' title="bbox 230 1945 935 1986; baseline 0.001 -10"><span class='ocrx_word' id='word_1_250' title='bbox 230 1945 440 1985; x_wconf 85' lang='lat' dir='ltr'>vocitarunt,</span> <span class='ocrx_word' id='word_1_251' title='bbox 472 1946 527 1977; x_wconf 94' lang='lat' dir='ltr'>ubi</span> <span class='ocrx_word' id='word_1_252' title='bbox 560 1957 579 1977; x_wconf 85' lang='lat' dir='ltr'>a</span> <span class='ocrx_word' id='word_1_253' title='bbox 610 1946 677 1977; x_wconf 89' lang='lat' dir='ltr'>suis</span> <span class='ocrx_word' id='word_1_254' title='bbox 708 1946 875 1986; x_wconf 87' lang='lat' dir='ltr'>desertus,</span> <span class='ocrx_word' id='word_1_255' title='bbox 899 1952 935 1977; x_wconf 92' lang='lat' dir='ltr'>et</span> 
     </span>
     <span class='ocr_line' id='line_1_30' title="bbox 233 1996 936 2037; baseline 0 -11"><span class='ocrx_word' id='word_1_256' title='bbox 233 1996 322 2026; x_wconf 91' lang='lat' dir='ltr'>omni</span> <span class='ocrx_word' id='word_1_257' title='bbox 337 2006 401 2037; x_wconf 89' lang='lat' dir='ltr'>ope</span> <span class='ocrx_word' id='word_1_258' title='bbox 413 1996 611 2035; x_wconf 78' lang='lat' dir='ltr'>destitutus,</span> <span class='ocrx_word' id='word_1_259' title='bbox 628 1996 740 2036; x_wconf 87' lang='lat' dir='ltr'>periit.</span> <span class='ocrx_word' id='word_1_260' title='bbox 785 1996 936 2027; x_wconf 84' lang='lat' dir='ltr'>Fabulae.</span> 
     </span>
     <span class='ocr_line' id='line_1_31' title="bbox 233 2047 935 2088; baseline 0.001 -11"><span class='ocrx_word' id='word_1_261' title='bbox 233 2047 359 2078; x_wconf 87' lang='lat' dir='ltr'>Scribit</span> <span class='ocrx_word' id='word_1_262' title='bbox 386 2047 544 2088; x_wconf 86' lang='lat' dir='ltr'>equidem</span> <span class='ocrx_word' id='word_1_263' title='bbox 560 2047 770 2088; x_wconf 86' lang='lat' dir='ltr'>Ammianus,</span> <span class='ocrx_word' id='word_1_264' title='bbox 794 2047 935 2078; x_wconf 87' lang='lat' dir='ltr'>insulam</span> 
     </span>
     <span class='ocr_line' id='line_1_32' title="bbox 234 2097 938 2128; baseline 0.003 -2"><span class='ocrx_word' id='word_1_265' title='bbox 234 2105 308 2127; x_wconf 85' lang='lat' dir='ltr'>esse</span> <span class='ocrx_word' id='word_1_266' title='bbox 335 2097 472 2127; x_wconf 86' lang='lat' dir='ltr'>Leucon</span> <span class='ocrx_word' id='word_1_267' title='bbox 500 2097 571 2128; x_wconf 89' lang='lat' dir='ltr'>sine</span> <span class='ocrx_word' id='word_1_268' title='bbox 593 2097 841 2128; x_wconf 84' lang='lat' dir='ltr'>habitatoribus</span> <span class='ocrx_word' id='word_1_269' title='bbox 863 2098 938 2128; x_wconf 87' lang='lat' dir='ltr'>ullis</span> 
     </span>
     <span class='ocr_line' id='line_1_33' title="bbox 236 2146 941 2189; baseline 0.004 -14"><span class='ocrx_word' id='word_1_270' title='bbox 236 2146 361 2177; x_wconf 87' lang='lat' dir='ltr'>Achilli</span> <span class='ocrx_word' id='word_1_271' title='bbox 375 2147 585 2186; x_wconf 61' lang='lat' dir='ltr'>dedicatam</span> <span class='ocrx_word' id='word_1_272' title='bbox 605 2148 639 2178; x_wconf 87' lang='lat' dir='ltr'>in</span> <span class='ocrx_word' id='word_1_273' title='bbox 653 2158 752 2189; x_wconf 88' lang='lat' dir='ltr'>quam</span> <span class='ocrx_word' id='word_1_274' title='bbox 769 2148 796 2179; x_wconf 92' lang='lat' dir='ltr'>si</span> <span class='ocrx_word' id='word_1_275' title='bbox 811 2148 941 2179; x_wconf 82' lang='lat' dir='ltr'>fuerint</span> 
     </span>
     <span class='ocr_line' id='line_1_34' title="bbox 235 2193 940 2239; baseline 0.009 -16"><span class='ocrx_word' id='word_1_276' title='bbox 235 2193 369 2234; x_wconf 86' lang='lat' dir='ltr'>quidam</span> <span class='ocrx_word' id='word_1_277' title='bbox 385 2194 472 2225; x_wconf 87' lang='lat' dir='ltr'>forte</span> <span class='ocrx_word' id='word_1_278' title='bbox 495 2196 613 2235; x_wconf 89' lang='lat' dir='ltr'>delati,</span> <span class='ocrx_word' id='word_1_279' title='bbox 628 2198 705 2228; x_wconf 86' lang='lat' dir='ltr'>visis</span> <span class='ocrx_word' id='word_1_280' title='bbox 728 2198 940 2239; x_wconf 79' lang='lat' dir='ltr'>antiquitatis</span> 
     </span>
     <span class='ocr_line' id='line_1_35' title="bbox 236 2244 941 2284; baseline 0.006 -11"><span class='ocrx_word' id='word_1_281' title='bbox 236 2244 402 2284; x_wconf 80' lang='lat' dir='ltr'>vestigiis,</span> <span class='ocrx_word' id='word_1_282' title='bbox 429 2246 637 2284; x_wconf 90' lang='lat' dir='ltr'>temploque,</span> <span class='ocrx_word' id='word_1_283' title='bbox 663 2251 698 2276; x_wconf 86' lang='lat' dir='ltr'>et</span> <span class='ocrx_word' id='word_1_284' title='bbox 722 2246 870 2277; x_wconf 86' lang='lat' dir='ltr'>donariis</span> <span class='ocrx_word' id='word_1_285' title='bbox 896 2248 941 2277; x_wconf 91' lang='lat' dir='ltr'>ei-</span> 
     </span>
     <span class='ocr_line' id='line_1_36' title="bbox 237 2294 942 2335; baseline 0.004 -12"><span class='ocrx_word' id='word_1_286' title='bbox 237 2294 316 2326; x_wconf 83' lang='lat' dir='ltr'>dem</span> <span class='ocrx_word' id='word_1_287' title='bbox 340 2294 436 2325; x_wconf 89' lang='lat' dir='ltr'>heroi</span> <span class='ocrx_word' id='word_1_288' title='bbox 452 2295 672 2334; x_wconf 88' lang='lat' dir='ltr'>consecratis,</span> <span class='ocrx_word' id='word_1_289' title='bbox 688 2297 820 2335; x_wconf 85' lang='lat' dir='ltr'>vesperi</span> <span class='ocrx_word' id='word_1_290' title='bbox 843 2306 942 2335; x_wconf 85' lang='lat' dir='ltr'>repe-</span> 
     </span>
     <span class='ocr_line' id='line_1_37' title="bbox 237 2344 940 2376; baseline 0 -1"><span class='ocrx_word' id='word_1_291' title='bbox 237 2350 311 2376; x_wconf 85' lang='lat' dir='ltr'>tere</span> <span class='ocrx_word' id='word_1_292' title='bbox 328 2353 441 2375; x_wconf 87' lang='lat' dir='ltr'>naves.</span> <span class='ocrx_word' id='word_1_293' title='bbox 474 2344 652 2375; x_wconf 84' lang='lat' dir='ltr'>Neminem</span> <span class='ocrx_word' id='word_1_294' title='bbox 669 2345 757 2374; x_wconf 86' lang='lat' dir='ltr'>enim</span> <span class='ocrx_word' id='word_1_295' title='bbox 774 2346 846 2376; x_wconf 87' lang='lat' dir='ltr'>sine</span> <span class='ocrx_word' id='word_1_296' title='bbox 861 2346 940 2375; x_wconf 84' lang='lat' dir='ltr'>vitae</span> 
     </span>
     <span class='ocr_line' id='line_1_38' title="bbox 239 2394 941 2435; baseline -0.003 -9"><span class='ocrx_word' id='word_1_297' title='bbox 239 2394 433 2426; x_wconf 82' lang='lat' dir='ltr'>discrimine</span> <span class='ocrx_word' id='word_1_298' title='bbox 448 2394 519 2424; x_wconf 89' lang='lat' dir='ltr'>illic</span> <span class='ocrx_word' id='word_1_299' title='bbox 534 2399 752 2434; x_wconf 89' lang='lat' dir='ltr'>pernoctare:</span> <span class='ocrx_word' id='word_1_300' title='bbox 769 2395 860 2435; x_wconf 87' lang='lat' dir='ltr'>quia,</span> <span class='ocrx_word' id='word_1_301' title='bbox 871 2394 941 2425; x_wconf 88' lang='lat' dir='ltr'>scil.</span> 
     </span>
     <span class='ocr_line' id='line_1_39' title="bbox 239 2444 942 2484; baseline -0.001 -8"><span class='ocrx_word' id='word_1_302' title='bbox 239 2449 278 2476; x_wconf 83' lang='lat' dir='ltr'>ut</span> <span class='ocrx_word' id='word_1_303' title='bbox 306 2446 353 2476; x_wconf 87' lang='lat' dir='ltr'>ait</span> <span class='ocrx_word' id='word_1_304' title='bbox 380 2445 523 2484; x_wconf 88' lang='lat' dir='ltr'>Dionys.</span> <span class='ocrx_word' id='word_1_305' title='bbox 562 2444 828 2483; x_wconf 85' lang='lat' dir='ltr'>Alexandrinus,</span> <span class='ocrx_word' id='word_1_306' title='bbox 853 2444 942 2475; x_wconf 85' lang='lat' dir='ltr'>sama</span> 
     </span>
     <span class='ocr_line' id='line_1_40' title="bbox 239 2494 942 2526; baseline -0.003 0"><span class='ocrx_word' id='word_1_307' title='bbox 239 2495 305 2526; x_wconf 79' lang='lat' dir='ltr'>suit</span> <span class='ocrx_word' id='word_1_308' title='bbox 321 2495 390 2525; x_wconf 88' lang='lat' dir='ltr'>illic</span> <span class='ocrx_word' id='word_1_309' title='bbox 408 2494 551 2525; x_wconf 84' lang='lat' dir='ltr'>Achillis</span> <span class='ocrx_word' id='word_1_310' title='bbox 577 2498 614 2525; x_wconf 81' lang='lat' dir='ltr'>et</span> <span class='ocrx_word' id='word_1_311' title='bbox 639 2495 781 2525; x_wconf 84' lang='lat' dir='ltr'>aliorum</span> <span class='ocrx_word' id='word_1_312' title='bbox 804 2495 942 2525; x_wconf 86' lang='lat' dir='ltr'>heroum</span> 
     </span>
     <span class='ocr_line' id='line_1_41' title="bbox 242 2544 943 2585; baseline 0 -9"><span class='ocrx_word' id='word_1_313' title='bbox 242 2545 368 2576; x_wconf 87' lang='lat' dir='ltr'>animas</span> <span class='ocrx_word' id='word_1_314' title='bbox 393 2546 402 2562; x_wconf 90' lang='lat'>‘</span> <span class='ocrx_word' id='word_1_315' title='bbox 422 2545 544 2575; x_wconf 84' lang='lat' dir='ltr'>versari</span> <span class='ocrx_word' id='word_1_316' title='bbox 571 2544 724 2576; x_wconf 83' lang='lat' dir='ltr'>desertas</span> <span class='ocrx_word' id='word_1_317' title='bbox 742 2555 803 2585; x_wconf 89' lang='lat' dir='ltr'>per</span> <span class='ocrx_word' id='word_1_318' title='bbox 821 2544 943 2577; x_wconf 65' lang='lat' dir='ltr'>valles?</span> 
     </span>
     <span class='ocr_line' id='line_1_42' title="bbox 242 2594 943 2636; baseline 0 -10"><span class='ocrx_word' id='word_1_319' title='bbox 242 2595 355 2636; x_wconf 77' lang='lat' dir='ltr'>Atque</span> <span class='ocrx_word' id='word_1_320' title='bbox 373 2594 469 2633; x_wconf 84' lang='lat' dir='ltr'>adeo,</span> <span class='ocrx_word' id='word_1_321' title='bbox 483 2604 558 2625; x_wconf 87' lang='lat' dir='ltr'>cum</span> <span class='ocrx_word' id='word_1_322' title='bbox 576 2604 616 2625; x_wconf 89' lang='lat' dir='ltr'>ea</span> <span class='ocrx_word' id='word_1_323' title='bbox 633 2595 743 2626; x_wconf 84' lang='lat' dir='ltr'>insula</span> <span class='ocrx_word' id='word_1_324' title='bbox 761 2596 943 2636; x_wconf 80' lang='lat' dir='ltr'>Borysthe-</span> 
     </span>
     <span class='ocr_line' id='line_1_43' title="bbox 242 2643 943 2686; baseline 0.001 -12"><span class='ocrx_word' id='word_1_325' title='bbox 242 2644 295 2674; x_wconf 83' lang='lat' dir='ltr'>nis</span> <span class='ocrx_word' id='word_1_326' title='bbox 327 2645 413 2675; x_wconf 82' lang='lat' dir='ltr'>ostio</span> <span class='ocrx_word' id='word_1_327' title='bbox 441 2645 484 2675; x_wconf 89' lang='lat' dir='ltr'>sit</span> <span class='ocrx_word' id='word_1_328' title='bbox 508 2643 656 2684; x_wconf 82' lang='lat' dir='ltr'>objecta,</span> <span class='ocrx_word' id='word_1_329' title='bbox 687 2644 833 2686; x_wconf 83' lang='lat' dir='ltr'>aliquem</span> <span class='ocrx_word' id='word_1_330' title='bbox 856 2643 943 2676; x_wconf 87' lang='lat' dir='ltr'>forte</span> 
     </span>
     <span class='ocr_line' id='line_1_44' title="bbox 242 2692 945 2733; baseline 0.003 -9"><span class='ocrx_word' id='word_1_331' title='bbox 242 2702 282 2724; x_wconf 88' lang='lat' dir='ltr'>eo</span> <span class='ocrx_word' id='word_1_332' title='bbox 299 2692 516 2733; x_wconf 79' lang='lat' dir='ltr'>deportatum</span> <span class='ocrx_word' id='word_1_333' title='bbox 534 2693 682 2725; x_wconf 83' lang='lat' dir='ltr'>Amastri</span> <span class='ocrx_word' id='word_1_334' title='bbox 699 2694 860 2726; x_wconf 84' lang='lat' dir='ltr'>Lenaeum</span> <span class='ocrx_word' id='word_1_335' title='bbox 877 2705 945 2727; x_wconf 87' lang='lat' dir='ltr'>cre·</span> 
     </span>
     <span class='ocr_line' id='line_1_45' title="bbox 243 2742 945 2789; baseline 0.004 -14"><span class='ocrx_word' id='word_1_336' title='bbox 243 2742 384 2776; x_wconf 81' lang='lat' dir='ltr'>dideris.</span> <span class='ocrx_word' id='word_1_337' title='bbox 407 2743 534 2775; x_wconf 85' lang='lat' dir='ltr'>Verum</span> <span class='ocrx_word' id='word_1_338' title='bbox 549 2743 721 2778; x_wconf 86' lang='lat' dir='ltr'>enimvero</span> <span class='ocrx_word' id='word_1_339' title='bbox 737 2748 832 2777; x_wconf 80' lang='lat' dir='ltr'>tanta</span> <span class='ocrx_word' id='word_1_340' title='bbox 845 2745 945 2789; x_wconf 80' lang='lat' dir='ltr'>copia</span> 
     </span>
    </p>
   </div>
   <div class='ocr_carea' id='block_1_10' title="bbox 989 1895 1699 2786">
    <p class='ocr_par' dir='ltr' id='par_1_10' title="bbox 989 1895 1697 2127">
     <span class='ocr_line' id='line_1_46' title="bbox 990 1895 1692 1935; baseline -0.003 -8"><span class='ocrx_word' id='word_1_341' title='bbox 990 1900 1142 1927; x_wconf 78' lang='lat' dir='ltr'>veterum</span> <span class='ocrx_word' id='word_1_342' title='bbox 1159 1895 1322 1926; x_wconf 84' lang='lat' dir='ltr'>librorum</span> <span class='ocrx_word' id='word_1_343' title='bbox 1340 1904 1415 1926; x_wconf 89' lang='lat' dir='ltr'>cum</span> <span class='ocrx_word' id='word_1_344' title='bbox 1431 1895 1518 1926; x_wconf 88' lang='lat' dir='ltr'>male</span> <span class='ocrx_word' id='word_1_345' title='bbox 1536 1895 1692 1935; x_wconf 84' lang='lat' dir='ltr'>perierit,</span> 
     </span>
     <span class='ocr_line' id='line_1_47' title="bbox 989 1944 1695 1986; baseline -0.001 -10"><span class='ocrx_word' id='word_1_346' title='bbox 989 1955 1032 1976; x_wconf 89' lang='lat' dir='ltr'>ex</span> <span class='ocrx_word' id='word_1_347' title='bbox 1059 1945 1178 1986; x_wconf 88' lang='lat' dir='ltr'>quibus</span> <span class='ocrx_word' id='word_1_348' title='bbox 1207 1954 1266 1975; x_wconf 88' lang='lat' dir='ltr'>sua</span> <span class='ocrx_word' id='word_1_349' title='bbox 1294 1944 1468 1985; x_wconf 86' lang='lat' dir='ltr'>decerpsit</span> <span class='ocrx_word' id='word_1_350' title='bbox 1505 1945 1612 1984; x_wconf 85' lang='lat' dir='ltr'>Naso,</span> <span class='ocrx_word' id='word_1_351' title='bbox 1636 1945 1695 1975; x_wconf 87' lang='lat' dir='ltr'>vix</span> 
     </span>
     <span class='ocr_line' id='line_1_48' title="bbox 991 1994 1695 2036; baseline -0.003 -10"><span class='ocrx_word' id='word_1_352' title='bbox 991 1996 1091 2026; x_wconf 84' lang='lat' dir='ltr'>aliter</span> <span class='ocrx_word' id='word_1_353' title='bbox 1117 2005 1215 2036; x_wconf 88' lang='lat' dir='ltr'>quam</span> <span class='ocrx_word' id='word_1_354' title='bbox 1243 1994 1449 2035; x_wconf 82' lang='lat' dir='ltr'>conjecturis</span> <span class='ocrx_word' id='word_1_355' title='bbox 1472 1995 1633 2025; x_wconf 83' lang='lat' dir='ltr'>nonnulla</span> <span class='ocrx_word' id='word_1_356' title='bbox 1656 1994 1695 2025; x_wconf 89' lang='lat' dir='ltr'>li·</span> 
     </span>
     <span class='ocr_line' id='line_1_49' title="bbox 992 2044 1697 2086; baseline -0.003 -9"><span class='ocrx_word' id='word_1_357' title='bbox 992 2051 1068 2077; x_wconf 78' lang='lat' dir='ltr'>ceat</span> <span class='ocrx_word' id='word_1_358' title='bbox 1095 2045 1266 2086; x_wconf 88' lang='lat' dir='ltr'>aucupari.</span> <span class='ocrx_word' id='word_1_359' title='bbox 1322 2045 1436 2085; x_wconf 87' lang='lat' dir='ltr'>Atque</span> <span class='ocrx_word' id='word_1_360' title='bbox 1458 2045 1530 2075; x_wconf 77' lang='lat' dir='ltr'>haec</span> <span class='ocrx_word' id='word_1_361' title='bbox 1562 2044 1697 2084; x_wconf 82' lang='lat' dir='ltr'>prolixa</span> 
     </span>
     <span class='ocr_line' id='line_1_50' title="bbox 992 2096 1103 2127; baseline 0 -1"><span class='ocrx_word' id='word_1_362' title='bbox 992 2096 1103 2127; x_wconf 90' lang='lat' dir='ltr'>nimis.</span> 
     </span>
    </p>

    <p class='ocr_par' dir='ltr' id='par_1_11' title="bbox 995 2143 1696 2276">
     <span class='ocr_line' id='line_1_51' title="bbox 1037 2143 1696 2186; baseline -0.003 -9"><span class='ocrx_word' id='word_1_363' title='bbox 1037 2149 1099 2177; x_wconf 86' lang='lat'>333</span> <span class='ocrx_word' id='word_1_364' title='bbox 1136 2143 1349 2186; x_wconf 76' lang='lat' dir='ltr'>Eurydamas]</span> <span class='ocrx_word' id='word_1_365' title='bbox 1385 2144 1487 2175; x_wconf 91' lang='lat' dir='ltr'>Hunc</span> <span class='ocrx_word' id='word_1_366' title='bbox 1515 2153 1558 2175; x_wconf 89' lang='lat' dir='ltr'>ex</span> <span class='ocrx_word' id='word_1_367' title='bbox 1585 2144 1696 2175; x_wconf 82' lang='lat' dir='ltr'>veteri</span> 
     </span>
     <span class='ocr_line' id='line_1_52' title="bbox 995 2194 1696 2234; baseline -0.004 -7"><span class='ocrx_word' id='word_1_368' title='bbox 995 2196 1235 2227; x_wconf 79' lang='lat' dir='ltr'>Thessalorum</span> <span class='ocrx_word' id='word_1_369' title='bbox 1253 2204 1345 2225; x_wconf 87' lang='lat' dir='ltr'>more</span> <span class='ocrx_word' id='word_1_370' title='bbox 1363 2194 1412 2224; x_wconf 84' lang='lat' dir='ltr'>ita</span> <span class='ocrx_word' id='word_1_371' title='bbox 1428 2199 1575 2225; x_wconf 87' lang='lat' dir='ltr'>tractum</span> <span class='ocrx_word' id='word_1_372' title='bbox 1592 2194 1696 2234; x_wconf 87' lang='lat' dir='ltr'>scrip-</span> 
     </span>
     <span class='ocr_line' id='line_1_53' title="bbox 995 2244 1587 2276; baseline -0.007 0"><span class='ocrx_word' id='word_1_373' title='bbox 995 2246 1039 2276; x_wconf 84' lang='lat' dir='ltr'>sit</span> <span class='ocrx_word' id='word_1_374' title='bbox 1055 2251 1152 2276; x_wconf 85' lang='lat' dir='ltr'>vetus</span> <span class='ocrx_word' id='word_1_375' title='bbox 1171 2244 1312 2274; x_wconf 89' lang='lat' dir='ltr'>Homeri</span> <span class='ocrx_word' id='word_1_376' title='bbox 1328 2247 1587 2273; x_wconf 88' lang='lat' dir='ltr'>commentator.</span> 
     </span>
    </p>

    <p class='ocr_par' dir='ltr' id='par_1_12' title="bbox 994 2289 1696 2430">
     <span class='ocr_line' id='line_1_54' title="bbox 1038 2289 1694 2332; baseline -0.005 -8"><span class='ocrx_word' id='word_1_377' title='bbox 1038 2297 1098 2324; x_wconf 86' lang='lat'>335</span> <span class='ocrx_word' id='word_1_378' title='bbox 1126 2294 1188 2328; x_wconf 78' lang='lat' dir='ltr'>Qui</span> <span class='ocrx_word' id='word_1_379' title='bbox 1211 2293 1291 2332; x_wconf 80' lang='lat' dir='ltr'>quoe]</span> <span class='ocrx_word' id='word_1_380' title='bbox 1330 2292 1464 2322; x_wconf 88' lang='lat' dir='ltr'>Hector</span> <span class='ocrx_word' id='word_1_381' title='bbox 1487 2296 1552 2328; x_wconf 85' lang='lat' dir='ltr'>est,</span> <span class='ocrx_word' id='word_1_382' title='bbox 1570 2289 1694 2321; x_wconf 87' lang='lat' dir='ltr'>Priami</span> 
     </span>
     <span class='ocr_line' id='line_1_55' title="bbox 994 2340 1696 2382; baseline -0.001 -10"><span class='ocrx_word' id='word_1_383' title='bbox 994 2342 1096 2381; x_wconf 84' lang='lat' dir='ltr'>filius,</span> <span class='ocrx_word' id='word_1_384' title='bbox 1120 2343 1176 2382; x_wconf 87' lang='lat' dir='ltr'>qui</span> <span class='ocrx_word' id='word_1_385' title='bbox 1204 2343 1334 2372; x_wconf 88' lang='lat' dir='ltr'>circum</span> <span class='ocrx_word' id='word_1_386' title='bbox 1361 2349 1473 2370; x_wconf 76' lang='lat' dir='ltr'>muros</span> <span class='ocrx_word' id='word_1_387' title='bbox 1496 2340 1620 2371; x_wconf 81' lang='lat' dir='ltr'>Iliacos</span> <span class='ocrx_word' id='word_1_388' title='bbox 1641 2345 1696 2371; x_wconf 82' lang='lat' dir='ltr'>ter</span> 
     </span>
     <span class='ocr_line' id='line_1_56' title="bbox 996 2391 1371 2430; baseline -0.008 -8"><span class='ocrx_word' id='word_1_389' title='bbox 996 2392 1038 2422; x_wconf 90' lang='lat' dir='ltr'>ab</span> <span class='ocrx_word' id='word_1_390' title='bbox 1055 2391 1187 2422; x_wconf 84' lang='lat' dir='ltr'>Achille</span> <span class='ocrx_word' id='word_1_391' title='bbox 1204 2393 1371 2430; x_wconf 84' lang='lat' dir='ltr'>raptatus.</span> 
     </span>
    </p>

    <p class='ocr_par' dir='ltr' id='par_1_13' title="bbox 996 2437 1699 2726">
     <span class='ocr_line' id='line_1_57' title="bbox 1050 2437 1696 2480; baseline 0 -8"><span class='ocrx_word' id='word_1_392' title='bbox 1050 2444 1111 2472; x_wconf 81' lang='lat'>337</span> <span class='ocrx_word' id='word_1_393' title='bbox 1151 2437 1411 2480; x_wconf 69' lang='lat' dir='ltr'>Hippomeneide]</span> <span class='ocrx_word' id='word_1_394' title='bbox 1464 2439 1696 2480; x_wconf 80' lang='lat' dir='ltr'>Hippomenes</span> 
     </span>
     <span class='ocr_line' id='line_1_58' title="bbox 996 2488 1698 2532; baseline 0.001 -11"><span class='ocrx_word' id='word_1_395' title='bbox 996 2490 1206 2521; x_wconf 89' lang='lat' dir='ltr'>Athenarum</span> <span class='ocrx_word' id='word_1_396' title='bbox 1223 2488 1286 2519; x_wconf 86' lang='lat' dir='ltr'>fuit</span> <span class='ocrx_word' id='word_1_397' title='bbox 1308 2489 1468 2529; x_wconf 87' lang='lat' dir='ltr'>princeps</span> <span class='ocrx_word' id='word_1_398' title='bbox 1483 2491 1698 2532; x_wconf 78' lang='lat' dir='ltr'>saevissimus,</span> 
     </span>
     <span class='ocr_line' id='line_1_59' title="bbox 998 2539 1697 2582; baseline 0 -11"><span class='ocrx_word' id='word_1_399' title='bbox 998 2541 1054 2582; x_wconf 86' lang='lat' dir='ltr'>qui</span> <span class='ocrx_word' id='word_1_400' title='bbox 1070 2540 1171 2571; x_wconf 86' lang='lat' dir='ltr'>filiam</span> <span class='ocrx_word' id='word_1_401' title='bbox 1197 2540 1370 2570; x_wconf 83' lang='lat' dir='ltr'>Limouem</span> <span class='ocrx_word' id='word_1_402' title='bbox 1396 2539 1428 2569; x_wconf 89' lang='lat' dir='ltr'>in</span> <span class='ocrx_word' id='word_1_403' title='bbox 1454 2539 1622 2571; x_wconf 87' lang='lat' dir='ltr'>adulterio</span> <span class='ocrx_word' id='word_1_404' title='bbox 1640 2540 1697 2571; x_wconf 89' lang='lat' dir='ltr'>de-</span> 
     </span>
     <span class='ocr_line' id='line_1_60' title="bbox 998 2589 1699 2631; baseline 0 -9"><span class='ocrx_word' id='word_1_405' title='bbox 998 2591 1195 2631; x_wconf 87' lang='lat' dir='ltr'>prehensam</span> <span class='ocrx_word' id='word_1_406' title='bbox 1223 2598 1309 2629; x_wconf 86' lang='lat' dir='ltr'>equo</span> <span class='ocrx_word' id='word_1_407' title='bbox 1337 2589 1565 2620; x_wconf 86' lang='lat' dir='ltr'>devorandam</span> <span class='ocrx_word' id='word_1_408' title='bbox 1593 2600 1699 2631; x_wconf 51' lang='lat' dir='ltr'>expo-¹</span> 
     </span>
     <span class='ocr_line' id='line_1_61' title="bbox 997 2642 1697 2683; baseline 0.001 -9"><span class='ocrx_word' id='word_1_409' title='bbox 997 2644 1078 2682; x_wconf 88' lang='lat' dir='ltr'>suit,</span> <span class='ocrx_word' id='word_1_410' title='bbox 1106 2652 1203 2683; x_wconf 87' lang='lat' dir='ltr'>quem</span> <span class='ocrx_word' id='word_1_411' title='bbox 1231 2651 1307 2673; x_wconf 88' lang='lat' dir='ltr'>cum</span> <span class='ocrx_word' id='word_1_412' title='bbox 1336 2642 1408 2682; x_wconf 83' lang='lat' dir='ltr'>ipsa</span> <span class='ocrx_word' id='word_1_413' title='bbox 1435 2642 1506 2674; x_wconf 87' lang='lat' dir='ltr'>sine</span> <span class='ocrx_word' id='word_1_414' title='bbox 1531 2643 1697 2676; x_wconf 73' lang='lat' dir='ltr'>alimentis</span> 
     </span>
     <span class='ocr_line' id='line_1_62' title="bbox 996 2692 1298 2726; baseline -0.017 0"><span class='ocrx_word' id='word_1_415' title='bbox 996 2692 1144 2726; x_wconf 85' lang='lat' dir='ltr'>inclusit.</span> <span class='ocrx_word' id='word_1_416' title='bbox 1289 2708 1298 2716; x_wconf 88' lang='lat'><em>-</em></span> 
     </span>
    </p>

    <p class='ocr_par' dir='ltr' id='par_1_14' title="bbox 1040 2741 1484 2786">
     <span class='ocr_line' id='line_1_63' title="bbox 1040 2741 1484 2786; baseline 0.005 -12"><span class='ocrx_word' id='word_1_417' title='bbox 1040 2745 1102 2774; x_wconf 79' lang='grc'>338</span> <span class='ocrx_word' id='word_1_418' title='bbox 1126 2743 1249 2786; x_wconf 73' lang='grc' dir='ltr'><strong><em>Λειαίι]</em></strong></span> <span class='ocrx_word' id='word_1_419' title='bbox 1272 2741 1484 2776; x_wconf 83' lang='lat' dir='ltr'>Atheniensi.</span> 
     </span>
    </p>
   </div>
  </div>
 </body>
</html>
