1877 3193
542 190 696 222 EPis'r.
732 191 799 222 Ex
834 191 992 222 PoN'ro
1027 191 1124 223 mn.
1159 191 1208 224 ιι.
1237 184 1280 224 7.
1523 182 1629 225 2601

181 284 364 328 Artibus
384 285 584 339 ingenuis
606 287 794 340 quaesita
813 291 880 328 est
900 287 1038 339 gloria
1056 287 1228 329 multis:

240 352 399 394 Infelix
418 353 528 406 perii
550 353 731 394 dotibus
751 354 848 407 ipse
868 355 989 394 meis.

182 419 291 460 Vita
309 421 428 473 prior
449 420 554 459 vitio
576 425 709 468 caret,
733 425 778 459 et
799 420 891 459 sine
912 420 1013 458 labe
1032 424 1214 470 peracta
1231 433 1242 461 t

237 486 408 527 Auxilii
427 486 585 526 misero
606 487 668 525 nil
689 485 789 524 tulit
809 485 888 523 illa
907 483 1030 523 mihi.

182 553 326 606 Culpa
346 540 486 604 graxiis
508 552 710 604 precibus
730 551 917 590 donatur
936 561 1058 601 saepe
1079 561 1257 590 suorum
1276 564 1286 591 ι

239 618 393 659 Omnis
414 630 495 670 pro
514 617 639 656 nobis
661 617 803 668 gratia
824 619 946 656 muta
965 615 1061 655 fuit.

180 685 377 739 Adjuvat
396 685 440 724 in
458 684 577 724 duris
599 685 708 725 alios
730 683 967 737 praesentia
988 683 1120 722 rebus
1139 695 1148 722 :

240 751 399 791 Obruit
417 750 501 792 hoc
523 752 683 792 absens
704 755 830 792 vasta
846 749 1038 803 procella
1058 752 1207 801 caput.

181 816 294 868 Quae
315 830 401 858 non
420 818 658 859 horruerint
676 819 855 858 tacitam
877 830 1052 870 quoque
1071 815 1262 857 Caesaris
1282 816 1390 858 iram
1406 818 1424 858 ‘l

236 883 406 925 Addita
427 889 530 925 sunt
549 885 692 937 poenis
711 896 870 936 aspera
885 884 1021 923 verba
1040 883 1163 923 meis.

181 950 254 993 Fit
272 951 375 1004 fuga
396 952 669 1004 temporibus
691 951 855 991 levior:
886 950 1104 1004 projectus
1125 951 1168 991 in
1191 962 1348 1003 aequor

236 1017 470 1060 Arcturum
489 1019 621 1067 subii,
644 1018 957 1071 Pleiadumque
976 1018 1134 1059 minas,

1523 488 1638 527 ‘60

1582 819 1639 859 55

180 1167 259 1208 quod
274 1168 350 1198 mihi
365 1169 484 1199 auxilio
502 1172 590 1200 esset.
638 1171 735 1201 Multi
758 1171 936 1201 invenerunt
956 1171 1090 1209 gloriam
1104 1180 1160 1209 per
1173 1172 1257 1199 artes
1272 1168 1432 1199 liberales:
1456 1168 1548 1199 miser
1573 1168 1639 1208 ipse

181 1211 286 1241 Interii
300 1220 356 1249 per
372 1221 454 1241 meas
468 1213 564 1242 dotes.
615 1211 689 1242 Vita
716 1216 857 1243 anteacta
872 1216 917 1242 est
941 1214 1005 1242 sine
1032 1214 1132 1251 culpo,
1158 1215 1188 1242 et
1211 1211 1348 1241 absoluta
1371 1211 1481 1250 absque
1496 1211 1637 1240 macula.-

180 1253 234 1282 illa
249 1253 328 1282 nihil
340 1253 458 1292 profuit
476 1254 551 1283 milti
567 1253 692 1291 infelici.
737 1255 827 1294 Saepe
839 1264 936 1292 grave
945 1258 1103 1293 peccalum
1118 1255 1307 1283 condonatur
1329 1253 1472 1292 precibus
1493 1261 1638 1287 suorum,-

180 1295 278 1324 omnis
285 1294 380 1330 favor
388 1294 457 1331 suit
474 1299 574 1324 mutus
586 1305 641 1334 pro
657 1296 752 1326 nobis.
799 1297 976 1326 Praesentz‘a
990 1297 1115 1335 prodest
1128 1296 1198 1325 aliis
1214 1296 1245 1325 in
1261 1295 1350 1325 relius
1365 1294 1505 1335 asperis:
1528 1295 1639 1332 ingens

175 1337 309 1376 procella
322 1336 473 1366 subvertit
488 1337 543 1367 hoc
558 1342 649 1377 caput
663 1337 779 1369 absens.
827 1339 905 1373 Quoe
920 1348 980 1368 non
1004 1337 1275 1375 reformidat-erint
1303 1338 1381 1367 iram
1404 1338 1499 1367 etiam
1522 1339 1639 1366 mutam

182 1375 344 1408 Caesaris?
393 1378 486 1409 Voces
511 1389 599 1409 ειη-ιε
627 1380 754 1417 adjectae
782 1384 853 1411 sunt
879 1380 1026 1420 supplicio
1048 1390 1122 1411 meo.
1172 1380 1312 1410 Exilium
1317 1380 1363 1420 fit
1379 1378 1568 1410 tolerabilius
1580 1387 1638 1417 pro

177 1419 431 1461 tempestatibus.-
453 1431 508 1461 ego
532 1423 685 1461 pulsusin
701 1433 785 1454 mare
811 1433 857 1454 me
880 1423 975 1462 objeci
998 1424 1134 1453 Arcturo
1158 1426 1188 1453 et
1213 1422 1306 1452 minis
1329 1422 1505 1452 Pleiadum,
1550 1420 1640 1460 Soepe

790 1515 1027 1527 eeeeeeeeeeee

178 1579 370 1616 velfoecata.
393 1579 479 1609 Tum
497 1579 647 1610 nonnulli
662 1580 909 1611 malorum—47
933 1580 1022 1610 Mor.
1039 1582 1084 1610 est
1097 1578 1206 1618 gratia
1222 1579 1400 1609 mult.—49
1423 1576 1492 1608 Alii
1516 1579 1635 1617 peract.

180 1624 246 1651 est:
272 1626 307 1652 at
331 1621 368 1650 τὸ
384 1626 428 1651 est
457 1622 554 1652 abest
584 1632 603 1652 a
619 1624 672 1651 Sa.
701 1621 786 1662 Arg.
803 1623 974 1653 Twisden.
992 1627 1026 1652 et
1055 1626 1199 1663 quatuor
1216 1620 1384 1662 aliis—51
1409 1621 1636 1659 'I'lluan.prec.

175 1666 308 1703 pacatur
321 1666 480 1703 saep.—53
505 1664 574 1694 Pro
590 1664 667 1694 alios
690 1666 859 1703 meliores,
885 1669 975 1695 teste
1001 1664 1120 1694 Heius.
1137 1663 1292 1702 aliquem
1316 1672 1367 1702 pr.
1387 1662 1480 1692 Med.
1497 1661 1637 1700 aliquid,-

179 1706 234 1736 Sa.
250 1706 373 1745 aliquo;
397 1705 493 1736 multi
511 1706 595 1736 editi
609 1707 743 1745 aliquos:
770 1707 889 1737 Heius.
919 1706 1041 1737 suadet
1068 1706 1269 1745 aliqum—54
1296 1705 1451 1736 Quatuor
1465 1703 1541 1734 libri
1560 1703 1635 1734 Obr-

178 1747 313 1778 absentis
327 1751 485 1778 νῶι-55
502 1748 589 1778 Edd.
608 1750 756 1787 vulgatae
773 1749 870 1784 Quem
885 1759 943 1779 non
959 1749 1099 1779 obrueret
1115 1747 1207 1778 taciti
1218 1757 1306 1787 quoq.
1332 1748 1340 1762 ‘
1361 1746 1510 1776 Obruerit
1523 1745 1634 1776 multi.

180 1790 258 1824 Quoe
265 1799 324 1820 non
339 1790 474 1820 obruerit
486 1790 629 1821 Combii.
657 1792 746 1825 Quod
758 1801 819 1821 non
834 1792 969 1821 obruerit
985 1792 1064 1821 iram
1080 1790 1238 1820 Vossian.
1264 1789 1360 1828 alius,
1370 1789 1524 1818 horruerit
1537 1788 1614 1818 iram
1625 1798 1635 1817 .-

181 1832 386 1863 veterrimus
407 1832 639 1872 Sarravfflnus,
663 1834 741 1868 Quoe
758 1843 815 1863 non
842 1834 998 1865 horruerit
1014 1833 1146 1864 tacitam
1169 1842 1257 1871 quoq.
1285 1836 1393 1870 recte,
1416 1831 1442 1860 si
1460 1831 1636 1860 horruerint

179 1883 347 1916 reponas:
371 1875 437 1906 nisi
452 1875 560 1915 malis,
577 1875 656 1910 Quis
680 1885 740 1906 non
766 1876 941 1912 horruerit;
964 1885 1040 1906 nam
1071 1873 1183 1905 Obruit
1199 1883 1276 1905 cum
1301 1873 1516 1913 praecesserit
1534 1881 1634 1903 versu

841 1982 979 2023 NorAE

221 2079 263 2108 48
289 2074 435 2115 Doaeibus]
460 2076 548 2108 Quia
573 2087 636 2118 per
658 2081 750 2109 artes
775 2077 882 2118 politi-

182 2136 238 2158 cas
255 2136 315 2157 seu
332 2126 446 2167 potius
463 2128 644 2159 amatorias
661 2127 763 2159 exilio
778 2128 882 2159 mulc-

181 2181 283 2208 tatus.

223 2229 264 2258 52
288 2226 398 2267 Muta]
422 2227 510 2259 Quia
537 2228 588 2257 vel
616 2237 678 2268 pro
704 2238 757 2259 me
781 2228 881 2260 amici

179 2277 425 2318 Imperatorem
442 2286 508 2308 non
526 2283 721 2318 oraverunt,
745 2279 800 2309 vel
826 2288 881 2309 eo·

181 2337 256 2360 rum
271 2336 389 2368 preces
405 2327 541 2358 inutiles
559 2325 709 2358 fuerunt.

223 2381 264 2409 53
287 2377 480 2417 Proesentia]
515 2378 616 2416 Quia,
641 2378 788 2418 scilicet,
818 2388 880 2419 pro

184 2439 219 2460 se
237 2439 371 2461 cansam
386 2429 504 2460 dicunt
527 2434 727 2470 praesenteS‚
744 2430 786 2461 ad
801 2430 880 2461 anii-

184 2488 240 2510 cos
257 2478 469 2520 confugiunt,
483 2481 547 2510 διε.

227 2531 269 2559 54
292 2529 448 2569 Procella]
471 2530 525 2560 De
543 2529 687 2560 Caesaris
710 2529 761 2561 ira
777 2530 881 2571 loqui-

185 2584 252 2617 tur,
268 2587 344 2618 quae
360 2578 534 2608 absentem
552 2580 739 2618 premebat.

228 2629 268 2657 57
292 2625 400 2664 Fuga]
417 2626 469 2656 De
481 2636 541 2657 sua
555 2637 621 2658 non
638 2629 804 2670 loquitur:
822 2629 881 2661 sed

186 2679 220 2709 in
250 2684 375 2718 genere
400 2675 498 2705 leniri
514 2676 650 2708 exilium
666 2687 781 2710 eorum
798 2680 882 2711 dicit

186 2729 239 2770 qni
257 2732 412 2768 tempore
423 2725 629 2767 navigationi
641 2734 721 2770 apto
734 2729 882 2771 proficis-

934 2081 1066 2109 cuntur.

977 2125 1156 2166 Projectus]
1183 2125 1287 2159 Quasi
1303 2129 1399 2157 certo
1416 2125 1600 2166 periturus.

974 2181 1015 2207 58
1040 2176 1224 2215 Arcturum]
1249 2176 1356 2207 Stella
1372 2181 1424 2207 est
1440 2176 1473 2206 in
1496 2174 1634 2215 majoris

935 2227 1031 2258 Ursae
1054 2226 1174 2266 cauda,
1189 2235 1264 2266 quae
1278 2230 1399 2256 exortu
1412 2234 1471 2256 suo
1488 2229 1635 2264 tempes-

936 2282 1024 2308 tates
1045 2276 1170 2307 dicitur
1193 2276 1312 2313 ciere3
1337 2284 1418 2316 quas
1439 2279 1474 2305 et
1490 2273 1633 2305 subiisse

937 2329 1089 2370 queritur
1120 2328 1223 2359 Naso.
1280 2327 1402 2358 Oritur
1432 2331 1545 2357 autem
1575 2325 1633 2355 illa

936 2384 1057 2411 octavo
1074 2377 1248 2409 Kalendas
1265 2376 1439 2407 Octobris.

980 2428 1158 2467 Pleiadum]
1190 2427 1306 2458 Stenae
1335 2429 1412 2455 sunt
1441 2428 1572 2463 septem
1597 2422 1634 2453 in

936 2480 1049 2519 capite
1075 2477 1192 2516 Tauri,
1218 2486 1292 2516 qnae
1323 2482 1513 2514 quanquam
1540 2471 1633 2501 navi-

937 2528 1036 2569 gandi
1065 2531 1197 2565 tempus
1227 2533 1286 2554 suo
1315 2527 1435 2553 exortu
1466 2521 1632 2560 indicant,

937 2578 992 2619 qui
1016 2578 1049 2607 in
1067 2580 1224 2616 quartum
1249 2581 1352 2603 nonas
1369 2571 1506 2611 Apriles
1523 2569 1636 2610 rejici-

937 2633 1004 2665 tur,
1033 2623 1248 2655 nihilominus
1277 2626 1391 2653 tamen
1420 2619 1543 2651 imbres
1564 2624 1632 2652 tra-

934 2677 1014 2708 here
1030 2672 1270 2706 credebantur.
