1877 3193
523 188 678 218 EPIST.
712 185 777 217 Ex
809 186 970 218 PoN‘ro
1002 185 1100 218 mn.
1122 185 1190 217 ιν.
1215 176 1287 217 10.

1515 175 1629 219 2725

178 280 376 335 Tempus
397 282 513 324 edax
533 283 675 336 igitur,
696 286 855 337 praeter
872 295 968 332 nos,
990 281 1139 323 omnia
1156 279 1345 335 perdet?

237 348 394 390 Cessat
415 350 576 391 duritia
595 363 712 391 mors
733 363 910 404 quoque
929 350 1050 390 victa
1069 361 1185 391 mea.

180 414 445 470 Exemplum
465 422 532 458 est
551 418 684 459 animi
703 419 882 458 nimium
903 417 1116 469 patientis
1138 415 1312 465 Ulixes,

236 482 266 523 J
270 488 440 524 actatus
461 484 597 525 dubio
617 497 695 537 per
715 483 801 523 duo
819 483 957 522 lustra
975 482 1098 521 mari.

1575 480 1632 521 10

179 548 401 603 Tempora
423 552 587 592 soliciti
606 551 684 591 sed
704 564 789 590 non
810 554 956 590 tamen
978 548 1124 590 omnia
1138 548 1219 589 fati

236 616 447 668 Pertulit;
479 622 521 657 et
541 617 728 671 placidae
751 630 873 670 saepe
895 616 1013 658 fuere
1030 628 1185 658 morae.

179 682 252 724 An
272 697 402 736 grave
425 696 506 725 sex
527 685 651 725 annis
674 684 901 738 pulchram
920 683 1083 725 fovisse
1105 682 1316 738 Calypso,

235 751 561 806 AEquoreaeque
580 752 661 793 fuit
679 751 972 793 concubuisse
991 751 1135 792 Deae‘e

179 817 359 872 Excipit
377 819 676 873 Hippotades,
699 819 774 872 qui
797 818 873 859 dat
893 831 972 872 pro
991 830 1167 860 munere
1187 820 1357 869 ventos,

1577 816 1635 857 15

236 884 396 926 Curvet
416 891 466 927 ut
483 886 696 939 impulsos
717 886 837 926 utilis
858 899 964 927 aura
989 886 1128 928 sinus.

180 950 279 993 Nec
299 953 409 993 bene
432 958 656 994 cantantes
677 954 800 994 labor
819 956 886 993 est
907 954 1086 994 audisse
1104 952 1300 1008 puellas3

236 1019 281 1062 N
283 1034 332 1062 eo
352 1021 597 1075 degustanti
616 1021 736 1062 lotos
758 1033 907 1062 amara
922 1021 1017 1062 suit.

177 1154 263 1181 terra
276 1151 385 1182 solida.
429 1151 572 1192 Adeoque
593 1155 712 1192 tempus
734 1162 832 1183 vorax
856 1153 995 1183 absumet
1017 1151 1130 1190 omnia,
1151 1154 1267 1191 praeter
1284 1147 1360 1183 me?
1403 1149 1494 1181 Mors
1508 1150 1633 1190 languet

178 1197 323 1233 superata
346 1195 438 1224 etiam
462 1195 579 1225 duritia
596 1205 672 1225 mea.
722 1195 847 1235 Ulysses
871 1198 916 1225 est
941 1196 1115 1234 exemplum
1138 1195 1234 1224 animi
1259 1203 1355 1234 supra
1379 1194 1502 1225 modum
1519 1192 1636 1231 fortis,

177 1236 318 1274 agitatus
341 1246 396 1276 per
411 1238 512 1267 decem
534 1247 629 1267 annos
652 1237 769 1267 incerto
786 1238 875 1267 muri.
921 1238 1070 1267 Attamen
1094 1246 1154 1267 non
1176 1246 1284 1275 passus
1309 1239 1354 1266 est
1379 1235 1482 1266 omnia
1497 1239 1636 1274 tempora

178 1279 273 1308 sartis
286 1280 402 1314 σηπία,
427 1282 457 1309 et
476 1278 608 1317 fuerunt
627 1279 811 1319 frequenter
825 1279 927 1320 spatia
941 1280 1107 1310 commoda.
1150 1279 1203 1309 An
1226 1277 1293 1308 fuit
1316 1279 1476 1308 molestum
1491 1276 1635 1317 amplecti

170 1320 343 1357 formosam
361 1322 494 1360 Calypso
509 1331 565 1351 sex
585 1323 686 1360 annis,
711 1325 741 1352 et
756 1322 893 1352 cubuisse
908 1331 976 1351 cum
1001 1322 1070 1351 Dea
1084 1318 1231 1351 nwrina?
1276 1320 1474 1360 Hippotades
1490 1328 1565 1350 eum
1582 1328 1636 1349 ex-

177 1363 268 1402 cipit,
295 1363 347 1402 qui
360 1363 475 1401 proebet
498 1366 603 1394 ventos
618 1364 651 1394 in
675 1365 798 1402 donum,
815 1367 849 1394 ut
860 1363 957 1402 flatus
968 1363 1102 1404 propitii
1117 1363 1239 1393 sinuent
1254 1364 1323 1393 vela
1339 1362 1482 1402 impulsa.
1531 1361 1635 1401 Neque

180 1405 265 1436 labor
279 1408 324 1437 est
338 1406 458 1436 audisse
471 1406 588 1447 puellas
607 1407 734 1447 pulchre
749 1409 890 1438 canentes
902 1416 911 1441 ;
934 1416 1027 1446 neque
1043 1407 1119 1436 lotos
1124 1405 1196 1444 fuit
1210 1415 1316 1436 amaru
1329 1404 1520 1443 degustanti.
1565 1404 1639 1444 Ego.

790 1484 830 1495 eo

1004 1484 1024 1495 o

182 1533 304 1565 Heius.
331 1534 427 1564 malit
451 1534 613 1564 Atteritur
636 1534 689 1563 vel
715 1533 892 1563 Deteritur.
938 1533 978 1563 F.
1007 1532 1109 1563 etiam
1132 1541 1224 1572 passa
1240 1541 1302 1572 pro
1314 1533 1494 1572 presso.—⁷
1521 1531 1636 1563 Perdet

180 1576 348 1611 meliores,
365 1581 453 1607 teste
470 1576 588 1606 Heius.
605 1576 696 1615 vulg.
709 1575 832 1615 perdit:
856 1584 941 1605 unus
959 1574 1026 1605 Ha.
1049 1575 1253 1614 perdat.—ll
1282 1573 1443 1605 Ciofanus
1466 1583 1508 1604 ex
1523 1574 1637 1604 multis

181 1624 268 1650 vett.
285 1617 417 1659 profert
433 1629 513 1649 non:
538 1623 573 1649 at
591 1619 686 1649 multi
703 1627 778 1649 curn
795 1616 997 1658 quibusdam
1024 1617 1159 1657 scriptis
1177 1617 1291 1656 legunt
1309 1627 1385 1656 quae.
1432 1616 1494 1648 Ed.
1511 1626 1562 1656 pr.
1577 1626 1637 1647 non

181 1665 303 1692 tantum
317 1663 483 1692 σπῆι-12
508 1661 567 1691 Pr.
584 1660 647 1691 Ed.
670 1663 699 1691 et
718 1661 844 1700 placita’
859 1662 1019 1700 sap—13
1043 1659 1122 1690 Juu.
1142 1659 1317 1699 Calypson;
1342 1658 1438 1689 Leid.
1458 1659 1637 1699 Calypsum.

182 1706 265 1734 —17
290 1703 383 1735 Editi
411 1708 446 1735 et
473 1703 592 1744 scripti
618 1703 755 1745 quidam
782 1703 865 1741 Non,
892 1708 928 1733 et
952 1712 1002 1743 pr.
1029 1701 1094 1733 Ed.
1109 1701 1207 1742 Num,
1224 1710 1285 1742 pro
1303 1699 1381 1732 Nec.
1418 1701 1503 1732 Mox
1517 1701 1638 1732 audisse

833 1797 977 1831 NOTAE

223 1882 241 1910 7
266 1880 393 1912 Praeter
418 1879 486 1919 nos]
520 1880 590 1910 Per
616 1879 883 1919 indignationem

184 1931 276 1963 istud
303 1942 323 1962 a
351 1931 462 1963 Poeta
478 1931 628 1970 dictun1;
653 1941 751 1973 quem
767 1931 883 1962 vivere

186 1982 347 2014 taedebat.

226 2034 246 2061 9
274 2033 470 2073 Exemplum]
487 2034 688 2074 Quanquam
706 2036 803 2064 tanta
816 2041 884 2063 non

183 2087 236 2112 est
252 2091 366 2122 passus
379 2088 505 2123 quanta
518 2092 582 2122 ego
597 2082 734 2122 pertuli.

228 2134 268 2163 10
291 2132 365 2163 Duo
377 2132 493 2172 lustra]
516 2132 739 2163 Decennium.
771 2133 886 2165 Quan-

184 2192 283 2224 quam
300 2184 388 2214 enim
402 2190 546 2224 quatuor
561 2193 721 2215 annorum
739 2184 885 2223 spatium

186 2238 317 2265 tanturn
336 2234 476 2265 lustrum
500 2235 819 2275 comprehenderet,
834 2234 884 2265 uti

184 2284 327 2323 ipsemet
344 2284 436 2314 Naso
452 2293 553 2324 supra
569 2284 745 2321 indicavit,
759 2289 886 2322 tamen,

185 2334 263 2374 qnia
278 2344 340 2375 per
356 2335 510 2375 quintum
528 2345 649 2366 annum
668 2335 700 2365 in
718 2344 816 2376 quem
829 2335 886 2366 de·

185 2384 319 2416 sinebat
342 2385 598 2424 numerabatur,
623 2386 714 2416 ilium
741 2394 885 2426 quoque,

188 2439 224 2465 ut
251 2440 288 2467 et
312 2436 366 2466 alii
392 2436 562 2476 fecerunt,
584 2437 718 2478 poetica
745 2436 885 2467 licentia

187 2486 457 2526 comprehendit.

232 2538 270 2565 12
295 2535 411 2575 Moroe]
436 2537 539 2567 Verbi
565 2538 675 2577 gratia
706 2536 792 2578 apud
823 2537 886 2567 Ca·

188 2585 376 2624 lypsouem‚
389 2585 531 2625 AEolum,
546 2588 612 2617 &c.

234 2637 272 2665 13
297 2634 446 2674 Calypso]
469 2635 555 2667 Quae
581 2636 709 2667 Oceani
725 2641 761 2668 et
774 2634 887 2667 Theti·

190 2685 240 2714 dis
257 2682 342 2722 filia;
366 2683 518 2726 adeoque
534 2695 692 2727 aequorea
715 2697 734 2718 a
752 2687 887 2718 Nasone

192 2735 392 2777 appellatur.

979 1881 1018 1910 15
1045 1877 1254 1918 Hippotades]
1272 1877 1386 1907 AEolus
1402 1879 1456 1907 est
1472 1875 1637 1917 Hippotae

936 1930 1038 1969 filius,
1055 1940 1116 1961 rex
1138 1935 1328 1968 ventorum,
1355 1938 1374 1959 a
1397 1937 1463 1969 quo
1492 1927 1637 1967 benigne

937 1981 1078 2020 Ulysses
1093 1983 1270 2020 acceptus,
1286 1983 1321 2010 et
1337 1978 1460 2019 ventis,
1474 1977 1637 2020 quibusin

938 2030 1083 2071 patriam
1101 2030 1241 2068 rediret,
1259 2029 1415 2060 donatus.

984 2083 1024 2112 16
1050 2080 1179 2121 Curi-et]
1205 2080 1400 2112 Curvantur
1426 2088 1508 2111 vero
1534 2081 1570 2110 et
1598 2079 1639 2110 si-

940 2135 1086 2162 nuantur
1102 2132 1178 2162 vela
1193 2140 1269 2162 cum
1285 2131 1396 2162 ventis
1413 2129 1606 2161 traduntur.

985 2185 1023 2213 17
1048 2179 1187 2220 Puellas]
1213 2181 1349 2212 Sirenes
1373 2180 1471 2219 dicit,
1497 2179 1641 2210 Parthe-

940 2242 1066 2273 nopen,
1081 2232 1290 2271 Leucosiam,
1307 2236 1342 2262 et
1362 2230 1514 2271 Lygiam,
1528 2229 1639 2261 Ache-

939 2283 985 2314 loi
1010 2288 1047 2313 et
1077 2282 1246 2322 Calliopes
1271 2280 1372 2320 filias,
1398 2290 1474 2322 quae
1497 2280 1640 2311 allectos

940 2337 1042 2364 cantu
1055 2333 1088 2363 in
1106 2342 1198 2363 mare
1215 2331 1456 2362 deturbabant.
1502 2330 1574 2360 Has
1590 2333 1639 2360 ta-

939 2391 1017 2414 men
1041 2382 1196 2423 U1ysses,
1211 2390 1289 2412 cera
1311 2380 1479 2410 sociorum
1502 2377 1638 2408 auribus

939 2434 1117 2472 obturatis,
1150 2433 1236 2463 malo
1277 2431 1444 2470 anigatus,
1473 2429 1546 2468 ipse
1581 2428 1640 2459 im-

939 2493 1042 2524 pune,
1059 2484 1177 2515 Circes
1195 2491 1271 2512 usus
1287 2480 1441 2517 consilio,
1457 2477 1598 2509 audivit.

985 2536 1025 2563 18
1048 2532 1156 2571 Lotos]
1179 2531 1292 2561 Arbor
1308 2529 1372 2560 fuit
1389 2530 1421 2560 in
1435 2528 1565 2567 Africa,
1581 2538 1640 2560 cu·

933 2583 990 2623 jus
1010 2582 1140 2611 fructus
1157 2585 1226 2611 tam
1251 2584 1368 2619 gratus
1393 2582 1443 2618 nt,
1459 2578 1639 2620 degustato

940 2632 1008 2669 illo,
1025 2630 1146 2670 patriae
1164 2634 1264 2669 atque
1278 2629 1446 2659 sociorum
1462 2628 1559 2660 obliti
1572 2629 1637 2660 sint

942 2692 1024 2723 quos
1043 2681 1250 2711 sciscitatum
1268 2680 1406 2711 miserat
1422 2679 1572 2720 Ulysses.
