1863 3193
211 133 325 176 2264
700 145 739 175 P.
771 143 930 174 ovum
964 143 1175 176 NAsoNJs

213 237 417 291 Quaeque
437 237 534 278 dies
553 236 731 285 bellum,
752 237 852 276 belli
876 236 954 277 tibi
977 237 1153 278 sustulit
1172 238 1304 281 iram:

269 306 472 358 Parsque
493 305 621 345 simul
646 304 817 356 templis
837 306 1021 356 utraque
1044 304 1159 345 dona
1180 306 1295 347 tulit.

213 371 361 426 thue
383 376 484 413 tuus
501 371 657 424 gaudet
676 371 819 420 miles,
841 371 960 423 quod
982 373 1137 412 vicerit
1154 373 1319 414 hostem
1337 387 1348 425 ;

269 440 361 489 Sic,
382 441 544 480 victum
567 453 644 479 eur
663 452 709 479 se
729 439 935 490 gaudeat,
956 439 1098 479 hostis
1119 440 1267 481 habet.

213 506 360 548 Causa
379 519 477 547 mea
496 511 561 547 est
582 506 754 547 melior:
788 507 863 559 qui
885 519 968 546 nee
990 507 1208 547 contraria
1228 507 1350 548 dicor

269 572 423 622 Arma,
444 586 524 613 nec
544 574 724 614 hostiles
744 586 838 614 esse
859 577 1032 614 secutus
1054 587 1176 627 opes,

212 640 298 681 Per
317 654 450 690 mare,
473 654 550 693 per
572 644 721 690 terras,
742 653 821 693 per
841 642 968 681 tertia
985 641 1163 681 numina
1177 640 1295 693 juro,

268 707 354 748 Per
375 711 432 756 te,
455 710 713 760 praesentem
733 707 1105 760 conspicuumque
1129 707 1272 747 Deum
1290 721 1300 758 ;

211 773 350 814 Hunc
372 775 565 814 animum
583 772 746 814 favisse
768 774 862 824 tibi,
885 774 965 815 Vir
984 775 1174 814 maxime
1192 788 1201 815 ε
1232 785 1406 826 meque,

270 840 372 890 Qua
394 841 491 880 sola
511 840 649 892 potui,
670 846 813 880 mente
833 840 970 880 fuisse
992 843 1130 879 tuum.

210 906 372 960 Optavi
389 911 560 958 peteres
583 905 788 945 coelestia
810 905 956 945 sidera
976 903 1128 955 tarde3

267 973 467 1026 Parsque
487 972 548 1012 fui
568 972 704 1012 turbae
726 984 866 1024 parva
886 972 1105 1025 precantis
1126 972 1254 1012 idem.

210 1039 265 1080 Et
283 1040 359 1094 pia
378 1039 503 1080 thura
525 1039 625 1079 dedi
645 1052 726 1091 pro
749 1043 788 1079 te
805 1054 814 1080 :
847 1053 1031 1092 cumque
1052 1040 1250 1080 omnibus
1271 1052 1385 1080 unus

266 1106 370 1159 Ipse
387 1119 560 1159 quoque
583 1106 730 1159 adjuvi
750 1106 930 1158 publiea
947 1110 1056 1146 vota
1075 1107 1199 1146 meis.

210 1172 330 1222 Quid
349 1172 528 1212 referam
548 1173 683 1212 libros
705 1172 806 1212 illos
828 1185 1019 1225 quoque,
1044 1172 1223 1212 crimina
1238 1176 1404 1222 nostra,

268 1239 395 1280 Mille
417 1239 529 1279 loeis
548 1240 701 1292 plenos
721 1240 909 1280 nominis
933 1252 1030 1280 esse
1051 1240 1146 1281 tui?

1605 439 1663 480 50

1608 773 1667 813 55

1606 1105 1663 1147 60

209 1353 296 1380 tuum
310 1351 411 1388 caput,
453 1347 556 1388 Atque
581 1349 648 1380 dies
672 1359 739 1389 quae
766 1348 960 1390 profligavit
985 1350 1104 1388 bellum,
1130 1348 1273 1380 delinivit
1298 1352 1383 1379 lnam
1410 1349 1510 1380 iram.-
1535 1353 1565 1380 et
1586 1361 1663 1391 pars

207 1395 336 1431 utraque
348 1390 439 1420 simul
459 1392 594 1430 portavit
619 1402 745 1423 munera
768 1392 801 1422 in
826 1394 947 1432 templa.
996 1394 1039 1423 Ee
1056 1392 1303 1433 quemadmodum
1330 1395 1400 1422 {uus
1421 1393 1508 1423 miles
1523 1393 1661 1433 Ioetatur,

208 1435 287 1473 qnod
302 1433 450 1464 domuerit
467 1434 582 1464 hostem
595 1445 606 1470 ,·
639 1435 682 1464 sic
698 1435 794 1465 hostis
809 1435 899 1465 habet
915 1436 1104 1475 quamobrem
1128 1436 1251 1465 laetetnr
1265 1444 1333 1465 cnm
1348 1434 1447 1465 victus
1459 1435 1511 1466 sit.
1558 1437 1661 1467 Causa

208 1486 275 1506 mea
291 1480 335 1506 cst
348 1476 462 1514 potior,
479 1476 530 1515 qni
546 1486 639 1516 neque
651 1476 813 1516 perhibeor
823 1481 943 1508 secutus
958 1488 1046 1508 arma
1061 1479 1204 1515 adversa,
1220 1486 1274 1507 nec
1286 1476 1389 1516 copias
1404 1477 1541 1510 hostiles,
1578 1479 1659 1509 Juro

204 1527 262 1557 per
278 1518 425 1555 Pontum,
436 1528 493 1557 per
510 1518 670 1557 Tellurem,
685 1529 740 1559 per
753 1519 847 1550 tertia
862 1520 1002 1558 numina,
1013 1530 1070 1560 per
1084 1523 1114 1550 te
1127 1520 1230 1550 Deum
1243 1522 1424 1559 proesentem
1437 1523 1528 1560 atque
1542 1521 1660 1561 conspi-

206 1570 305 1599 cuum,
327 1560 405 1591 hanc
419 1563 548 1591 mentem
563 1561 620 1591 tibi
635 1561 807 1592 benevolam
816 1563 930 1601 fuisse,
953 1563 1010 1593 Vz'r
1025 1563 1181 1599 maxime;
1205 1571 1310 1601 meque
1317 1561 1419 1599 fuisse
1443 1564 1530 1593 tunm
1545 1564 1661 1603 animo,

209 1612 267 1641 quo
278 1602 339 1632 solo
355 1602 441 1632 licuit
457 1612 530 1633 esse.
566 1604 652 1642 Vovi,
667 1608 701 1634 ut
716 1614 783 1634 sero
798 1605 902 1636 adires
917 1608 1005 1636 astra
1020 1605 1152 1636 aetherea
1164 1616 1175 1640 ;
1197 1608 1226 1635 et
1233 1604 1286 1641 sui
1298 1613 1373 1644 pars
1387 1604 1503 1643 exigua
1517 1606 1660 1636 multitu-

208 1644 290 1674 dinis
304 1644 441 1676 voi-entis
455 1645 543 1676 idem.
587 1647 689 1686 Atque
713 1646 808 1677 obtuli
821 1647 874 1687 pia
891 1647 983 1678 thura
996 1657 1052 1686 pro
1068 1651 1117 1678 te:
1139 1651 1169 1677 et
1184 1657 1239 1686 ego
1253 1656 1331 1677 unus
1352 1656 1420 1677 cum
1435 1647 1572 1677 omnibus
1585 1648 1662 1679 meis

205 1687 344 1725 promovi
358 1687 451 1717 etiam
466 1689 635 1718 communia
649 1689 813 1721 desideria.
861 1689 1064 1725 Quamobrem
1075 1699 1246 1721 recenseam
1266 1690 1335 1720 illos
1348 1690 1442 1720 etiam
1455 1690 1579 1730 libellos,
1593 1700 1660 1722 mea

814 1773 1046 1785 evome-temo—

209 1823 328 1853 Parlho
350 1826 493 1863 superato
520 1828 681 1865 saep.—45
707 1827 787 1858 Lov.
813 1827 883 1857 hon.
909 1830 1094 1866 aplos—48
1117 1828 1212 1859 Unus
1237 1827 1320 1858 Cod.
1349 1829 1411 1857 utr.
1437 1827 1531 1857 thura
1556 1829 1657 1858 tul.—

206 1868 248 1894 49
274 1865 342 1895 Pro
358 1867 435 1904 quod
452 1866 506 1896 alii
530 1868 621 1907 quia:
645 1868 720 1899 Pal.
746 1874 781 1900 et
807 1869 891 1899 editi
917 1869 1053 1909 quidam
1079 1870 1154 1911 qui;
1178 1879 1264 1899 unus
1290 1869 1406 1899 Heius.
1427 1869 1549 1900 si.—53
1572 1870 1657 1900 Lov-

204 1916 260 1945 γει*
281 1907 418 1938 maxima
446 1918 528 1939 num.
567 1909 804 1941 Casaubonum
832 1911 953 1950 legisse
979 1915 1028 1942 ter
1052 1914 1116 1942 tria
1139 1912 1273 1942 notavit
1295 1911 1553 1941 Francius.—55
1579 1911 1657 1942 Duo

209 1949 287 1978 libri
303 1950 396 1980 Hanc
413 1950 708 1988 animamsav.—57
733 1954 822 1984 Mor.
843 1955 915 1992 Opt.
931 1957 965 1983 nt
987 1957 1087 1995 peter.
1109 1954 1192 1984 Tum
1210 1954 1270 1983 Be.
1287 1957 1322 1982 et
1346 1958 1414 1983 tres
1431 1952 1506 1983 libri
1521 1955 1587 1984 coel.
1603 1963 1658 1984 nu-

208 1992 290 2021 mina
305 1991 372 2029 jur.
396 1993 463 2023 Ms.
484 1994 616 2025 Bersm.
641 1995 786 2026 numine:
809 1995 904 2026 Unus
931 2005 972 2026 ex
1000 1995 1134 2035 scriptis
1161 1995 1263 2024 sidera
1276 1997 1458 2025 serus.—60
1482 1996 1575 2026 Unus
1598 1996 1656 2028 lib.

208 2032 288 2070 publ.
303 2033 392 2071 jussa
408 2038 532 2065 m.-—61
558 2035 622 2066 Ed.
651 2038 779 2068 Bersm.
796 2038 841 2068 ill.
856 2047 930 2076 quos
952 2037 1039 2067 crim.
1056 2037 1155 2067 dicis.-
1178 2037 1364 2067 unusliber
1388 2037 1476 2067 crim.
1496 2038 1658 2070 Censor.—

211 2078 251 2105 02
266 2075 340 2106 Duo
359 2080 440 2108 vett.
453 2078 535 2116 plen.
546 2078 680 2108 numinis
695 2088 750 2109 ess.
788 2078 829 2108 In
846 2088 912 2109 uno
924 2083 999 2109 erat
1012 2080 1128 2120 plenos,
1140 2079 1279 2110 laudibus
1293 2089 1350 2111 ess.
1367 2079 1430 2110 tuis
1438 2090 1450 2117 ;
1474 2080 1508 2110 in
1523 2080 1656 2113 Bersm.

860 2165 1003 2199 NOTAE

209 2241 300 2268 tatur
315 2237 540 2278 Tranquillus.

249 2290 289 2318 48
314 2287 398 2318 Pars
412 2287 554 2327 utraque]
579 2287 764 2328 Angustus,
785 2289 863 2330 quia
887 2299 905 2320 a

208 2336 284 2368 Diis
313 2341 486 2375 scrvatus3
520 2337 699 2378 conjurati,
725 2339 803 2380 quia
832 2339 904 2379 ipse

212 2390 437 2426 pepercerat:
462 2396 604 2427 namque
629 2387 753 2427 smpius
770 2388 841 2428 ejus
858 2389 904 2419 vi-

207 2441 274 2466 tam
291 2435 423 2466 insidiis
439 2436 581 2475 petitam
600 2441 744 2469 constat.

250 2488 289 2514 50
315 2486 380 2516 Cur
408 2495 438 2515 se
465 2486 617 2526 gaudeat]
664 2488 754 2519 Quia
783 2498 904 2530 nempe

212 2543 276 2563 non
293 2535 435 2573 amplius
452 2535 600 2567 infensus
618 2537 740 2569 Caesar.

249 2587 287 2613 5⁴3
315 2584 435 2624 Tertia]
459 2587 602 2627 Caelum,
620 2588 726 2628 etqui
751 2588 784 2619 in
801 2592 903 2620 coest

207 2634 340 2666 Jovem.

250 2686 290 2715 56
314 2682 402 2723 Sola]
424 2683 473 2715 Re
491 2684 564 2725 ipsa
589 2695 730 2727 namque
750 2686 902 2728 Augusto

958 2239 1095 2272 favendi
1122 2242 1213 2272 nulla
1243 2242 1355 2273 oblata
1382 2243 1529 2281 occasio,
1557 2243 1660 2274 sicuti

959 2291 1132 2330 cogitabat
1155 2292 1319 2323 Ovidius:
1344 2302 1532 2333 quanquam
1554 2292 1655 2326 favis·

958 2346 1023 2379 set,
1037 2341 1203 2381 siquidem
1219 2348 1332 2373 castus
1349 2342 1479 2374 fuisset.

1000 2395 1040 2422 57
1068 2392 1182 2431 Tarde]
1230 2393 1356 2424 Eadem
1384 2403 1492 2434 prope
1522 2395 1655 2426 vovisse

958 2441 1061 2472 etiam
1091 2442 1242 2481 reperias
1272 2443 1451 2474 Horatium
1483 2444 1655 2484 Flaccum,

957 2491 1065 2521 virum
1093 2492 1227 2531 quidem
1255 2502 1352 2532 quem
1380 2493 1470 2524 inter
1490 2494 1653 2526 Ethnicos

958 2540 1045 2572 haud
1064 2546 1190 2572 temere
1207 2551 1225 2572 a
1245 2542 1374 2582 judicio
1396 2544 1551 2584 cuiquam
1568 2544 1652 2577 infe-

957 2591 1077 2621 riorem
1103 2591 1250 2622 dixeris:
1275 2597 1427 2624 ceterum
1443 2594 1540 2625 aliter
1559 2595 1651 2637 loqui

954 2641 1078 2671 malim.

997 2693 1038 2722 02
1062 2691 1176 2722 Plenos
1189 2691 1335 2732 nominis]
1358 2693 1434 2725 Hoc
1457 2703 1536 2726 vcro
1555 2694 1651 2728 mini-
