1863 3193
1513 170 1627 212 2283

1543 274 1630 315 295

670 181 913 214 TRISTIUM
947 182 1041 212 LIB.
1073 183 1128 213 11.

172 274 355 317 Venerit
374 277 418 317 in
435 275 581 328 magni
604 277 828 329 templum,
854 280 930 316 tua
950 289 1142 325 munera,
1166 274 1355 327 Martis3

230 343 326 384 Stat
348 344 502 384 Venus
523 341 663 382 Ultori
681 344 834 394 juncta
859 346 949 385 xiro
973 351 1070 384 aute
1090 344 1222 384 fores.

172 409 311 451 Isidis
333 411 427 451 aede
445 410 613 457 sedens,
635 423 713 449 cur
733 411 843 450 lianc
865 412 1083 460 Saturnia,
1104 414 1283 464 quaeret,

230 477 376 529 Egerit
399 477 526 517 Ionio
550 477 857 529 Bosporioque
880 478 1000 517 mari.

172 545 227 586 In
251 544 420 585 Venere
442 543 675 592 Anchises,
695 544 737 582 in
761 544 888 584 Luna
910 544 1106 584 Latmius
1126 544 1270 595 heroS‚

231 612 284 652 In
306 611 460 651 Cerere
484 611 651 660 Iasion,
675 611 751 664 qui
773 611 995 659 referatur,
1019 612 1112 651 erit.

1543 609 1628 651 300

168 742 272 782 gentis
286 752 359 783 qua=
377 746 430 774 tua
453 754 603 780 mmzeru,·
632 745 735 776 Venus
751 749 796 775 cst
817 746 927 783 juncta
951 746 1016 775 viro
1048 745 1174 775 Vindici
1190 743 1410 781 antejanumn.
1459 741 1576 772 Sedens
1597 741 1630 771 in

170 786 280 824 templo
302 786 408 823 Isidis,
424 790 507 825 petet
523 787 716 826 quamobrem
732 787 881 818 Saturnia
896 789 979 818 illum
997 788 1166 826 agitaverit
1182 796 1237 826 prr
1261 796 1346 816 mare
1368 785 1489 815 Ionium
1505 788 1534 815 et
1551 785 1631 814 Bos-

167 827 321 867 phort'um.
367 829 517 859 Anchises
532 830 593 860 erit
615 831 667 869 qui
683 835 867 861 memoretur·
882 832 913 861 *in
944 831 1070 870 Venere,
1088 830 1174 860 heros
1195 829 1340 860 Latmius
1355 829 1388 858 in
1407 829 1510 865 Luna,
1526 828 1630 858 Iusz'on

777 923 1010 934 eeeeeeeeeeee

170 980 387 1009 maten—‘294
413 977 479 1008 Alii
495 987 583 1017 quar.
601 977 713 1017 qua’rit
731 978 879 1007 E.—295
904 976 958 1006 Sic
978 976 1096 1006 Heius.
1115 976 1245 1015 scribit,
1269 975 1489 1016 sequiturque
1505 974 1631 1004 multos

171 1025 257 1051 vett.
303 1020 342 1051 Iu
361 1021 433 1051 aliis
449 1021 573 1058 legitur
600 1021 631 1050 in
659 1021 762 1059 templ.
788 1029 892 1057 magn.
911 1023 964 1049 tua
981 1020 1116 1057 nurninn,
1133 1020 1181 1049 M.
1200 1019 1358 1049 Barthius
1376 1020 1407 1047 in
1425 1028 1484 1048 suo
1503 1016 1632 1056 reperit

172 1062 254 1093 Cod.
272 1064 375 1102 templ.
405 1063 537 1093 Lavinia
562 1063 718 1092 JlI.—296
743 1063 908 1092 Duriores
939 1062 1080 1097 numeri,
1108 1071 1216 1101 neque
1244 1066 1337 1091 recte
1355 1060 1495 1090 Veneris
1513 1060 1632 1097 virum,

170 1107 179 1120 ⁴
197 1105 362 1135 Ultorem’
382 1106 530 1135 Martem
548 1105 614 1134 dici
633 1109 715 1142 puto
731 1116 739 1141 3
757 1115 831 1134 cum
848 1108 968 1134 (tumtur
986 1103 1101 1138 fuerit,
1116 1113 1214 1142 quem
1232 1104 1297 1132 viro
1315 1102 1404 1132 infra
1418 1112 1465 1131 vs.
1482 1105 1556 1132 372.
1575 1111 1633 1141 op-

171 1148 288 1186 ponit:
312 1146 401 1177 forte
418 1148 605 1186 scripserit,
621 1147 693 1177 Stet
710 1148 808 1176 Venus
828 1146 932 1175 Ultori
944 1146 1056 1182 juncta
1078 1145 1152 1184 quid
1168 1149 1238 1175 ante
1254 1142 1367 1181 fores?
1391 1144 1525 1174 scilicet
1542 1153 1632 1184 quae-

170 1194 246 1227 ret3
269 1190 354 1229 quid,
379 1190 412 1219 id
435 1196 501 1227 est,
526 1198 628 1229 quare
658 1189 772 1218 Venus
797 1191 866 1217 stet
893 1193 972 1217 aute
998 1186 1089 1217 fores
1111 1188 1234 1226 juncta
1262 1186 1385 1216 Ultori.
1410 1187 1630 1216 &rm—297

172 1232 262 1263 Quia
277 1235 391 1271 quoeret
408 1233 506 1271 paulo
525 1236 604 1260 ante
630 1234 854 1269 praecesserat
882 1230 1039 1259 Francius
1063 1230 1116 1259 liic
1134 1229 1283 1260 malebat
1299 1229 1499 1259 dicet.—298
1528 1228 1633 1258 Bisto-

169 1274 274 1314 rioque
289 1284 349 1314 pro
366 1273 568 1312 Bistonioque
596 1273 723 1302 Lovau.
750 1272 961 1312 Hesper-ioque
987 1272 1082 1303 Leid.
1110 1273 1221 1303 Burm.
1239 1272 1418 1302 Sea—299
1446 1271 1572 1308 Venere,
1597 1274 1634 1301 et

170 1316 272 1356 Luna,
289 1321 324 1347 et
340 1316 493 1356 proximo
509 1325 557 1346 vs.
584 1316 707 1355 Cerere,
734 1315 855 1346 Heius.
882 1315 1024 1346 suadet:
1063 1316 1153 1356 vulg.
1177 1315 1211 1345 in
1238 1314 1431 1346 accusativo
1455 1314 1507 1344 hae
1532 1322 1633 1345 voces

828 1417 973 1449 NOTAE

213 1495 275 1524 294
304 1491 554 1530 Erichthonium]
583 1491 652 1522 Hic
669 1501 710 1522 ex
727 1491 872 1522 Vulcani

169 1543 310 1583 semine,
343 1552 362 1573 a
392 1542 536 1572 Pallade
570 1542 740 1581 repulsam
771 1540 874 1581 passi,

170 1599 262 1625 ortus
273 1597 326 1624 est
343 1602 429 1633 puer
441 1593 626 1622 draconum
644 1591 786 1631 pedibus
799 1591 874 1621 hor-

172 1642 290 1674 ribilis.
333 1643 458 1674 Dictus
485 1647 537 1673 est
552 1641 612 1672 ἀπὸ
636 1643 692 1678 τῆς
715 1640 809 1681 ἔριδος
824 1641 875 1673 καὶ

172 1692 292 1732 χθονὸς,
315 1703 358 1724 ex
382 1693 601 1725 contentione
626 1697 661 1723 et
676 1692 789 1731 Immo,
810 1693 874 1723 hac

173 1752 286 1774 causa.
310 1743 450 1784 Jupiter
461 1753 521 1783 per
536 1742 701 1774 infernam
715 1742 872 1783 paludem

173 1793 555 1833 vulcanojuraveratse
568 1793 648 1823 nihil
660 1799 872 1833 negaturum,

174 1842 264 1883 quod
295 1842 372 1873 Diis
405 1853 496 1873 arma
527 1844 688 1874 adversus
719 1844 874 1883 gigantes

173 1891 324 1924 fecisset.
392 1892 454 1922 Ille
499 1892 650 1922 Palladis
688 1893 875 1932 postulavit

170 1943 321 1983 nuptias.
351 1941 512 1973 Abnuere
527 1952 592 1972 non
608 1943 719 1981 potuit
731 1943 786 1982 qui
800 1952 874 1973 sese

172 1996 269 2023 tanta
290 1992 453 2031 religione
477 1992 749 2022 constrinxerat:
775 1991 875 2022 adeo-

166 2093 277 2133 jicere
294 2097 434 2123 coactus
444 2097 508 2123 est.
554 2092 743 2123 Minervam
758 2092 874 2132 igitur,

173 2142 264 2184 quod
281 2143 446 2183 reliquum
470 2141 548 2180 fuit,
571 2142 726 2173 hortatus
750 2147 814 2182 est,
837 2146 875 2173 ut

173 2191 376 2233 pudicitiam
394 2191 606 2230 defenderet,
618 2193 707 2232 quod
725 2201 763 2222 ea
780 2202 874 2232 egre-

174 2242 229 2283 gie
253 2242 437 2283 praestitit:
468 2242 527 2273 sed
564 2252 624 2282 per
649 2251 722 2272 eam
750 2243 875 2273 luctam

173 2292 316 2323 Vulcani
353 2301 466 2323 semen
498 2292 531 2322 in
571 2297 697 2323 terram
736 2292 874 2323 decidit.

173 2341 260 2374 Inde
289 2342 551 2374 Erichthonius:
592 2352 781 2384 quanquam
817 2343 875 2374 alii

174 2394 285 2426 aliter.
324 2394 491 2425 Minervae
506 2403 584 2424 vero
598 2402 696 2424 curas
714 2393 746 2424 in
761 2403 800 2425 eo
812 2394 876 2424 tol-

175 2443 273 2475 lendo
290 2443 366 2475 vide
384 2444 417 2474 in
434 2444 575 2474 Metam.

217 2496 278 2524 295
307 2493 387 2533 Tua]
419 2493 507 2525 Quia
532 2494 637 2524 Marti
663 2494 766 2525 ultori
791 2493 874 2524 illud

177 2543 447 2584 templum,quod
459 2543 545 2574 bello
560 2553 620 2583 pro
632 2543 760 2574 ultione
770 2544 875 2583 patris

178 2596 335 2631 suscepto
344 2598 496 2632 voverat,
506 2593 676 2624 exstruxit
689 2593 875 2633 Augustus.

221 2642 285 2670 290
295 2641 426 2682 daneta]
443 2643 531 2675 Quia
544 2643 686 2673 Veneris
699 2643 876 2683 genitricis

181 2689 272 2721 aedes
283 2689 404 2720 Martis
417 2693 543 2732 templo
558 2693 731 2732 proxima:
749 2696 786 2723 ut
800 2693 876 2723 hinc

179 2749 321 2781 pronum
345 2739 389 2770 sit
412 2739 483 2779 ejus
507 2750 583 2773 cum
598 2742 654 2773 illa
670 2742 873 2774 adulterium

927 1491 1118 1522 recordari:
1159 1496 1231 1523 tum
1268 1492 1437 1534 nequitias
1467 1491 1631 1532 ejusmodi

927 1542 1098 1581 aucupari.
1143 1542 1303 1572 Ceterum
1320 1542 1476 1578 observa,
1493 1542 1632 1580 Lector,

928 1597 1052 1633 quanta
1084 1592 1250 1623 industria
1277 1602 1379 1623 voces
1413 1591 1634 1632 conquisierit

928 1642 1051 1682 Poeta,
1069 1652 1143 1683 quae
1155 1642 1300 1672 maxime
1314 1643 1470 1673 instituto
1482 1641 1633 1673 faveant.

929 1692 976 1723 Ut
1004 1702 1075 1723 rem
1107 1693 1215 1732 ipsam
1245 1697 1371 1731 narrat,
1402 1702 1467 1722 non
1499 1691 1633 1722 videtur

927 1743 1105 1784 quisquam
1123 1752 1221 1783 posse
1250 1742 1292 1772 ad
1317 1742 1442 1772 Martis
1465 1741 1555 1772 mdes
1581 1751 1633 1772 ac-

928 1793 1066 1832 cedere,
1089 1793 1169 1834 quin
1194 1793 1285 1823 illum
1308 1792 1476 1823 adulteria
1491 1792 1632 1822 suaden-

929 1846 997 1873 tem
1016 1843 1133 1873 audiat
1154 1846 1212 1873 aut
1227 1842 1354 1873 videat.

971 1896 1033 1923 297
1059 1893 1142 1931 Cur]
1175 1892 1277 1930 Quia,
1301 1892 1443 1929 scilicet,
1463 1891 1502 1921 Io
1520 1890 1633 1930 pellex

929 1940 1006 1980 fuit,
1022 1943 1112 1973 Juno
1140 1951 1227 1979 eam,
1243 1942 1276 1970 in
1293 1950 1430 1971 vaccam
1457 1944 1634 1979 mutatam,

929 1995 1002 2021 toto
1033 1991 1114 2021 orbe
1138 1990 1293 2029 agitavit,
1310 1990 1419 2019 donec
1448 1989 1480 2018 in
1506 1988 1575 2019 Isin
1599 1988 1634 2019 in

929 2039 1078 2080 AEgypto
1092 2048 1256 2070 conversa
1272 2043 1334 2069 est.
1360 2040 1471 2071 Quam
1483 2037 1634 2069 fabulam

930 2090 1005 2120 vide
1023 2089 1056 2119 in
1074 2090 1214 2120 Metam.
1231 2098 1374 2129 namque
1391 2088 1517 2120 frustra
1533 2089 1634 2120 toties

928 2139 1062 2169 easdem
1076 2138 1271 2179 quisquilias
1287 2148 1530 2169 everreremus.
1556 2140 1634 2169 Fes-

929 2189 1092 2227 tinanter‚
1107 2194 1142 2219 et
1157 2198 1271 2218 earum
1284 2198 1396 2219 rerum
1408 2189 1634 2219 tollendarum

929 2249 1029 2271 causa
1056 2249 1130 2280 quae
1162 2239 1261 2270 bonae
1293 2243 1382 2277 sunt,
1413 2244 1532 2269 cetera
1559 2248 1634 2279 per-

930 2291 1140 2329 stringenda.
1188 2289 1278 2320 Iniis
1293 2299 1358 2319 non
1375 2290 1635 2321 immorandum.

972 2343 1034 2371 299
1045 2339 1209 2379 Anchises]
1223 2339 1290 2371 Qui
1300 2349 1341 2370 ex
1352 2339 1484 2370 venere
1494 2339 1634 2370 AEneam

930 2390 1092 2430 suscepit.

954 2466 957 2467 γ
973 2440 1134 2480 Latmius]
1149 2439 1354 2480 Endymion,
1365 2440 1511 2469 aLatmo
1524 2439 1633 2471 Cariae

930 2495 1044 2522 monte
1060 2491 1107 2521 sic
1123 2490 1248 2528 (lictus,
1264 2498 1362 2529 quem
1386 2490 1480 2519 Luna
1496 2489 1635 2521 amavit.

971 2545 1034 2573 300
1064 2541 1185 2580 lmen]
1217 2540 1283 2572 Qui
1306 2539 1404 2572 ,lovis
1427 2543 1462 2569 et
1486 2539 1633 2572 Electrae

929 2592 1016 2624 lilius
1047 2602 1088 2623 ex
1112 2590 1240 2631 Cybele
1269 2599 1372 2620 uxore
1401 2588 1633 2628 c01ybantiun1

931 2642 1066 2682 genuit:
1091 2650 1132 2671 ex
1161 2640 1285 2670 Cerere
1315 2648 1393 2671 vero
1420 2648 1482 2679 per
1504 2638 1635 2671 adulte-

931 2694 1016 2724 rium
1034 2691 1231 2722 Plutonem.
