<?xml version="1.0" encoding="UTF-8"?>
<!DOCTYPE html PUBLIC "-//W3C//DTD XHTML 1.0 Transitional//EN"
    "http://www.w3.org/TR/xhtml1/DTD/xhtml1-transitional.dtd">
<html xmlns="http://www.w3.org/1999/xhtml" xml:lang="en" lang="en">
 <head>
  <title>
</title>
<meta http-equiv="Content-Type" content="text/html;charset=utf-8" />
  <meta name='ocr-system' content='tesseract 3.04.00' />
  <meta name='ocr-capabilities' content='ocr_page ocr_carea ocr_par ocr_line ocrx_word'/>
</head>
<body>
  <div class='ocr_page' id='page_1' title='image "./operaomniaexedit05oviduoft/operaomniaexedit05oviduoft_0243.png"; bbox 0 0 1877 3193; ppageno 0'>
   <div class='ocr_carea' id='block_1_1' title="bbox 627 194 1624 238">
    <p class='ocr_par' dir='ltr' id='par_1_1' title="bbox 627 194 1624 238">
     <span class='ocr_line' id='line_1_1' title="bbox 627 194 1624 238; baseline 0.004 -4"><span class='ocrx_word' id='word_1_1' title='bbox 627 203 867 235; x_wconf 73' lang='lat' dir='ltr'>TRISTIUM</span> <span class='ocrx_word' id='word_1_2' title='bbox 902 204 998 235; x_wconf 73' lang='lat' dir='ltr'>mn.</span> <span class='ocrx_word' id='word_1_3' title='bbox 1031 205 1078 234; x_wconf 89' lang='lat' dir='ltr'>v.</span> <span class='ocrx_word' id='word_1_4' title='bbox 1110 194 1152 235; x_wconf 82' lang='lat'>4.</span> <span class='ocrx_word' id='word_1_5' title='bbox 1508 195 1624 238; x_wconf 76' lang='lat'>2447</span> 
     </span>
    </p>
   </div>
   <div class='ocr_carea' id='block_1_2' title="bbox 166 295 1625 688">
    <p class='ocr_par' dir='ltr' id='par_1_2' title="bbox 166 295 1305 420">
     <span class='ocr_line' id='line_1_2' title="bbox 166 295 1305 352; baseline 0.001 -13"><span class='ocrx_word' id='word_1_6' title='bbox 166 295 308 352; x_wconf 87' lang='lat' dir='ltr'>quue</span> <span class='ocrx_word' id='word_1_7' title='bbox 325 297 410 351; x_wconf 80' lang='lat' dir='ltr'>ita3</span> <span class='ocrx_word' id='word_1_8' title='bbox 441 298 479 340; x_wconf 90' lang='lat' dir='ltr'>si</span> <span class='ocrx_word' id='word_1_9' title='bbox 499 302 692 340; x_wconf 82' lang='lat' dir='ltr'>vestrum</span> <span class='ocrx_word' id='word_1_10' title='bbox 714 301 852 340; x_wconf 81' lang='lat' dir='ltr'>merui</span> <span class='ocrx_word' id='word_1_11' title='bbox 873 299 1062 341; x_wconf 83' lang='lat' dir='ltr'>candore</span> <span class='ocrx_word' id='word_1_12' title='bbox 1078 299 1305 342; x_wconf 79' lang='lat' dir='ltr'>favorem:</span> 
     </span>
     <span class='ocr_line' id='line_1_3' title="bbox 223 365 1127 420; baseline 0.003 -14"><span class='ocrx_word' id='word_1_13' title='bbox 223 365 446 420; x_wconf 80' lang='lat' dir='ltr'>Nullaque</span> <span class='ocrx_word' id='word_1_14' title='bbox 459 366 630 420; x_wconf 88' lang='lat' dir='ltr'>judicio</span> <span class='ocrx_word' id='word_1_15' title='bbox 653 368 779 408; x_wconf 78' lang='lat' dir='ltr'>litera</span> <span class='ocrx_word' id='word_1_16' title='bbox 798 368 910 409; x_wconf 83' lang='lat' dir='ltr'>laesa</span> <span class='ocrx_word' id='word_1_17' title='bbox 931 381 1025 408; x_wconf 76' lang='lat' dir='ltr'>meo</span> <span class='ocrx_word' id='word_1_18' title='bbox 1046 372 1127 409; x_wconf 83' lang='lat' dir='ltr'><strong>est.</strong></span> 
     </span>
    </p>

    <p class='ocr_par' dir='ltr' id='par_1_3' title="bbox 166 430 1625 542">
     <span class='ocr_line' id='line_1_4' title="bbox 166 430 1625 488; baseline 0.002 -15"><span class='ocrx_word' id='word_1_19' title='bbox 166 430 230 482; x_wconf 88' lang='lat' dir='ltr'>Si,</span> <span class='ocrx_word' id='word_1_20' title='bbox 252 438 444 474; x_wconf 80' lang='lat' dir='ltr'>veterum</span> <span class='ocrx_word' id='word_1_21' title='bbox 466 434 593 483; x_wconf 65' lang='lat' dir='ltr'>digne</span> <span class='ocrx_word' id='word_1_22' title='bbox 619 449 802 475; x_wconf 78' lang='lat' dir='ltr'>veneror</span> <span class='ocrx_word' id='word_1_23' title='bbox 823 449 923 475; x_wconf 88' lang='lat' dir='ltr'>cum</span> <span class='ocrx_word' id='word_1_24' title='bbox 946 436 1113 488; x_wconf 82' lang='lat' dir='ltr'>scripta</span> <span class='ocrx_word' id='word_1_25' title='bbox 1132 435 1336 484; x_wconf 89' lang='lat' dir='ltr'>virorum,</span> <span class='ocrx_word' id='word_1_26' title='bbox 1569 434 1625 476; x_wconf 83' lang='lat'>55</span> 
     </span>
     <span class='ocr_line' id='line_1_5' title="bbox 228 501 1086 542; baseline -0.001 0"><span class='ocrx_word' id='word_1_27' title='bbox 228 501 437 542; x_wconf 84' lang='lat' dir='ltr'>Proxima</span> <span class='ocrx_word' id='word_1_28' title='bbox 458 515 542 541; x_wconf 87' lang='lat' dir='ltr'>non</span> <span class='ocrx_word' id='word_1_29' title='bbox 564 503 649 542; x_wconf 79' lang='lat' dir='ltr'>illis</span> <span class='ocrx_word' id='word_1_30' title='bbox 671 515 768 542; x_wconf 81' lang='lat' dir='ltr'>esse</span> <span class='ocrx_word' id='word_1_31' title='bbox 791 504 957 542; x_wconf 83' lang='lat' dir='ltr'>minora</span> <span class='ocrx_word' id='word_1_32' title='bbox 973 514 1086 541; x_wconf 82' lang='lat' dir='ltr'>reor.</span> 
     </span>
    </p>

    <p class='ocr_par' dir='ltr' id='par_1_4' title="bbox 167 569 1256 688">
     <span class='ocr_line' id='line_1_6' title="bbox 167 569 1211 623; baseline -0.003 -12"><span class='ocrx_word' id='word_1_33' title='bbox 167 572 240 612; x_wconf 86' lang='lat' dir='ltr'>Sic</span> <span class='ocrx_word' id='word_1_34' title='bbox 260 572 389 623; x_wconf 78' lang='lat' dir='ltr'>igitur</span> <span class='ocrx_word' id='word_1_35' title='bbox 409 570 562 610; x_wconf 85' lang='lat' dir='ltr'>dextro</span> <span class='ocrx_word' id='word_1_36' title='bbox 584 570 757 610; x_wconf 84' lang='lat' dir='ltr'>faciatis</span> <span class='ocrx_word' id='word_1_37' title='bbox 781 569 987 621; x_wconf 86' lang='lat' dir='ltr'>Apolline</span> <span class='ocrx_word' id='word_1_38' title='bbox 1010 580 1183 608; x_wconf 80' lang='lat' dir='ltr'>carmen</span> <span class='ocrx_word' id='word_1_39' title='bbox 1201 581 1211 608; x_wconf 73' lang='grc' dir='ltr'>ι</span> 
     </span>
     <span class='ocr_line' id='line_1_7' title="bbox 223 635 1256 688; baseline -0.004 -10"><span class='ocrx_word' id='word_1_40' title='bbox 223 637 354 688; x_wconf 83' lang='lat' dir='ltr'>Quod</span> <span class='ocrx_word' id='word_1_41' title='bbox 372 638 488 686; x_wconf 85' lang='lat' dir='ltr'>licet,</span> <span class='ocrx_word' id='word_1_42' title='bbox 510 638 622 677; x_wconf 80' lang='lat' dir='ltr'>inter</span> <span class='ocrx_word' id='word_1_43' title='bbox 643 649 723 677; x_wconf 86' lang='lat' dir='ltr'>vos</span> <span class='ocrx_word' id='word_1_44' title='bbox 740 649 900 676; x_wconf 86' lang='lat' dir='ltr'>nomen</span> <span class='ocrx_word' id='word_1_45' title='bbox 919 635 1075 676; x_wconf 78' lang='lat' dir='ltr'>habete</span> <span class='ocrx_word' id='word_1_46' title='bbox 1097 649 1256 677; x_wconf 85' lang='lat' dir='ltr'>meum.</span> 
     </span>
    </p>
   </div>
   <div class='ocr_carea' id='block_1_3' title="bbox 160 757 1618 927">
    <p class='ocr_par' dir='ltr' id='par_1_5' title="bbox 160 757 1618 927">
     <span class='ocr_line' id='line_1_8' title="bbox 163 757 1616 798; baseline 0.001 -9"><span class='ocrx_word' id='word_1_47' title='bbox 163 762 214 789; x_wconf 79' lang='lat' dir='ltr'>tus</span> <span class='ocrx_word' id='word_1_48' title='bbox 228 768 293 789; x_wconf 85' lang='lat' dir='ltr'>sum</span> <span class='ocrx_word' id='word_1_49' title='bbox 319 762 451 789; x_wconf 76' lang='lat' dir='ltr'>restrum</span> <span class='ocrx_word' id='word_1_50' title='bbox 474 759 712 789; x_wconf 73' lang='lat' dir='ltr'>benevolentiam</span> <span class='ocrx_word' id='word_1_51' title='bbox 737 758 892 793; x_wconf 74' lang='lat' dir='ltr'>candore,-</span> <span class='ocrx_word' id='word_1_52' title='bbox 915 757 1055 796; x_wconf 81' lang='lat' dir='ltr'>nullaque</span> <span class='ocrx_word' id='word_1_53' title='bbox 1077 757 1168 787; x_wconf 76' lang='lat' dir='ltr'>litera</span> <span class='ocrx_word' id='word_1_54' title='bbox 1196 760 1241 787; x_wconf 81' lang='lat' dir='ltr'>est</span> <span class='ocrx_word' id='word_1_55' title='bbox 1267 760 1372 798; x_wconf 81' lang='lat' dir='ltr'><em>spreta</em></span> <span class='ocrx_word' id='word_1_56' title='bbox 1396 768 1462 790; x_wconf 88' lang='lat' dir='ltr'>meo</span> <span class='ocrx_word' id='word_1_57' title='bbox 1479 758 1616 798; x_wconf 77' lang='lat' dir='ltr'>judicio.</span> 
     </span>
     <span class='ocr_line' id='line_1_9' title="bbox 163 799 1617 841; baseline 0.001 -9"><span class='ocrx_word' id='word_1_58' title='bbox 163 801 334 840; x_wconf 77' lang='lat' dir='ltr'>Siquando</span> <span class='ocrx_word' id='word_1_59' title='bbox 349 801 441 840; x_wconf 76' lang='lat' dir='ltr'>digne</span> <span class='ocrx_word' id='word_1_60' title='bbox 455 801 570 832; x_wconf 74' lang='lat' dir='ltr'>celebro</span> <span class='ocrx_word' id='word_1_61' title='bbox 584 802 700 841; x_wconf 74' lang='lat' dir='ltr'>scriptu</span> <span class='ocrx_word' id='word_1_62' title='bbox 725 801 921 840; x_wconf 79' lang='lat' dir='ltr'>antiquorum</span> <span class='ocrx_word' id='word_1_63' title='bbox 945 800 1094 837; x_wconf 70' lang='lat' dir='ltr'>virorum,</span> <span class='ocrx_word' id='word_1_64' title='bbox 1119 799 1255 829; x_wconf 73' lang='lat' dir='ltr'><em>arbitror</em></span> <span class='ocrx_word' id='word_1_65' title='bbox 1281 800 1453 832; x_wconf 79' lang='lat' dir='ltr'><em>recentiora</em></span> <span class='ocrx_word' id='word_1_66' title='bbox 1476 812 1537 833; x_wconf 82' lang='lat' dir='ltr'>non</span> <span class='ocrx_word' id='word_1_67' title='bbox 1554 813 1617 834; x_wconf 78' lang='lat' dir='ltr'>esse</span> 
     </span>
     <span class='ocr_line' id='line_1_10' title="bbox 160 842 1618 883; baseline 0.003 -10"><span class='ocrx_word' id='word_1_68' title='bbox 160 843 224 874; x_wconf 79' lang='lat' dir='ltr'>illis</span> <span class='ocrx_word' id='word_1_69' title='bbox 249 843 407 882; x_wconf 79' lang='lat' dir='ltr'>inferiora.</span> <span class='ocrx_word' id='word_1_70' title='bbox 455 845 505 875; x_wconf 81' lang='lat' dir='ltr'>Ita</span> <span class='ocrx_word' id='word_1_71' title='bbox 526 854 598 883; x_wconf 81' lang='lat' dir='ltr'>ergo</span> <span class='ocrx_word' id='word_1_72' title='bbox 627 844 748 874; x_wconf 77' lang='lat' dir='ltr'>ducatis</span> <span class='ocrx_word' id='word_1_73' title='bbox 769 852 891 873; x_wconf 79' lang='lat' dir='ltr'>carmen</span> <span class='ocrx_word' id='word_1_74' title='bbox 907 842 1037 880; x_wconf 76' lang='lat' dir='ltr'>favente</span> <span class='ocrx_word' id='word_1_75' title='bbox 1062 843 1226 882; x_wconf 77' lang='lat' dir='ltr'><em>Apolline:</em></span> <span class='ocrx_word' id='word_1_76' title='bbox 1250 842 1357 874; x_wconf 77' lang='lat' dir='ltr'>habete</span> <span class='ocrx_word' id='word_1_77' title='bbox 1382 854 1490 876; x_wconf 82' lang='lat' dir='ltr'>nomen</span> <span class='ocrx_word' id='word_1_78' title='bbox 1517 855 1618 877; x_wconf 84' lang='lat' dir='ltr'>meum</span> 
     </span>
     <span class='ocr_line' id='line_1_11' title="bbox 161 887 598 927; baseline 0.002 -11"><span class='ocrx_word' id='word_1_79' title='bbox 161 887 241 917; x_wconf 80' lang='lat' dir='ltr'>inter</span> <span class='ocrx_word' id='word_1_80' title='bbox 256 897 306 918; x_wconf 81' lang='lat' dir='ltr'>vos</span> <span class='ocrx_word' id='word_1_81' title='bbox 320 889 397 927; x_wconf 79' lang='lat' dir='ltr'>quod</span> <span class='ocrx_word' id='word_1_82' title='bbox 413 887 598 917; x_wconf 78' lang='lat' dir='ltr'><em>conceditur.</em></span> 
     </span>
    </p>
   </div>
   <div class='ocr_carea' id='block_1_4' title="bbox 774 958 1009 970">
    <p class='ocr_par' dir='ltr' id='par_1_6' title="bbox 774 958 1009 970">
     <span class='ocr_line' id='line_1_12' title="bbox 774 958 1009 970; baseline 0 -1"><span class='ocrx_word' id='word_1_83' title='bbox 774 958 1009 970; x_wconf 63' lang='lat' dir='ltr'>eeeeeeeeeeee</span> 
     </span>
    </p>
   </div>
   <div class='ocr_carea' id='block_1_5' title="bbox 159 1020 1624 1221">
    <p class='ocr_par' dir='ltr' id='par_1_7' title="bbox 159 1020 1624 1221">
     <span class='ocr_line' id='line_1_13' title="bbox 159 1020 1621 1062; baseline 0.002 -12"><span class='ocrx_word' id='word_1_84' title='bbox 159 1023 215 1050; x_wconf 78' lang='lat' dir='ltr'>‘nat</span> <span class='ocrx_word' id='word_1_85' title='bbox 240 1020 316 1051; x_wconf 81' lang='lat' dir='ltr'>lucr.</span> <span class='ocrx_word' id='word_1_86' title='bbox 345 1031 428 1051; x_wconf 81' lang='lat' dir='ltr'>unus</span> <span class='ocrx_word' id='word_1_87' title='bbox 457 1021 559 1051; x_wconf 83' lang='lat' dir='ltr'>etiam</span> <span class='ocrx_word' id='word_1_88' title='bbox 587 1022 854 1061; x_wconf 53' lang='lat' dir='ltr'>Campanae—53</span> <span class='ocrx_word' id='word_1_89' title='bbox 879 1020 1019 1052; x_wconf 81' lang='lat' dir='ltr'>Plurimi</span> <span class='ocrx_word' id='word_1_90' title='bbox 1045 1020 1083 1051; x_wconf 77' lang='lat' dir='ltr'>Icl</span> <span class='ocrx_word' id='word_1_91' title='bbox 1109 1031 1236 1061; x_wconf 82' lang='lat' dir='ltr'>quoque,</span> <span class='ocrx_word' id='word_1_92' title='bbox 1250 1021 1303 1057; x_wconf 79' lang='lat' dir='ltr'>si,·</span> <span class='ocrx_word' id='word_1_93' title='bbox 1325 1021 1414 1052; x_wconf 81' lang='lat' dir='ltr'><em>Mor.</em></span> <span class='ocrx_word' id='word_1_94' title='bbox 1432 1021 1534 1062; x_wconf 82' lang='lat' dir='ltr'><em>Atque</em></span> <span class='ocrx_word' id='word_1_95' title='bbox 1553 1022 1621 1054; x_wconf 80' lang='lat' dir='ltr'>ita.-</span> 
     </span>
     <span class='ocr_line' id='line_1_14' title="bbox 162 1062 1622 1104; baseline 0.004 -13"><span class='ocrx_word' id='word_1_96' title='bbox 162 1062 281 1094; x_wconf 81' lang='lat' dir='ltr'>Heins.</span> <span class='ocrx_word' id='word_1_97' title='bbox 300 1064 433 1093; x_wconf 57' lang='lat' dir='ltr'>volebat</span> <span class='ocrx_word' id='word_1_98' title='bbox 451 1064 547 1093; x_wconf 77' lang='lat' dir='ltr'><em>Immo</em></span> <span class='ocrx_word' id='word_1_99' title='bbox 574 1064 715 1095; x_wconf 59' lang='lat' dir='ltr'>itm—54</span> <span class='ocrx_word' id='word_1_100' title='bbox 742 1063 836 1094; x_wconf 87' lang='lat' dir='ltr'>Leid.</span> <span class='ocrx_word' id='word_1_101' title='bbox 864 1065 943 1094; x_wconf 70' lang='lat' dir='ltr'>lectu</span> <span class='ocrx_word' id='word_1_102' title='bbox 970 1074 1031 1104; x_wconf 80' lang='lat' dir='ltr'>pro</span> <span class='ocrx_word' id='word_1_103' title='bbox 1059 1064 1152 1099; x_wconf 78' lang='lat' dir='ltr'>loesa,·</span> <span class='ocrx_word' id='word_1_104' title='bbox 1176 1065 1258 1094; x_wconf 88' lang='lat' dir='ltr'>alius</span> <span class='ocrx_word' id='word_1_105' title='bbox 1275 1067 1457 1095; x_wconf 54' lang='lat' dir='ltr'>tamn-55</span> <span class='ocrx_word' id='word_1_106' title='bbox 1484 1066 1568 1096; x_wconf 91' lang='lat' dir='ltr'>Lov.</span> <span class='ocrx_word' id='word_1_107' title='bbox 1585 1070 1622 1097; x_wconf 85' lang='lat' dir='ltr'>et</span> 
     </span>
     <span class='ocr_line' id='line_1_15' title="bbox 164 1105 1621 1146; baseline 0.003 -12"><span class='ocrx_word' id='word_1_108' title='bbox 164 1105 257 1135; x_wconf 86' lang='lat' dir='ltr'>Leid.</span> <span class='ocrx_word' id='word_1_109' title='bbox 284 1115 389 1135; x_wconf 76' lang='lat' dir='ltr'>vereor</span> <span class='ocrx_word' id='word_1_110' title='bbox 406 1116 466 1144; x_wconf 81' lang='lat' dir='ltr'>pro</span> <span class='ocrx_word' id='word_1_111' title='bbox 484 1116 618 1136; x_wconf 76' lang='lat' dir='ltr'>veneror.</span> <span class='ocrx_word' id='word_1_112' title='bbox 663 1108 746 1136; x_wconf 87' lang='lat' dir='ltr'>Tum</span> <span class='ocrx_word' id='word_1_113' title='bbox 771 1107 850 1137; x_wconf 84' lang='lat' dir='ltr'>Jun.</span> <span class='ocrx_word' id='word_1_114' title='bbox 879 1106 974 1137; x_wconf 81' lang='lat' dir='ltr'>Leid.</span> <span class='ocrx_word' id='word_1_115' title='bbox 1001 1111 1037 1137; x_wconf 86' lang='lat' dir='ltr'>et</span> <span class='ocrx_word' id='word_1_116' title='bbox 1064 1107 1176 1146; x_wconf 78' lang='lat' dir='ltr'>plures</span> <span class='ocrx_word' id='word_1_117' title='bbox 1204 1107 1261 1136; x_wconf 83' lang='lat' dir='ltr'>alii</span> <span class='ocrx_word' id='word_1_118' title='bbox 1287 1107 1459 1146; x_wconf 79' lang='lat' dir='ltr'>conscripta</span> <span class='ocrx_word' id='word_1_119' title='bbox 1482 1108 1621 1139; x_wconf 69' lang='lat' dir='ltr'>viror.—</span> 
     </span>
     <span class='ocr_line' id='line_1_16' title="bbox 161 1146 1624 1190; baseline 0.003 -13"><span class='ocrx_word' id='word_1_120' title='bbox 161 1149 202 1177; x_wconf 79' lang='lat'>57</span> <span class='ocrx_word' id='word_1_121' title='bbox 227 1146 311 1178; x_wconf 91' lang='lat' dir='ltr'>Lov.</span> <span class='ocrx_word' id='word_1_122' title='bbox 326 1152 428 1179; x_wconf 73' lang='lat' dir='ltr'>nostro</span> <span class='ocrx_word' id='word_1_123' title='bbox 446 1158 505 1189; x_wconf 86' lang='lat' dir='ltr'>pro</span> <span class='ocrx_word' id='word_1_124' title='bbox 521 1150 729 1180; x_wconf 53' lang='lat' dir='ltr'>‹lextra—50*</span> <span class='ocrx_word' id='word_1_125' title='bbox 754 1149 877 1180; x_wconf 78' lang='lat' dir='ltr'>Habete</span> <span class='ocrx_word' id='word_1_126' title='bbox 901 1149 1021 1180; x_wconf 81' lang='lat' dir='ltr'>Heius.</span> <span class='ocrx_word' id='word_1_127' title='bbox 1045 1148 1164 1179; x_wconf 86' lang='lat' dir='ltr'><strong>scribit</strong></span> <span class='ocrx_word' id='word_1_128' title='bbox 1186 1158 1262 1179; x_wconf 89' lang='lat' dir='ltr'>cum</span> <span class='ocrx_word' id='word_1_129' title='bbox 1286 1149 1503 1188; x_wconf 76' lang='lat' dir='ltr'>meliorib1153</span> <span class='ocrx_word' id='word_1_130' title='bbox 1527 1151 1624 1190; x_wconf 86' lang='lat' dir='ltr'>vulg.</span> 
     </span>
     <span class='ocr_line' id='line_1_17' title="bbox 162 1189 283 1221; baseline 0.017 -2"><span class='ocrx_word' id='word_1_131' title='bbox 162 1189 283 1221; x_wconf 75' lang='lat' dir='ltr'>habere.</span> 
     </span>
    </p>
   </div>
   <div class='ocr_carea' id='block_1_6' title="bbox 161 1264 1622 1479">
    <p class='ocr_par' dir='ltr' id='par_1_8' title="bbox 161 1264 1622 1479">
     <span class='ocr_line' id='line_1_18' title="bbox 816 1264 956 1295; baseline -0.007 0"><span class='ocrx_word' id='word_1_132' title='bbox 816 1264 956 1295; x_wconf 71' lang='lat' dir='ltr'>NOTAE</span> 
     </span>
     <span class='ocr_line' id='line_1_19' title="bbox 201 1337 1621 1379; baseline 0.001 -10"><span class='ocrx_word' id='word_1_133' title='bbox 201 1341 242 1369; x_wconf 85' lang='grc'>54</span> <span class='ocrx_word' id='word_1_134' title='bbox 271 1338 438 1378; x_wconf 79' lang='lat' dir='ltr'>Nullaque]</span> <span class='ocrx_word' id='word_1_135' title='bbox 479 1338 614 1369; x_wconf 77' lang='lat' dir='ltr'>Nullius</span> <span class='ocrx_word' id='word_1_136' title='bbox 643 1338 773 1379; x_wconf 81' lang='lat' dir='ltr'>scripta</span> <span class='ocrx_word' id='word_1_137' title='bbox 802 1347 863 1368; x_wconf 90' lang='lat' dir='ltr'>no·</span> <span class='ocrx_word' id='word_1_138' title='bbox 960 1340 1001 1368; x_wconf 71' lang='lat'>55</span> <span class='ocrx_word' id='word_1_139' title='bbox 1027 1337 1219 1379; x_wconf 75' lang='lat' dir='ltr'>Quodlicet]</span> <span class='ocrx_word' id='word_1_140' title='bbox 1246 1338 1394 1370; x_wconf 77' lang='lat' dir='ltr'>NomIne</span> <span class='ocrx_word' id='word_1_141' title='bbox 1419 1339 1481 1371; x_wconf 88' lang='lat' dir='ltr'>sim</span> <span class='ocrx_word' id='word_1_142' title='bbox 1508 1339 1621 1371; x_wconf 86' lang='lat' dir='ltr'>vobis-</span> 
     </span>
     <span class='ocr_line' id='line_1_20' title="bbox 161 1388 1622 1433; baseline 0.003 -14"><span class='ocrx_word' id='word_1_143' title='bbox 161 1388 242 1420; x_wconf 78' lang='lat' dir='ltr'>tavi.</span> <span class='ocrx_word' id='word_1_144' title='bbox 917 1397 1006 1428; x_wconf 86' lang='lat' dir='ltr'>cum,</span> <span class='ocrx_word' id='word_1_145' title='bbox 1021 1388 1293 1431; x_wconf 86' lang='lat' dir='ltr'>quandoquidem</span> <span class='ocrx_word' id='word_1_146' title='bbox 1310 1399 1453 1432; x_wconf 85' lang='lat' dir='ltr'>corpore</span> <span class='ocrx_word' id='word_1_147' title='bbox 1479 1396 1622 1433; x_wconf 82' lang='lat' dir='ltr'>propter</span> 
     </span>
     <span class='ocr_line' id='line_1_21' title="bbox 199 1437 1356 1479; baseline 0.001 -9"><span class='ocrx_word' id='word_1_148' title='bbox 199 1441 242 1470; x_wconf 85' lang='lat'>56</span> <span class='ocrx_word' id='word_1_149' title='bbox 266 1437 431 1478; x_wconf 77' lang='lat' dir='ltr'>Proxima]</span> <span class='ocrx_word' id='word_1_150' title='bbox 455 1439 592 1479; x_wconf 75' lang='lat' dir='ltr'>vestra,</span> <span class='ocrx_word' id='word_1_151' title='bbox 609 1439 752 1470; x_wconf 69' lang='lat' dir='ltr'>scilieet.</span> <span class='ocrx_word' id='word_1_152' title='bbox 915 1438 1063 1479; x_wconf 73' lang='lat' dir='ltr'>Augusti</span> <span class='ocrx_word' id='word_1_153' title='bbox 1078 1438 1164 1470; x_wconf 85' lang='lat' dir='ltr'>iram</span> <span class='ocrx_word' id='word_1_154' title='bbox 1180 1440 1356 1472; x_wconf 86' lang='lat' dir='ltr'>nonlicet.</span> 
     </span>
    </p>
   </div>
   <div class='ocr_carea' id='block_1_7' title="bbox 200 1488 602 1529">
    <p class='ocr_par' dir='ltr' id='par_1_9' title="bbox 200 1488 602 1529">
     <span class='ocr_line' id='line_1_22' title="bbox 200 1488 602 1529; baseline 0 -9"><span class='ocrx_word' id='word_1_155' title='bbox 200 1491 240 1520; x_wconf 86' lang='grc'>57</span> <span class='ocrx_word' id='word_1_156' title='bbox 264 1488 404 1529; x_wconf 72' lang='lat' dir='ltr'>Dextro]</span> <span class='ocrx_word' id='word_1_157' title='bbox 432 1488 602 1529; x_wconf 85' lang='lat' dir='ltr'>Propitio.</span> 
     </span>
    </p>
   </div>
   <div class='ocr_carea' id='block_1_8' title="bbox 659 1858 1134 1908">
    <p class='ocr_par' dir='ltr' id='par_1_10' title="bbox 659 1858 1134 1908">
     <span class='ocr_line' id='line_1_23' title="bbox 659 1858 1134 1908; baseline 0.002 -2"><span class='ocrx_word' id='word_1_158' title='bbox 659 1858 986 1907; x_wconf 91' lang='lat' dir='ltr'><strong>ELEGIA</strong></span> <span class='ocrx_word' id='word_1_159' title='bbox 1043 1861 1134 1908; x_wconf 85' lang='lat' dir='ltr'>IV.</span> 
     </span>
    </p>
   </div>
   <div class='ocr_carea' id='block_1_9' title="bbox 714 1999 1069 2032">
    <p class='ocr_par' dir='ltr' id='par_1_11' title="bbox 714 1999 1069 2032">
     <span class='ocr_line' id='line_1_24' title="bbox 714 1999 1069 2032; baseline 0.003 -1"><span class='ocrx_word' id='word_1_160' title='bbox 714 1999 1069 2032; x_wconf 73' lang='lat' dir='ltr'><strong>ARGUMENTUM.</strong></span> 
     </span>
    </p>
   </div>
   <div class='ocr_carea' id='block_1_10' title="bbox 158 2097 1616 2194">
    <p class='ocr_par' dir='ltr' id='par_1_12' title="bbox 158 2097 1616 2194">
     <span class='ocr_line' id='line_1_25' title="bbox 158 2097 1616 2143; baseline 0.003 -13"><span class='ocrx_word' id='word_1_161' title='bbox 158 2099 364 2130; x_wconf 65' lang='lat' dir='ltr'>Emsromn</span> <span class='ocrx_word' id='word_1_162' title='bbox 383 2097 424 2129; x_wconf 85' lang='lat' dir='ltr'>ab</span> <span class='ocrx_word' id='word_1_163' title='bbox 442 2098 576 2129; x_wconf 65' lang='lat' dir='ltr'>Emitte</span> <span class='ocrx_word' id='word_1_164' title='bbox 592 2098 707 2129; x_wconf 79' lang='lat' dir='ltr'>littore</span> <span class='ocrx_word' id='word_1_165' title='bbox 724 2097 867 2129; x_wconf 88' lang='lat' dir='ltr'>Romam</span> <span class='ocrx_word' id='word_1_166' title='bbox 880 2099 1024 2139; x_wconf 85' lang='lat' dir='ltr'>venisse,</span> <span class='ocrx_word' id='word_1_167' title='bbox 1039 2108 1221 2141; x_wconf 86' lang='lat' dir='ltr'>coramque</span> <span class='ocrx_word' id='word_1_168' title='bbox 1236 2098 1375 2131; x_wconf 83' lang='lat' dir='ltr'>laudare</span> <span class='ocrx_word' id='word_1_169' title='bbox 1390 2100 1490 2132; x_wconf 86' lang='lat' dir='ltr'>amici</span> <span class='ocrx_word' id='word_1_170' title='bbox 1503 2100 1616 2143; x_wconf 86' lang='lat' dir='ltr'>fidem,</span> 
     </span>
     <span class='ocr_line' id='line_1_26' title="bbox 197 2151 1471 2194; baseline 0.003 -12"><span class='ocrx_word' id='word_1_171' title='bbox 197 2151 330 2182; x_wconf 86' lang='lat' dir='ltr'>inducit</span> <span class='ocrx_word' id='word_1_172' title='bbox 345 2151 498 2183; x_wconf 82' lang='lat' dir='ltr'>Ovidius.</span> <span class='ocrx_word' id='word_1_173' title='bbox 533 2153 619 2183; x_wconf 84' lang='lat' dir='ltr'>Eum</span> <span class='ocrx_word' id='word_1_174' title='bbox 637 2156 810 2192; x_wconf 84' lang='lat' dir='ltr'>postremo</span> <span class='ocrx_word' id='word_1_175' title='bbox 825 2157 987 2194; x_wconf 84' lang='lat' dir='ltr'>precatur</span> <span class='ocrx_word' id='word_1_176' title='bbox 1001 2155 1039 2184; x_wconf 92' lang='lat' dir='ltr'>ut</span> <span class='ocrx_word' id='word_1_177' title='bbox 1055 2162 1091 2184; x_wconf 83' lang='lat' dir='ltr'>se</span> <span class='ocrx_word' id='word_1_178' title='bbox 1108 2157 1306 2186; x_wconf 85' lang='lat' dir='ltr'>constanter</span> <span class='ocrx_word' id='word_1_179' title='bbox 1322 2158 1471 2186; x_wconf 86' lang='lat' dir='ltr'>tueatur.</span> 
     </span>
    </p>
   </div>
   <div class='ocr_carea' id='block_1_11' title="bbox 157 2256 1381 2531">
    <p class='ocr_par' dir='ltr' id='par_1_13' title="bbox 157 2256 1240 2396">
     <span class='ocr_line' id='line_1_27' title="bbox 157 2256 1240 2329; baseline 0.004 -17"><span class='ocrx_word' id='word_1_180' title='bbox 157 2256 398 2315; x_wconf 71' lang='lat' dir='ltr'>Ll&#39;r&#39;ronss</span> <span class='ocrx_word' id='word_1_181' title='bbox 420 2275 474 2314; x_wconf 84' lang='lat' dir='ltr'>ab</span> <span class='ocrx_word' id='word_1_182' title='bbox 498 2273 674 2315; x_wconf 85' lang='lat' dir='ltr'>Euxino</span> <span class='ocrx_word' id='word_1_183' title='bbox 698 2272 895 2314; x_wconf 84' lang='lat' dir='ltr'>Nasonis</span> <span class='ocrx_word' id='word_1_184' title='bbox 917 2274 1106 2329; x_wconf 84' lang='lat' dir='ltr'>epistola</span> <span class='ocrx_word' id='word_1_185' title='bbox 1126 2276 1240 2326; x_wconf 81' lang='lat' dir='ltr'>veni,</span> 
     </span>
     <span class='ocr_line' id='line_1_28' title="bbox 213 2341 1204 2396; baseline 0.003 -14"><span class='ocrx_word' id='word_1_186' title='bbox 213 2341 443 2395; x_wconf 81' lang='lat' dir='ltr'><strong>Lassaque</strong></span> <span class='ocrx_word' id='word_1_187' title='bbox 462 2342 582 2382; x_wconf 79' lang='lat' dir='ltr'>facta</span> <span class='ocrx_word' id='word_1_188' title='bbox 601 2342 728 2391; x_wconf 83' lang='lat' dir='ltr'>mari,</span> <span class='ocrx_word' id='word_1_189' title='bbox 750 2342 956 2396; x_wconf 82' lang='lat' dir='ltr'>lassaque</span> <span class='ocrx_word' id='word_1_190' title='bbox 977 2342 1094 2383; x_wconf 84' lang='lat' dir='ltr'>faeta</span> <span class='ocrx_word' id='word_1_191' title='bbox 1114 2344 1204 2386; x_wconf 85' lang='lat' dir='ltr'>via.</span> 
     </span>
    </p>

    <p class='ocr_par' dir='ltr' id='par_1_14' title="bbox 159 2406 1381 2531">
     <span class='ocr_line' id='line_1_29' title="bbox 159 2406 1381 2464; baseline 0.002 -15"><span class='ocrx_word' id='word_1_192' title='bbox 159 2406 248 2460; x_wconf 88' lang='lat' dir='ltr'>Qui</span> <span class='ocrx_word' id='word_1_193' title='bbox 268 2408 373 2450; x_wconf 85' lang='lat' dir='ltr'>mihi</span> <span class='ocrx_word' id='word_1_194' title='bbox 394 2410 499 2450; x_wconf 84' lang='lat' dir='ltr'>flens</span> <span class='ocrx_word' id='word_1_195' title='bbox 520 2409 648 2459; x_wconf 82' lang='lat' dir='ltr'>dixit,</span> <span class='ocrx_word' id='word_1_196' title='bbox 666 2410 753 2460; x_wconf 89' lang='lat' dir='ltr'>Tu,</span> <span class='ocrx_word' id='word_1_197' title='bbox 774 2411 847 2451; x_wconf 91' lang='lat' dir='ltr'>cui</span> <span class='ocrx_word' id='word_1_198' title='bbox 867 2411 982 2460; x_wconf 82' lang='lat' dir='ltr'>licet,</span> <span class='ocrx_word' id='word_1_199' title='bbox 1005 2411 1157 2464; x_wconf 84' lang='lat' dir='ltr'>aspice</span> <span class='ocrx_word' id='word_1_200' title='bbox 1177 2411 1381 2454; x_wconf 83' lang='lat' dir='ltr'><strong>Romam.</strong></span> 
     </span>
     <span class='ocr_line' id='line_1_30' title="bbox 214 2475 1163 2531; baseline 0.004 -15"><span class='ocrx_word' id='word_1_201' title='bbox 214 2475 317 2517; x_wconf 85' lang='lat' dir='ltr'>Heu</span> <span class='ocrx_word' id='word_1_202' title='bbox 335 2482 499 2531; x_wconf 81' lang='lat' dir='ltr'>quanto</span> <span class='ocrx_word' id='word_1_203' title='bbox 518 2479 670 2519; x_wconf 82' lang='lat' dir='ltr'>melior</span> <span class='ocrx_word' id='word_1_204' title='bbox 690 2491 788 2519; x_wconf 86' lang='lat' dir='ltr'><em>sors</em></span> <span class='ocrx_word' id='word_1_205' title='bbox 809 2483 885 2520; x_wconf 84' lang='lat' dir='ltr'>tua</span> <span class='ocrx_word' id='word_1_206' title='bbox 905 2482 1019 2520; x_wconf 88' lang='lat' dir='ltr'><em>sorte</em></span> <span class='ocrx_word' id='word_1_207' title='bbox 1041 2479 1163 2520; x_wconf 82' lang='lat' dir='ltr'><strong>mea!</strong></span> 
     </span>
    </p>
   </div>
   <div class='ocr_carea' id='block_1_12' title="bbox 156 2583 1610 2674">
    <p class='ocr_par' dir='ltr' id='par_1_15' title="bbox 156 2583 1610 2674">
     <span class='ocr_line' id='line_1_31' title="bbox 200 2583 1610 2630; baseline 0.002 -13"><span class='ocrx_word' id='word_1_208' title='bbox 200 2583 274 2623; x_wconf 84' lang='lat' dir='ltr'>Ego</span> <span class='ocrx_word' id='word_1_209' title='bbox 287 2585 427 2624; x_wconf 72' lang='lat' dir='ltr'>Epistola</span> <span class='ocrx_word' id='word_1_210' title='bbox 443 2588 574 2621; x_wconf 79' lang='lat' dir='ltr'>Nasonis</span> <span class='ocrx_word' id='word_1_211' title='bbox 587 2591 700 2622; x_wconf 78' lang='lat' dir='ltr'>accessi</span> <span class='ocrx_word' id='word_1_212' title='bbox 715 2601 734 2622; x_wconf 85' lang='grc' dir='ltr'><em>α</em></span> <span class='ocrx_word' id='word_1_213' title='bbox 745 2591 850 2622; x_wconf 77' lang='lat' dir='ltr'>littore</span> <span class='ocrx_word' id='word_1_214' title='bbox 865 2590 1004 2630; x_wconf 65' lang='grc' dir='ltr'><strong><em>Ειιπίηο,</em></strong></span> <span class='ocrx_word' id='word_1_215' title='bbox 1019 2593 1049 2620; x_wconf 81' lang='lat' dir='ltr'>et</span> <span class='ocrx_word' id='word_1_216' title='bbox 1065 2589 1184 2627; x_wconf 79' lang='lat' dir='ltr'>defessa</span> <span class='ocrx_word' id='word_1_217' title='bbox 1199 2588 1290 2628; x_wconf 82' lang='lat' dir='ltr'>mari,</span> <span class='ocrx_word' id='word_1_218' title='bbox 1303 2591 1334 2618; x_wconf 81' lang='lat' dir='ltr'>et</span> <span class='ocrx_word' id='word_1_219' title='bbox 1349 2587 1468 2626; x_wconf 78' lang='lat' dir='ltr'>defessa</span> <span class='ocrx_word' id='word_1_220' title='bbox 1480 2588 1593 2621; x_wconf 81' lang='lat' dir='ltr'>itinere</span> <span class='ocrx_word' id='word_1_221' title='bbox 1599 2600 1610 2626; x_wconf 82' lang='lat'>‚-</span> 
     </span>
     <span class='ocr_line' id='line_1_32' title="bbox 156 2625 1610 2674; baseline 0.002 -12"><span class='ocrx_word' id='word_1_222' title='bbox 156 2625 210 2667; x_wconf 81' lang='lat' dir='ltr'>qui</span> <span class='ocrx_word' id='word_1_223' title='bbox 231 2625 308 2657; x_wconf 58' lang='lat' dir='ltr'>mihi</span> <span class='ocrx_word' id='word_1_224' title='bbox 321 2629 403 2659; x_wconf 73' lang='lat' dir='ltr'>dixit</span> <span class='ocrx_word' id='word_1_225' title='bbox 421 2631 538 2672; x_wconf 70' lang='lat' dir='ltr'>lugens,</span> <span class='ocrx_word' id='word_1_226' title='bbox 556 2633 615 2673; x_wconf 80' lang='lat' dir='ltr'>Tu,</span> <span class='ocrx_word' id='word_1_227' title='bbox 631 2635 682 2665; x_wconf 82' lang='lat' dir='ltr'>cui</span> <span class='ocrx_word' id='word_1_228' title='bbox 705 2635 894 2674; x_wconf 80' lang='lat' dir='ltr'>conceditur,</span> <span class='ocrx_word' id='word_1_229' title='bbox 910 2634 974 2664; x_wconf 73' lang='lat' dir='ltr'>vise</span> <span class='ocrx_word' id='word_1_230' title='bbox 1002 2633 1142 2663; x_wconf 82' lang='lat' dir='ltr'><em>Romam.</em></span> <span class='ocrx_word' id='word_1_231' title='bbox 1189 2631 1263 2663; x_wconf 79' lang='lat' dir='ltr'>Heu</span> <span class='ocrx_word' id='word_1_232' title='bbox 1277 2634 1390 2672; x_wconf 79' lang='lat' dir='ltr'>quanto</span> <span class='ocrx_word' id='word_1_233' title='bbox 1405 2630 1540 2669; x_wconf 77' lang='lat' dir='ltr'>fortuna</span> <span class='ocrx_word' id='word_1_234' title='bbox 1555 2636 1610 2665; x_wconf 80' lang='lat' dir='ltr'>tua</span> 
     </span>
    </p>
   </div>
   <div class='ocr_carea' id='block_1_13' title="bbox 761 2719 996 2732">
    <p class='ocr_par' dir='ltr' id='par_1_16' title="bbox 761 2719 996 2732">
     <span class='ocr_line' id='line_1_33' title="bbox 761 2719 996 2732; baseline -0.004 -2"><span class='ocrx_word' id='word_1_235' title='bbox 761 2719 996 2732; x_wconf 69' lang='lat' dir='ltr'>eeeeeeeeeeee</span> 
     </span>
    </p>
   </div>
   <div class='ocr_carea' id='block_1_14' title="bbox 198 2763 1607 2812">
    <p class='ocr_par' dir='ltr' id='par_1_17' title="bbox 198 2763 1607 2812">
     <span class='ocr_line' id='line_1_34' title="bbox 198 2763 1607 2812; baseline 0.006 -18"><span class='ocrx_word' id='word_1_236' title='bbox 198 2766 218 2794; x_wconf 88' lang='grc'>2</span> <span class='ocrx_word' id='word_1_237' title='bbox 244 2763 305 2796; x_wconf 82' lang='lat' dir='ltr'>Be.</span> <span class='ocrx_word' id='word_1_238' title='bbox 320 2764 467 2806; x_wconf 78' lang='lat' dir='ltr'>Laxuque</span> <span class='ocrx_word' id='word_1_239' title='bbox 481 2765 591 2804; x_wconf 79' lang='lat' dir='ltr'>fructa</span> <span class='ocrx_word' id='word_1_240' title='bbox 614 2769 677 2810; x_wconf 75' lang='lat' dir='ltr'>via,</span> <span class='ocrx_word' id='word_1_241' title='bbox 698 2772 828 2812; x_wconf 77' lang='lat' dir='ltr'>laxaque</span> <span class='ocrx_word' id='word_1_242' title='bbox 841 2771 935 2809; x_wconf 80' lang='lat' dir='ltr'>sucta</span> <span class='ocrx_word' id='word_1_243' title='bbox 958 2771 1111 2803; x_wconf 78' lang='lat' dir='ltr'>mar-i.—4</span> <span class='ocrx_word' id='word_1_244' title='bbox 1135 2771 1226 2803; x_wconf 87' lang='lat' dir='ltr'><em>Mor.</em></span> <span class='ocrx_word' id='word_1_245' title='bbox 1242 2774 1278 2802; x_wconf 90' lang='lat' dir='ltr'>et</span> <span class='ocrx_word' id='word_1_246' title='bbox 1294 2769 1356 2803; x_wconf 87' lang='lat' dir='ltr'>Be.</span> <span class='ocrx_word' id='word_1_247' title='bbox 1372 2770 1446 2802; x_wconf 78' lang='lat' dir='ltr'>Heu</span> <span class='ocrx_word' id='word_1_248' title='bbox 1460 2774 1607 2812; x_wconf 76' lang='lat' dir='ltr'>quantum</span> 
     </span>
    </p>
   </div>
  </div>
 </body>
</html>
