1877 3193
611 185 851 216 ‘rms'rmM
885 186 979 217 mn.
1015 186 1056 216 v.
1089 175 1155 217 10.

1499 177 1611 220 ‘2473

658 428 994 478 ELEGIA
1041 428 1116 474 X.

713 577 1070 610 ARGUMENTUM.

162 677 252 709 TRES
267 684 369 708 annos
385 683 420 706 se
445 673 556 716 egisse
573 673 695 706 scribit
719 674 842 713 Poeta,
857 684 915 706 eos
938 678 1051 705 tamen
1075 674 1137 706 sibi
1155 675 1274 707 decem
1290 675 1407 718 videri,
1429 675 1530 718 idque
1546 677 1612 708 loci

204 729 398 771 asperitate,
414 732 448 760 et
465 727 736 769 difficultatibus,
753 737 836 769 quas
853 727 975 758 deinde
992 727 1177 767 subjungit.

161 835 251 892 UT
274 866 422 894 sumus
442 853 486 893 in
505 853 665 903 Ponto,
687 857 748 893 ter
766 853 922 905 frigore
944 853 1141 894 constitit
1159 853 1272 895 Ister
1290 868 1299 896 :

218 920 356 962 Facta
375 924 440 962 est
460 921 625 962 Euxini
647 921 756 961 dura
775 923 839 961 ter
859 919 980 960 unda
996 921 1144 961 maris.

161 986 223 1030 At
241 988 348 1029 mihi
364 989 457 1042 jam
478 989 628 1029 videor
647 987 791 1041 patria
810 988 965 1041 procul
984 1000 1083 1028 esse
1103 991 1169 1029 tot
1189 988 1329 1040 annis,

218 1055 431 1096 Dardana
446 1059 550 1109 quot
571 1056 709 1097 Graio
730 1055 866 1109 Troja
887 1056 966 1096 sub
983 1055 1107 1096 hoste
1127 1055 1222 1096 fuit.

163 1122 289 1164 Stare
310 1127 466 1176 putes3
498 1123 608 1163 adeo
631 1123 878 1176 procedunt
898 1125 1098 1175 tempora
1115 1121 1258 1163 tarde:

1588 1123 1614 1162 0«

218 1189 274 1231 Et
292 1191 460 1243 peragit
473 1190 599 1230 lentis
615 1190 824 1242 passibus
846 1201 987 1228 annus
1007 1188 1102 1228 iter.

161 1255 257 1297 Nec
277 1257 381 1297 mihi
402 1256 635 1296 solstitium
656 1256 897 1308 quicquam
916 1254 971 1294 de
995 1254 1200 1295 noctibus
1219 1254 1384 1296 aufert:

217 1322 360 1363 Efficit
380 1326 586 1375 angustos
608 1335 687 1363 nec
706 1321 815 1362 mihi
835 1322 991 1363 bruma
1012 1322 1121 1363 dies.

160 1388 338 1430 Scilicet
357 1389 401 1430 in
421 1388 549 1430 nobis
567 1402 707 1431 rerum
728 1394 883 1432 natura
902 1393 1067 1432 novata
1087 1393 1178 1442 est3

215 1454 416 1510 Cumque
434 1457 546 1498 meis
566 1457 682 1498 curis
700 1458 848 1499 omnia
865 1458 994 1509 longa
1014 1456 1137 1497 facit.

1561 1458 1614 1499 10

202 1573 257 1603 Ex
281 1583 338 1613 quo
364 1576 498 1612 tempore
523 1581 627 1602 sumus
648 1572 682 1602 in
705 1572 807 1603 Ponto
833 1571 995 1602 Danubius
1017 1575 1064 1602 ter
1087 1575 1244 1602 concretus
1265 1575 1311 1603 est
1326 1573 1453 1612 frigore
1465 1583 1476 1610 ;
1491 1573 1614 1614 flucms

159 1615 255 1645 Ponti
275 1615 395 1645 Euxini
408 1618 455 1645 ter
469 1614 615 1653 diriguit.
659 1614 704 1644 At
720 1614 797 1644 mihi
811 1613 991 1652 videorjam
1007 1624 1069 1645 esse
1083 1615 1172 1653 longe
1186 1625 1205 1645 (ι
1219 1616 1325 1655 patria
1349 1619 1393 1646 tot
1415 1616 1514 1652 annis,
1541 1620 1614 1656 quot

160 1657 254 1695 TroJ'u
270 1657 420 1686 Dardana
430 1656 499 1693 fuit
514 1656 568 1686 sub
580 1656 663 1687 hoste
676 1656 798 1687 Groeco.
847 1657 963 1687 Credas
977 1660 1114 1697 tempora
1127 1658 1303 1696 consistere,
1315 1659 1388 1688 adeo
1403 1659 1483 1689 lente
1491 1658 1613 1699 fluunt,

159 1702 190 1730 et
207 1708 305 1729 annus
330 1697 459 1729 absolvit
473 1699 608 1738 spatium
632 1699 732 1729 tardis
751 1698 915 1738 gressibus.
962 1700 1069 1739 Neque
1090 1700 1257 1730 solstitium
1280 1701 1357 1730 milti
1381 1701 1541 1741 quicquum
1565 1702 1617 1731 de-

160 1741 259 1772 trahit
274 1742 310 1771 de
324 1740 482 1777 noctibus;
505 1751 598 1780 neque
620 1741 723 1781 hyems
738 1741 814 1772 mihi
837 1741 939 1772 reddit
961 1742 1028 1772 dies
1051 1742 1163 1773 breves.
1209 1742 1370 1773 Nimirum
1383 1746 1497 1774 natura
1513 1753 1615 1774 rerum

160 1786 280 1814 mutata
306 1787 349 1813 est
374 1784 406 1813 in
437 1782 534 1823 nobis,
563 1787 592 1814 et
618 1784 719 1814 reddit
749 1784 850 1814 omniu
876 1784 1003 1824 prolixa
1030 1795 1098 1816 cum
1123 1784 1201 1816 meis
1223 1785 1481 1817 solicitudinibus.
1525 1787 1615 1817 Anne

160 1829 297 1867 tempora
321 1825 491 1857 communia
516 1825 673 1857 absolvunt
699 1827 873 1857 ordinarios
898 1837 1016 1867 cursus,
1037 1831 1129 1867 utque
1155 1827 1259 1868 potius
1285 1831 1422 1868 tempora
1446 1828 1520 1859 vitae
1541 1838 1617 1859 meae

773 1905 1007 1916 ‘zoe-nomme

203 1953 223 1981 2
246 1951 341 1982 Unus
366 1949 452 1980 liber
470 1949 587 1980 Fracta
602 1952 658 1979 est.
702 1948 797 1979 Serv.
818 1949 929 1979 Fracta
944 1958 1058 1988 quoque
1075 1949 1115 1978 E.
1130 1951 1251 1981 est.—3
1276 1947 1373 1979 Leid.
1399 1950 1445 1979 At
1461 1948 1520 1979 tibi
1532 1947 1614 1985 jam.

162 1996 225 2024 ——4
249 1993 327 2024 Duo
352 1992 428 2023 libri
451 1996 536 2022 terra
561 2001 621 2032 pro
649 1990 814 2029 Troja.—7
840 1990 934 2021 Leid.
966 1991 1039 2021 Non
1056 1990 1195 2021 min—8
1218 1990 1314 2021 Serv.
1340 1989 1470 2031 Effugit
1485 2000 1556 2029 aug.
1579 1995 1615 2021 et

162 2035 196 2066 in
212 2044 285 2066 voc.
308 2038 455 2074 augustos
471 2044 533 2076 pro
562 2043 630 2066 var.
646 2034 726 2065 lect.
744 2033 841 2066 Leid.
858 2033 996 2064 exhibet
1011 2035 1215 2074 argutos.—9
1239 2033 1281 2064 P.
1298 2035 1363 2064 nat.
1380 2036 1500 2064 morata
1514 2036 1615 2064 est.—

819 2119 959 2152 NOTAE

205 2189 221 2217 1
251 2186 326 2226 Ter]
367 2186 444 2217 Illic
476 2186 629 2227 adeoque
658 2188 727 2216 tres
756 2193 860 2215 annos

161 2236 302 2268 circiter
317 2239 543 2268 commoratus
564 2239 640 2266 erat
654 2234 775 2265 Poeta.

203 2289 222 2318 3
252 2286 381 2326 Videor]
398 2286 486 2318 Quia
499 2285 563 2317 illis
576 2286 712 2325 longum
726 2289 860 2326 tempus

161 2336 374 2377 videtur,qui
387 2346 422 2368 re
432 2336 546 2377 aliqua
554 2336 638 2367 dura
649 2340 858 2377 premuntur.

203 2390 223 2418 4
248 2387 417 2427 Dardana]
447 2386 478 2417 A
494 2386 654 2417 Dardano
672 2395 761 2426 rege.

208 2437 306 2477 Quot]
332 2438 465 2468 Decem
481 2441 594 2468 autem
611 2436 745 2468 duravit
758 2445 861 2466 annos

165 2484 294 2517 obsidio
308 2486 471 2527 Trojana.

208 2537 226 2565 ⁷
252 2534 440 2576 solstitium]
462 2536 538 2568 Duo
552 2539 644 2576 sunt,
658 2545 733 2577 quae
745 2535 792 2566 ita
805 2545 863 2576 ap-

166 2583 337 2625 pellantur
353 2585 441 2624 qnod
456 2595 496 2616 eo
517 2590 672 2627 tempore
699 2590 790 2617 stare
805 2586 863 2618 Sol

166 2634 324 2665 videatur
338 2644 345 2663 ε
372 2643 563 2675 quanquam
575 2637 762 2676 hybernum
778 2637 864 2668 Bru-

166 2695 222 2717 ma
246 2683 320 2715 fere
345 2683 546 2724 appellatur.
589 2686 657 2718 Hie
684 2692 796 2718 autem
820 2687 863 2718 de

168 2735 285 2768 aestIvo
323 2734 482 2776 loquitur,
514 2735 602 2776 quod
638 2736 672 2767 in
705 2742 863 2769 octavum

916 2182 1092 2214 Kalendas
1109 2181 1194 2215 Julii
1210 2180 1330 2212 incidit
1344 2192 1352 2220 ;
1380 2191 1446 2222 quo
1460 2185 1615 2221 tempore

914 2237 1030 2265 noctes
1051 2237 1130 2265 sunt
1141 2232 1361 2264 brevissimae.
1397 2233 1616 2273 Longissimae

915 2289 1027 2316 tamen
1042 2283 1171 2315 Nasoni
1190 2283 1404 2322 videbantur,
1421 2282 1478 2323 qui
1496 2283 1618 2312 insom-

915 2344 974 2366 nes
1004 2334 1164 2374 ducebat,
1191 2333 1395 2374 gravissimis
1420 2332 1510 2364 curis
1537 2341 1614 2362 con-

915 2384 1042 2425 fectus,
1058 2385 1201 2416 scilicet.

958 2439 978 2467 8
1002 2435 1138 2475 Bruma]
1184 2436 1262 2466 Qua
1293 2438 1407 2464 tamen
1431 2431 1502 2461 dies
1535 2434 1615 2462 sunt

916 2485 1118 2525 brevissimi,
1145 2483 1299 2515 Solstitio
1327 2480 1531 2521 praesertim,
1556 2489 1615 2510 seu

917 2540 1040 2568 octavo
1055 2534 1227 2566 Kalendas
1246 2531 1414 2568 Jannarii;
1441 2529 1529 2570 quod
1543 2530 1615 2570 qni-

917 2587 992 2618 dem
1009 2584 1196 2615 Solstitium
1220 2590 1282 2621 per
1308 2581 1466 2610 Brumam
1491 2579 1615 2611 intelli·

916 2636 1072 2677 gendum.

958 2689 978 2715 9
1004 2682 1144 2722 Novata]
1190 2681 1360 2712 Mutatam
1387 2679 1472 2711 dicit
1499 2689 1613 2711 rerum

916 2739 1085 2776 naturam,
1100 2732 1179 2776 quia
1194 2731 1304 2764 omnia
1316 2731 1418 2772 longa
1431 2734 1468 2763 et
1486 2730 1612 2762 diutius
