1877 3193
265 142 377 186 2830
750 157 791 187 P.
824 155 983 185 ovlnu
1017 155 1228 185 NAsoms

691 358 784 402 EX
826 359 1290 402 PHAENOMENIS.

438 470 451 489 ‘
471 465 557 510 Tot
576 480 767 518 numero,
788 468 952 522 talique
974 469 1097 510 Deus
1119 469 1353 511 simulacra
1373 469 1509 523 figura

434 534 655 589 Imposuit
674 536 811 576 coelo:
843 548 1006 587 perque
1028 540 1141 576 atras
1162 549 1318 591 sparsa
1338 537 1539 581 tenebras

430 601 567 642 Clara
586 601 802 654 pruinosae
816 600 949 654 jussit
970 601 1073 642 dare
1092 603 1259 645 lumina
1278 603 1429 646 nocti.'

1038 667 1242 709 Lactant.
1265 671 1334 710 De
1352 670 1470 723 Orig.
1490 668 1583 711 Err.
1602 680 1653 712 11.
1675 671 1715 711 5.

380 737 392 755 ‘
415 733 623 775 Pleiades
645 740 744 775 ante
762 746 874 788 genu
896 739 1066 789 septem
1084 735 1255 776 radiare
1273 736 1490 788 feruntu13

378 800 470 843 Sex
486 804 659 843 tantum
675 805 913 856 apparent:
936 803 1017 843 sub
1035 815 1177 856 opaca
1193 803 1377 856 septima
1391 805 1505 845 nube
1523 802 1617 845 est?

606 869 781 910 Probus
802 869 847 910 in
867 860 1085 923 Georgica
1106 868 1297 922 Virgilii,
1323 870 1365 910 in
1387 869 1513 923 cujus
1530 870 1716 924 vulgatis

692 936 815 977 libris
837 936 881 976 hi
902 949 1051 977 versus
1072 936 1426 990 depravatissimi
1447 937 1659 990 leguntur.

264 1003 319 1044 In
339 1003 561 1057 Priapeiis
582 1003 784 1057 quaedam
798 1002 946 1044 Ovidii
968 1002 1032 1057 (v.
1049 1003 1174 1045 Bart.
1190 1004 1245 1045 ad
1259 1004 1371 1045 Stat.
1388 1016 1419 1046 1.
1441 1004 1581 1045 Theb.
1595 1004 1719 1058 229.)

261 1075 412 1113 extare
443 1071 601 1112 eruditi
637 1071 911 1112 arbitrantur.
990 1071 1060 1112 Ex
1095 1071 1174 1112 illo
1206 1076 1334 1121 certe,
1368 1071 1497 1125 cujus
1530 1071 1715 1121 initium,

263 1140 275 1157 ‘
299 1137 500 1179 Obscure
531 1142 733 1192 poteram
769 1139 848 1179 tibi
871 1138 1046 1188 dicere,'
1078 1139 1248 1180 Seneca
1278 1140 1410 1180 Pater
1436 1140 1511 1182 lib.
1536 1150 1567 1180 1.
1599 1137 1717 1180 Con-

261 1209 447 1247 trovers.
468 1206 511 1247 2.
542 1206 656 1246 hunc
677 1217 851 1246 versum
874 1205 1066 1255 adducit,

433 1275 446 1293 ‘
469 1274 586 1313 Dum
605 1275 730 1314 timet
750 1274 925 1314 alterius
948 1274 1110 1314 vulnus
1133 1274 1281 1328 inepta
1302 1274 1421 1315 loci.'

264 1338 445 1380 Servius
467 1340 514 1378 in
537 1351 601 1378 lv.
625 1339 784 1391 Georg.
806 1342 879 1380 ubi
901 1340 992 1391 agit
1011 1341 1065 1379 de
1084 1341 1314 1394 Eurydice,
1333 1343 1440 1382 citat
1457 1355 1514 1381 ex
1536 1341 1715 1390 ovidio,

263 1407 275 1425 ‘
298 1405 379 1446 Bis
400 1405 579 1456 rapitur,
601 1403 801 1456 vixitque
822 1405 957 1444 semel
973 1404 996 1444 :'
1019 1405 1138 1457 quod
1161 1406 1205 1444 in
1228 1410 1407 1446 auctore
1426 1409 1578 1446 nostro
1600 1418 1715 1447 nunc

261 1484 477 1524 nusquam
498 1473 737 1522 comparet.

319 1538 592 1580 Scholiastes
613 1542 741 1578 vetus
764 1535 943 1577 Horatii
965 1536 1021 1578 ad
1043 1537 1189 1580 Carm-
1209 1549 1261 1579 11.
1286 1539 1325 1578 5.
1359 1540 1370 1558 ‘
1389 1537 1540 1592 Gyges
1558 1552 1717 1581 nomen

261 1606 385 1659 pueri
417 1619 474 1646 ex
505 1605 648 1646 insula
684 1603 825 1645 Cnido
850 1604 1010 1646 Veneri
1043 1618 1187 1647 sacra.
1252 1605 1401 1659 Hujus
1426 1610 1572 1647 autem
1593 1608 1717 1661 pueri

260 1673 624 1728 pulchritudinem
661 1672 812 1713 laudat
846 1673 979 1713 etiam
1015 1672 1230 1714 Ovidius?
1288 1672 1423 1727 Atqui
1442 1675 1487 1715 in
1508 1674 1578 1724 iiS,
1615 1688 1714 1729 quae

261 1744 429 1789 extant,
452 1739 600 1780 laudat
614 1739 785 1780 nullibi.

319 1806 622 1857 Quintilianus
642 1818 732 1848 XII.
752 1807 823 1847 10.
885 1810 897 1827 ‘
916 1807 1003 1848 Sed
1024 1812 1289 1849 evanescunt
1309 1808 1405 1849 haec
1437 1811 1569 1862 atque
1597 1821 1714 1850 emo-

260 1875 426 1915 riuntur
457 1876 786 1928 comparatione
814 1875 1056 1915 meliorum.
1118 1874 1178 1915 Ut
1196 1875 1297 1915 lana
1317 1876 1455 1916 tincta
1485 1876 1585 1916 fuco
1604 1877 1714 1918 citra

260 1955 496 1995 purpuram
518 1943 692 1995 placet:
725 1946 767 1982 at
801 1943 838 1982 si
867 1942 1105 1983 contuleris
1127 1955 1224 1983 eam
1245 1943 1448 1992 lacernae,
1481 1946 1716 1996 conspectu

258 2009 453 2049 melioris
475 2011 698 2059 obruatur,
729 2013 776 2049 ut
809 2009 993 2050 Ovidius
1017 2009 1103 2050 ait.'
1166 2009 1281 2060 Quae
1311 2011 1429 2051 nullo
1460 2011 1635 2063 negotio
1667 2011 1713 2051 in

258 2080 441 2117 metrum
471 2077 648 2117 redacta
670 2078 870 2118 lamburn
902 2078 1115 2130 tragicum
1149 2078 1331 2119 efficient
1352 2083 1395 2118 et
1417 2077 1528 2118 duos
1550 2077 1714 2118 hende-

260 2143 526 2194 casyllabos,

434 2209 496 2249 Ut
515 2211 615 2250 lana
637 2211 771 2257 tincta
793 2223 1030 2262 purpuram
1053 2211 1162 2252 citra
1182 2212 1341 2265 placet,

427 2273 490 2314 At
511 2276 547 2313 si
571 2276 805 2315 contuleris
829 2290 923 2315 eam
948 2278 1152 2327 laem-nan,

430 2339 680 2392 Conspectu
702 2341 891 2380 melioris
914 2344 1140 2384 obruatur.

259 2407 313 2448 In
336 2407 467 2448 Notis
488 2408 601 2446 enim
636 2406 691 2446 ad
724 2406 863 2459 Epis-t.
889 2419 905 2446 x
921 2420 967 2447 ιι.
1001 2422 1273 2448 communem
1306 2422 1403 2448 esse
1438 2409 1635 2451 ultimam
1668 2412 1709 2451 in

259 2474 485 2523 contuleris,
521 2473 688 2522 dederis,
721 2472 948 2524 credideris,
979 2479 1019 2514 et
1050 2476 1278 2523 similibus,
1314 2475 1528 2528 syllabam
1563 2490 1709 2518 mone-

257 2555 370 2582 mus.

315 2608 485 2649 Seneca
506 2607 782 2649 controvers.
807 2610 876 2649 tlt).
909 2623 963 2648 ex
986 2609 1313 2649 Declamationc
1336 2608 1482 2649 Ovidii
1503 2610 1708 2662 quaedam

257 2675 351 2716 haec
372 2676 585 2728 producit.
645 2679 658 2697 ‘
677 2676 901 2729 Quicquid
931 2676 1092 2716 laboris
1113 2680 1195 2725 est,
1230 2676 1272 2715 in
1292 2676 1376 2716 hoc
1396 2681 1480 2726 est,
1514 2680 1562 2717 ut
1581 2676 1706 2717 uxori
