1877 3193
262 117 374 159 2480
745 130 788 160 ι).
819 129 977 160 ovum
1010 128 1221 159 NASole

732 382 1042 443 ELEGIA
1101 382 1231 431 XII.

813 556 1172 589 ARGUMENTUM.

262 651 386 684 Amco
408 651 559 683 hortanti
584 654 621 681 ut
645 651 771 691 aliquid
796 652 963 683 scriberet
985 652 1167 693 respondet
1189 653 1319 693 Poe'ta3
1342 663 1528 696 causasque
1560 654 1710 695 assignat

304 716 364 737 cur
380 705 413 736 id
437 705 500 736 sibi
516 704 626 735 facere
652 713 717 734 non
732 704 845 735 liceat.
892 706 1036 736 Demum
1061 706 1209 737 ostendit
1226 717 1260 738 se
1286 717 1353 738 non
1375 717 1473 749 posse
1490 708 1611 748 teneri,
1628 707 1708 749 quin

303 768 435 799 semper
451 756 576 798 aliquid
589 757 982 796 componat‚composita
998 766 1078 788 vero
1094 758 1163 798 igni
1178 759 1366 792 comburat.

262 865 486 930 Scmffls,
508 885 555 922 ut
576 881 790 922 oblectem
809 881 956 922 studio
976 881 1257 936 lacrymabile
1272 884 1461 937 tempus,

319 947 391 989 Ne
412 951 593 1001 pereant
611 949 727 1001 turpi
747 952 925 1002 pectora
944 952 1096 990 nostra
1116 950 1215 991 situ.

263 1015 453 1056 Difficile
471 1018 552 1064 est,
574 1015 709 1068 quod,
730 1016 883 1065 amice,
906 1029 1056 1056 mones
1073 1030 1082 1057 ε
1114 1018 1217 1070 quia
1237 1017 1430 1059 carmina
1446 1017 1596 1060 laetum

318 1082 429 1123 Sunt
447 1095 574 1135 opus,
595 1086 636 1122 et
656 1095 810 1135 pacem
829 1083 984 1123 mentis
1003 1082 1159 1124 habere
1179 1084 1347 1133 volunt.

261 1149 426 1190 Nostra
445 1162 520 1201 per
540 1148 745 1188 adversas
767 1150 909 1201 agitur
931 1148 1125 1190 Fortuna
1145 1150 1361 1203 procellas
1378 1164 1388 1192 :
1683 1153 1712 1192 5

321 1215 448 1256 Sorte
467 1228 544 1254 nec
566 1215 656 1255 ulla
675 1228 773 1255 mea
792 1215 956 1255 tristior
977 1227 1077 1256 esse
1097 1220 1258 1268 potest.

262 1281 434 1335 Exigis,
456 1285 506 1322 ut
525 1282 726 1322 Priamus
746 1287 946 1322 natorum
964 1282 1111 1322 sunere
1130 1283 1269 1331 ludat,

318 1349 375 1390 Et
397 1349 544 1390 Niobe
564 1348 701 1389 festos
723 1349 857 1390 ducat
875 1352 922 1389 ut
941 1351 1048 1390 orba
1068 1349 1239 1390 choros.

303 1462 435 1502 Scribis,
458 1466 493 1493 ut
516 1462 625 1493 leniam
641 1466 758 1502 tempus
773 1463 942 1494 luctuosum
963 1465 1077 1502 studio,
1092 1474 1131 1495 ne
1153 1466 1257 1494 noster
1270 1463 1402 1504 spiritus
1415 1468 1556 1497 vanescat
1572 1465 1710 1498 indecoro

260 1506 334 1537 otio.
381 1506 468 1540 Quod
484 1505 620 1534 hortaris
635 1509 680 1534 est
704 1506 844 1543 arduum,
860 1505 956 1536 amice
967 1516 978 1536 .·
1001 1506 1074 1545 quia
1089 1515 1194 1536 versus
1207 1509 1279 1536 sunt
1295 1515 1368 1545 opus
1383 1506 1548 1546 festivum,
1561 1512 1592 1539 et
1605 1510 1711 1540 volunt

260 1547 372 1578 habere
385 1547 482 1577 otium
497 1547 603 1576 animi.
651 1548 767 1577 Nostra
781 1556 847 1577 sors
859 1547 1004 1585 jactatur
1015 1557 1072 1586 per
1087 1549 1230 1578 adversas
1244 1550 1451 1587 tempestates,
1471 1559 1565 1589 neque
1578 1549 1712 1587 fortuna.

260 1590 322 1621 ulla
333 1592 436 1630 potest
452 1598 514 1620 esse
540 1589 676 1619 moestior
692 1599 769 1620 mea.
814 1589 971 1629 Postuzas,
996 1593 1032 1620 ut
1048 1589 1195 1620 Priamus
1210 1591 1333 1621 laetetur
1344 1593 1442 1621 morte
1453 1591 1606 1632 filiorum,
1631 1597 1661 1624 et
1677 1595 1712 1623 ut

869 1671 1102 1683 eeeeeeeeeeee

305 1729 323 1757 1
346 1726 426 1757 Duo
443 1730 478 1757 et
505 1727 572 1757 Ms.
594 1727 724 1758 Bersm.
753 1729 834 1759 stud.
858 1727 1030 1759 miserabile
1056 1730 1212 1768 temp.—2
1236 1728 1331 1759 Unus
1358 1727 1445 1760 liber
1471 1729 1538 1760 Nec
1564 1738 1625 1769 pro
1649 1730 1711 1762 Ne.

261 1768 365 1800 Multi
379 1768 482 1800 etiam
498 1770 617 1809 scripti
634 1773 717 1810 turp.
733 1773 868 1810 tempora
891 1774 988 1801 nostr.
1014 1774 1048 1801 et
1071 1780 1155 1801 unus
1171 1773 1372 1810 corpora.——3
1395 1772 1480 1801 Tres
1498 1771 1617 1812 scripti
1628 1772 1712 1812 petis

261 1820 324 1851 pro
347 1821 467 1847 mones;
499 1816 534 1842 et
551 1822 635 1842 unus
658 1817 821 1851 rogem—5
848 1813 942 1844 Leid.
957 1815 1029 1844 adv.
1047 1813 1156 1850 fertur
1177 1813 1278 1843 F.-—·7
1304 1814 1439 1844 Plaudat
1455 1817 1547 1844 recte
1565 1818 1710 1845 vetustae

260 1853 428 1884 editiones
445 1862 520 1884 cum
537 1854 635 1893 prim.
653 1855 726 1885 Pal.
744 1855 841 1895 prim.
859 1855 970 1886 Vatic.
986 1861 1021 1885 et
1038 1860 1183 1895 quatuor
1207 1856 1280 1886 aliis
1298 1856 1444 1886 melioris
1471 1860 1571 1886 notae.
1595 1855 1710 1887 Heius.

260 1896 334 1935 Ego
357 1895 489 1934 reduxi,
502 1897 609 1932 lmlat;
633 1898 721 1937 quod
739 1902 773 1928 et
792 1896 1082 1929 Francofnrtensis
1099 1898 1258 1936 habebat,
1276 1903 1310 1929 et
1328 1898 1446 1928 melius
1462 1897 1644 1937 respondet
1660 1906 1713 1928 se-

261 1938 392 1978 quenti,
409 1938 418 1954 ‘
437 1938 539 1969 ducat
555 1939 705 1970 choros?
740 1940 857 1971 ludere
881 1940 970 1971 enim
998 1945 1051 1971 est
1077 1942 1213 1979 saltare,
1239 1945 1276 1970 ut
1303 1941 1443 1980 Metam.
1461 1948 1518 1970 111.
1535 1942 1608 1970 685.
1631 1939 1710 1970 vide

256 1980 372 2011 Graev.
401 1981 497 2011 Lect.
528 1982 668 2013 Hesiod.
696 1992 770 2022 cap.
787 1986 841 2013 21.
866 1987 901 2014 et
924 1982 1028 2013 alios:
1054 1984 1063 1999 ‘
1083 1982 1257 2022 plaudere'
1273 1984 1330 2013 et‘
1346 1982 1471 2012 luderc'
1499 1982 1601 2012 etiam
1633 1981 1715 2012 alibi

260 2021 403 2053 confusa
419 2022 542 2053 docere
557 2030 695 2063 possunt
711 2029 800 2055 notae
818 2025 860 2055 ad
879 2025 1020 2056 Metam.
1038 2033 1087 2055 ιν.
1105 2028 1178 2056 342.
1191 2030 1227 2055 et
1243 2024 1385 2055 Remea.
1401 2027 1473 2055 380.
1501 2023 1592 2054 Unus
1609 2024 1710 2054 etiam

260 2064 369 2094 codex
393 2065 554 2102 habebat,
580 2070 701 2101 cantet;
735 2076 799 2098 non
829 2068 925 2098 male.
971 2067 1109 2098 Mallem
1127 2067 1241 2104 etiam,
1258 2067 1338 2097 licet
1352 2067 1522 2106 vulgatam
1538 2075 1604 2096 non
1619 2065 1712 2097 dam-

260 2114 350 2146 nem,
367 2110 507 2136 natorum
520 2107 674 2144 ‘insumere
688 2118 763 2138 cum
780 2109 990 2147 Lovaniensi‚
1007 2115 1045 2140 ut
1060 2110 1204 2140 Remed.
1228 2111 1300 2140 127.
1332 2111 1341 2125 ⁶
1355 2110 1439 2141 Quis
1469 2114 1624 2146 matrem,
1647 2107 1711 2138 nisi

259 2147 383 2179 mentis
396 2148 507 2187 inops,
524 2149 556 2177 in
581 2148 699 2179 funere
717 2150 788 2179 nati
806 2151 906 2181 Flere
922 2151 1042 2182 vetet.'
1067 2152 1243 2182 Burm.—-8
1268 2151 1309 2182 R,
1324 2150 1419 2182 Leid.
1436 2155 1472 2181 et
1488 2150 1554 2181 duo
1571 2150 1626 2180 alii
1640 2151 1708 2180 duc.

913 2243 1056 2274 NOTAE

304 2318 318 2346 1
346 2314 571 2356 Lacr-ymabile]
594 2317 671 2348 Quo
690 2317 782 2356 exul,
796 2320 853 2347 aut
877 2327 953 2357 pro·
1009 2317 1159 2353 trallunt,
1175 2327 1249 2357 quae
1268 2321 1392 2355 tamen,
1408 2317 1472 2347 nisi
1489 2318 1538 2348 sui
1556 2326 1707 2358 compos,

261 2365 315 2397 cul
331 2375 350 2395 a
366 2366 488 2405 patria,
503 2367 693 2405 languebat.
1007 2372 1039 2396 et
1058 2366 1091 2396 iu
1105 2376 1177 2396 sese
1189 2367 1345 2405 collecta,
1357 2367 1412 2396 vix
1428 2367 1607 2407 quicquam
1620 2377 1708 2398 com-

301 2418 322 2446 2
346 2415 494 2454 Pereunt]
527 2416 630 2446 Certe
657 2425 735 2446 vero
759 2416 893 2456 ignavia
919 2420 954 2447 ct
1008 2426 1133 2457 ponere
1149 2421 1305 2447 accurate
1319 2422 1376 2446 aut
1392 2417 1569 2455 eleganter
1586 2418 1707 2448 valeat.

259 2464 389 2496 desidia
412 2475 476 2495 non
504 2466 612 2495 minus
639 2466 844 2506 depravatur
861 2467 952 2504 inge·
1049 2470 1068 2496 8
1096 2466 1207 2504 Niobe]
1232 2466 1340 2498 Quam
1357 2467 1490 2496 'l‘antali
1506 2466 1606 2497 tiliam
1623 2467 1706 2498 libe·

256 2514 363 2554 nium,
382 2525 480 2556 quam
501 2515 568 2546 situ
594 2520 653 2546 aut
668 2517 781 2556 quiete
806 2527 952 2548 corrum-
1008 2516 1052 2545 ris
1077 2516 1117 2545 ab
1147 2515 1305 2555 Apolline
1332 2522 1366 2546 ot
1395 2517 1503 2546 Diana
1530 2518 1706 2557 privatam,

258 2568 387 2605 puntur
400 2574 545 2605 corpora
560 2566 612 2595 vel
627 2565 814 2596 durissima.
1007 2565 1050 2596 ob
1065 2565 1269 2605 superbiam,
1285 2566 1405 2596 deiude
1424 2568 1454 2596 iu
1469 2577 1583 2598 saxum
1600 2572 1709 2599 muta-

302 2615 321 2642 3
336 2613 488 2654 Difficile]
510 2614 600 2646 Quia
617 2624 739 2654 nempe
757 2615 789 2645 in
804 2615 953 2646 diversas
1009 2620 1090 2652 tani,
1105 2614 1146 2644 ob
1162 2615 1326 2653 convicia,
1342 2625 1445 2655 supra
1462 2615 1618 2646 vidimus.

260 2665 377 2703 partes
400 2672 482 2693 cura
497 2669 598 2704 atque
619 2664 784 2705 aegritudo
807 2668 954 2696 mentem
1051 2664 1156 2695 Ducat
1193 2664 1312 2705 choros]
1347 2666 1484 2707 cantet,
1520 2666 1634 2708 saltet,
1668 2669 1703 2697 et
