1877 3193
613 170 856 202 'ruis'rmM
893 172 989 203 Lm.
1022 173 1064 203 v.
1094 160 1136 203 8.
1488 165 1601 206 2467

154 261 270 313 Quae
291 264 371 306 tibi
390 277 458 306 res
477 265 646 307 animos
664 265 709 306 in
728 279 796 307 me
815 266 938 318 facit,
959 267 1189 321 improbe?
1221 279 1351 309 curve

210 330 397 374 Casibus
415 332 612 383 insultas,
633 346 743 386 quos
764 339 891 387 potes
907 336 1004 388 ipse
1024 336 1152 388 pati?

153 397 255 440 Nec
274 400 389 441 mala
407 405 451 441 te
471 399 654 442 reddunt
672 401 821 442 mitem
840 403 1119 455 placidumve
1132 402 1300 456 jacenti
1575 403 1605 444 5

211 465 392 518 Nostra,
411 467 577 520 quibus
597 469 770 522 possint
788 469 1057 522 illacrymare
1078 469 1213 510 ferae?

155 532 252 575 Nec
272 536 426 577 metuis
445 535 581 576 dubio
605 536 814 578 Fortunae
834 537 984 578 stantis
1004 537 1050 577 in
1071 538 1177 577 orbe

211 600 400 652 Numen,
421 606 464 644 et
484 615 636 645 exosae
655 604 793 645 verba
810 605 1001 658 superba
1021 604 1133 645 Deae
1152 605 1170 644 Τ

154 667 317 722 Exiget
336 670 392 710 ah
412 670 566 724 dignas
583 671 718 712 ultrix
741 671 1017 714 Rhamnusia
1036 672 1222 725 poenas!

209 735 425 790 Imposito
446 738 595 780 calcas
614 738 720 793 quid
739 751 840 780 mea
860 740 950 780 fata
971 738 1083 792 pede
1100 740 1118 779 ‘l
1549 741 1604 782 10

152 801 261 845 Vidi
281 817 363 858 ego
382 805 742 859 naufragiumque
762 807 878 847 viros
899 810 944 846 et
964 806 1010 845 in
1032 818 1209 859 aequore
1229 807 1361 859 mergi
1379 821 1389 849 t

209 870 282 923 Et,
303 871 556 927 Nunquam,
577 872 688 923 dixi,
703 872 868 927 justior
886 873 1005 914 unda
1023 873 1121 915 suit.

148 994 249 1032 potest
265 1001 326 1024 esse
339 992 493 1025 humilius.
538 992 623 1028 Quid
645 992 705 1023 tibi
716 992 804 1023 addit
819 992 938 1024 animos
951 993 985 1023 in
999 991 1217 1031 me‚sceleste?
1239 994 1286 1023 rel
1301 993 1493 1033 quamobrem
1509 996 1606 1027 insul-

151 1039 200 1066 tas
224 1035 409 1074 calamitati,
423 1045 482 1076 qua
497 1035 561 1076 ipse
573 1039 660 1075 potes
673 1033 799 1075 premi?
844 1035 954 1075 Neque
967 1045 1114 1066 aerumnae
1133 1040 1259 1073 πίνειν-(ι’,
1271 1036 1377 1075 quibus
1386 1037 1469 1075 seroe
1482 1039 1603 1077 possint

150 1078 263 1117 dolere,
270 1077 397 1116 faciunt
413 1081 444 1109 te
456 1078 551 1108 lenem
565 1081 594 1108 et
608 1078 763 1118 placidum
783 1087 858 1116 erga
871 1081 1062 1118 prostratum
1073 1076 1089 1109 2
1133 1079 1239 1118 Neque
1255 1081 1343 1108 times
1354 1081 1524 1118 potentiam
1532 1080 1604 1118 for-

150 1123 234 1150 tunae
246 1120 361 1151 stantis
373 1120 407 1151 in
419 1119 490 1151 orbe
505 1121 634 1160 incerto,
649 1124 680 1152 et
695 1130 780 1152 voces
794 1120 893 1151 elatas
908 1120 986 1151 Deae
1001 1129 1119 1150 aversae
1130 1119 1146 1152 ί)
1188 1120 1240 1150 Ah
1251 1120 1266 1151 ,Ι
1283 1120 1474 1152 Rhamnusia
1490 1124 1604 1154 vindex

150 1165 269 1201 repetet
281 1172 385 1203 poenas
399 1172 474 1203 quas
488 1164 616 1194 meritus
628 1173 660 1193 es
671 1163 686 1194 !
731 1162 935 1198 Quamobrem
950 1171 1043 1200 urges
1056 1171 1123 1192 mea
1131 1161 1206 1199 fata
1220 1163 1296 1202 pede
1311 1163 1457 1203 impresso
1472 1162 1487 1195 ?
1532 1166 1604 1204 Ego

152 1206 272 1236 adverti
286 1205 367 1236 mari
380 1205 525 1245 extingui
539 1205 592 1246 qui
618 1206 762 1236 irriserat
788 1203 998 1243 naufragum:
1019 1206 1110 1245 atque
1136 1205 1272 1244 iuquam,
1300 1205 1466 1245 Nunquam
1481 1208 1603 1249 fluctus

762 1288 997 1301 eeeeeeeeeeee

194 1347 209 1374 l
237 1343 338 1375 Multi
355 1342 461 1375 Codd.
478 1352 598 1384 quamv.
614 1341 843 1383 projectus.—3
867 1343 946 1374 Duo
963 1342 1043 1374 libri
1059 1343 1142 1374 dedit
1160 1352 1221 1383 pro
1229 1341 1391 1379 facit.—5
1405 1342 1501 1374 Serv.
1518 1344 1605 1376 redd.

150 1386 294 1417 humilem
307 1386 522 1427 placidumque
535 1385 601 1424 jac.
625 1385 770 1416 Plurimi
796 1387 899 1417 etiam
917 1386 1037 1427 scripti
1055 1390 1089 1416 et
1105 1386 1189 1416 editi
1217 1385 1503 1425 placidumquefis
1526 1387 1605 1417 Pos-

149 1429 212 1460 sint
228 1439 270 1460 ex
288 1428 475 1470 Gottorph.
491 1429 605 1470 placet
622 1428 738 1460 Heius.
756 1438 827 1469 prae
843 1430 934 1468 vulg.
958 1432 1102 1469 possunt:
1126 1429 1192 1459 duo
1211 1428 1266 1458 alii
1280 1431 1486 1467 possent.—-9.
1510 1431 1549 1459 10
1572 1429 1602 1460 Α

150 1471 256 1511 «lignis
269 1472 365 1512 prim.
383 1472 456 1503 Pal.
472 1472 572 1512 prim.
588 1471 703 1503 Vatic.
721 1474 792 1511 opt.
820 1472 949 1502 Medic.
968 1472 1092 1511 aliique
1114 1470 1266 1502 nonnulli
1281 1481 1288 1501 :
1314 1470 1391 1509 duo,
1416 1471 1456 1500 acl
1471 1470 1582 1509 dignas
1594 1482 1604 1502 .·

149 1514 310 1553 acdignas
330 1514 498 1545 Arundel.
542 1515 584 1545 In
600 1514 771 1546 nonnullis
795 1514 908 1552 etiam,
936 1513 1063 1552 Exigit.
1087 1513 1189 1552 Lege,
1209 1511 1322 1550 Exigit
1338 1512 1378 1541 ah
1403 1512 1525 1550 dignas.
1551 1515 1608 1544 Se·

150 1557 267 1597 quenti
282 1566 382 1588 versu
399 1567 459 1597 pro
474 1557 553 1596 quod
569 1557 669 1597 prim.
694 1556 798 1588 Polit.
814 1556 887 1596 qui;
910 1554 1172 1595 reliqui,maj0ri
1189 1564 1231 1584 ex
1249 1558 1358 1593 parte,
1376 1554 1460 1594 quid.
1485 1555 1604 1587 Heius.

149 1599 359 1630 Monendum
386 1599 600 1630 membranas
630 1601 765 1630 nostras
792 1604 829 1629 et
855 1598 937 1629 edit.
960 1598 1095 1629 Vicent.
1122 1596 1249 1627 habere
1277 1606 1355 1632 cur‚·
1389 1597 1474 1627 hanc
1503 1598 1606 1629 ctiam

148 1651 203 1671 cur
218 1641 396 1679 meafacta.
433 1641 529 1672 Istuc
547 1641 599 1682 ah,
613 1641 675 1673 hae
698 1640 835 1682 quidem
851 1641 884 1671 in
902 1651 950 1680 re,
970 1651 1034 1671 non
1056 1639 1135 1671 satis
1153 1640 1276 1679 placet.
1321 1639 1407 1669 Tum
1425 1639 1604 1680 abruptius

151 1683 248 1723 sequi
260 1682 395 1714 videtur
411 1683 445 1713 in
473 1684 623 1715 editione
640 1684 789 1723 Heia-sii,
813 1684 955 1724 imposito
971 1685 1071 1714 calcas
1094 1682 1178 1722 quia,
1200 1683 1253 1721 &a
1278 1681 1404 1712 Nescio
1430 1691 1471 1712 an
1489 1683 1608 1714 melius

151 1725 199 1756 sic
215 1726 328 1764 legere
345 1726 523 1765 possimus,
541 1726 657 1766 Exigit
672 1729 704 1757 at
719 1728 750 1757 d.
767 1737 796 1757 u.
815 1727 855 1757 R.
870 1736 985 1767 poenaS,
1001 1727 1030 1757 Ι.
1046 1727 1142 1757 calces
1157 1724 1210 1766 qui
1226 1734 1293 1755 mea
1301 1723 1376 1762 sata
1390 1726 1475 1764 pede.
1501 1724 1604 1757 Auct.

153 1768 262 1798 Elect.
280 1768 441 1799 Etonens.
469 1769 525 1800 Fr.
543 1769 659 1808 Exigit
686 1772 718 1799 at
736 1768 843 1807 justas
857 1780 888 1800 u.
905 1775 940 1800 et
966 1779 1043 1800 mox
1071 1773 1141 1800 tres
1157 1767 1277 1808 scripti
1302 1776 1367 1798 mea
1383 1767 1459 1798 colla
1473 1770 1605 1807 pede.—

156 1813 192 1840 ll
218 1810 360 1841 Numeri
389 1811 516 1841 turbati
533 1812 614 1842 satis
640 1812 801 1843 evincunt
821 1821 952 1843 versum
970 1821 1043 1842 esse
1060 1810 1268 1842 mendosum.
1315 1810 1475 1850 Optimus
1493 1811 1605 1842 Medi-

154 1861 234 1882 ceus
262 1852 495 1893 naufragioque.
551 1854 885 1894 Rottendorphianus
918 1865 977 1894 pro
1013 1854 1147 1885 diversa
1179 1853 1326 1884 lectione
1369 1851 1603 1892 navifragoque.

152 1895 282 1934 Scribe,
290 1895 362 1926 Vidi
378 1906 433 1934 ego
453 1895 617 1934 navifrago
631 1896 752 1935 piratas
766 1907 883 1936 aequore
898 1897 1016 1935 mergi:
1032 1897 1098 1926 nisi
1118 1896 1237 1934 mavis,
1250 1893 1449 1933 navifragum
1464 1896 1514 1933 qui
1530 1895 1605 1925 rise-

153 1941 217 1975 rat,
230 1938 296 1977 vel,
307 1937 504 1977 navifragum
518 1938 664 1969 ridentes.
708 1938 776 1969 Sed
793 1939 901 1978 prima
917 1938 1017 1968 lectio
1039 1938 1153 1968 verior
1170 1948 1176 1967 ε
1202 1938 1268 1967 duo
1285 1936 1375 1973 libri,
1394 1937 1606 1973 Naufragium

153 1983 263 2010 nautas
275 1984 306 2011 et
320 1981 354 2011 in
380 1991 497 2021 aequore
520 1981 629 2019 mergi.
655 1979 772 2010 Heins.
796 1981 926 2010 Rei-sn..
952 1981 1015 2011 Ed.
1037 1979 1291 2018 naufragiumque
1318 1979 1456 2017 virosque
1475 1979 1530 2008 suli
1545 1989 1603 2018 oeq.

156 2020 286 2053 Auctor
300 2023 413 2054 Eleet.
432 2025 592 2054 Etouens.
618 2024 707 2063 conj.
729 2023 801 2054 Vidi
828 2033 883 2061 ego
900 2022 1099 2061 naufragium
1113 2025 1257 2060 rapturos
1268 2031 1324 2060 aeq.
1369 2021 1376 2036 ‘
1392 2021 1483 2051 hihi}
1501 2022 1606 2052 varie·

155 2064 236 2094 tatis
254 2065 286 2095 in
303 2065 440 2106 scriptis
466 2069 592 2105 praeter
608 2075 661 2105 ea,
688 2075 761 2106 quae
778 2065 927 2096 indicata
950 2070 1039 2104 sunt,
1056 2064 1169 2104 reperi
1185 2074 1191 2094 ε
1217 2072 1325 2104 neque
1343 2067 1456 2093 tamen
1473 2065 1606 2104 conjec-

807 2159 952 2191 NOTAE

197 2226 216 2254 4
253 2224 364 2264 Potes]
407 2223 484 2255 Feri
516 2226 568 2255 est
592 2224 735 2256 hominis
763 2234 851 2255 com-
906 2225 1059 2264 Flaccus,
1077 2224 1244 2255 ‘Fortuna
1260 2224 1439 2254 saevolaeta
1453 2223 1604 2263 negotio,

154 2273 323 2313 munibus,
346 2283 487 2315 quaeque
511 2274 650 2315 singulis
674 2275 852 2305 momentis
907 2278 942 2305 et
954 2273 1605 2313 Luduminsolentemindm-epermmx,

155 2324 341 2364 quemlibet
352 2325 483 2365 possint
496 2324 731 2365 dejicere,n0n
743 2326 852 2366 tangi3
908 2324 1127 2355 Transmutat
1148 2324 1297 2354 incertos
1322 2324 1476 2363 lionoreS,
1503 2324 1603 2356 Nunc

156 2381 264 2414 neque
280 2374 420 2405 aliorum
438 2375 631 2405 calamitate
646 2375 786 2407 moveri.
906 2374 997 2414 milii,
1016 2384 1104 2405 nunc
1120 2374 1175 2404 alii
1194 2373 1359 2414 benigna?

198 2426 217 2453 7
241 2423 360 2464 Dubio]
388 2424 455 2456 Ubi
480 2425 592 2455 omnia
617 2424 720 2456 «lubia
749 2430 850 2467 atque
948 2429 968 2455 ει
995 2424 1199 2464 Rhamnusia]
1229 2422 1387 2454 Nemesis
1415 2426 1475 2459 est,
1499 2421 1604 2451 scele-

159 2471 299 2506 incerta.
479 2471 481 2474 ’
906 2484 978 2505 rum
994 2475 1111 2514 ultrix,
1122 2478 1157 2505 et
1174 2472 1415 2504 remuneratrix
1431 2472 1605 2510 vin-lutum,

199 2521 335 2563 Stantis]
370 2526 426 2557 lta
449 2530 558 2557 tamen
586 2530 633 2567 ut,
654 2526 741 2558 ‘Vel
758 2530 850 2558 retro
906 2535 979 2565 qum
1009 2534 1027 2555 a
1055 2525 1278 2560 Rhamnunte,
1309 2522 1435 2551 Atticm
1465 2521 1603 2560 oppido,

160 2573 339 2613 quaerenda
350 2574 412 2605 tibi
424 2575 571 2617 fortuna,
582 2578 636 2608 vel
650 2582 747 2615 ant03
763 2578 851 2608 Nam
906 2576 962 2606 ubi
977 2576 1139 2613 templum
1153 2572 1281 2611 babuit,
1297 2571 1377 2601 illud
1391 2580 1511 2602 nomen
1526 2581 1604 2603 con-

161 2632 323 2653 summum
359 2622 459 2654 dubio
497 2626 558 2656 sub
596 2627 681 2667 pede
717 2637 852 2667 semper
908 2630 1025 2656 secuta
1041 2628 1106 2654 est·

159 2673 283 2703 ¹¹²1bet·'
951 2678 989 2705 12
1014 2674 1180 2713 Nunquam
1196 2671 1328 2711 justior]
1369 2671 1454 2704 Quia
1480 2671 1604 2704 merito

202 2728 221 2754 8
259 2722 412 2763 Superba]
458 2723 624 2765 Namque,
659 2731 696 2757 ut
730 2727 854 2759 cecinit
907 2725 1070 2767 plectitur
1087 2723 1143 2765 qui
1159 2722 1247 2754 malo
1264 2721 1390 2762 gaudet
1406 2722 1526 2754 alieno.
