1877 3193
222 153 339 196 2672
721 159 759 193 r.
792 156 950 192 ovum
984 159 1197 192 NAsoms

224 258 393 311 Dignus
414 271 460 299 es
482 259 673 310 argento,
694 256 816 297 fulvo
837 268 1012 310 quoque
1032 255 1201 308 dignior
1223 266 1356 300 auro:

281 323 370 367 Sed
393 330 448 375 te,
474 338 572 365 cum
595 324 744 375 donas,
768 324 860 364 ista
874 322 1032 376 juvare
1057 323 1212 363 solent.

224 394 326 435 Nec
347 398 486 434 tamen
508 392 604 433 haec
626 392 725 432 loca
747 393 845 431 sunt
866 390 958 430 ullo
977 390 1174 443 pretiosa
1192 389 1383 443 metallo.

284 460 443 501 Hostis
467 460 521 500 ab
544 459 734 512 agricola
755 459 835 498 vix
855 458 956 497 sinit
975 457 1052 498 illa
1072 457 1177 498 sodi.

225 527 427 581 Purpura
450 541 571 580 saepe
591 533 693 568 tuos
712 526 883 578 fulgens
903 526 1112 579 praetexit
1131 524 1317 565 amictus
1334 536 1344 565 -:

282 596 369 636 Sed
392 609 476 636 non
499 594 748 635 Sarmatica
768 592 942 645 tingitur
960 593 1037 633 illa
1056 605 1202 632 mauu.

226 661 406 703 Vellera
427 663 533 702 dura
551 662 692 702 ferunt
711 659 924 712 pecudes,
944 663 987 699 et
1009 659 1206 700 Palladis
1229 657 1295 699 uti

251 750 253 752 -
282 727 390 770 Arte
410 728 657 769 Tomitanae
678 739 763 766 non
784 726 978 766 didicere
1002 739 1151 767 nurus.

227 796 431 837 Foemina
450 809 529 849 pro
549 795 654 835 lana
676 791 879 834 Cerealia
898 805 1076 833 munera
1093 793 1279 845 frangit3

284 863 617 916 Suppositoque
639 873 816 913 gravem
836 861 997 901 vertice
1020 864 1171 913 portat
1191 871 1366 912 aquam.

227 929 332 972 Non
350 930 421 970 hic
441 928 691 982 pampineis
713 927 915 968 amicitur
936 928 1098 969 vitibus
1120 927 1265 968 ulmus
1286 939 1296 967 z

283 998 421 1041 Nulla
440 1001 645 1052 premunt
664 1009 811 1038 ramos
831 997 1027 1051 pondere
1048 1009 1182 1051 poma
1203 1008 1298 1037 suo,

1631 721 1685 762 10

227 1136 359 1168 mittere.
404 1134 532 1174 Dignus
546 1143 577 1165 es
591 1136 734 1173 argento,
748 1136 838 1173 atque
854 1135 949 1165 etiam
965 1133 1091 1173 dignior
1097 1133 1185 1174 flat-o
1201 1141 1298 1164 auro:
1321 1140 1426 1162 rernm
1443 1130 1503 1161 ista
1518 1132 1612 1162 solent
1631 1131 1689 1162 tihi

222 1180 365 1220 prodesse
379 1187 445 1207 cum
461 1179 538 1207 dono
553 1178 617 1207 das.
664 1176 771 1216 Neque
787 1180 891 1207 tamen
908 1177 973 1207 haec
986 1178 1052 1207 loca
1067 1179 1141 1207 sunt
1156 1177 1260 1207 ditata
1277 1176 1338 1205 ullo
1354 1175 1476 1205 metallo
1490 1185 1501 1210 ;
1526 1175 1579 1205 rix
1593 1173 1689 1204 hostis

222 1223 345 1261 patitur
359 1221 413 1250 illa
428 1219 510 1250 verti
523 1219 561 1249 ab
576 1218 723 1257 agricola.
770 1217 858 1258 Soepe
869 1229 1008 1259 purpura
1017 1219 1148 1258 fulgens
1162 1218 1277 1249 velavit
1287 1221 1342 1248 tua
1355 1218 1560 1248 vestimenta:
1584 1225 1688 1247 rerum

224 1264 279 1294 illa
294 1273 351 1294 non
367 1262 506 1303 inficitur
530 1262 609 1291 mari
634 1260 820 1291 Sarmatico.
869 1262 950 1292 Oves
962 1265 1075 1300 gerunt
1093 1262 1181 1291 lanas
1205 1270 1353 1300 asperus,·
1376 1263 1406 1290 ct
1425 1259 1566 1297 foeminoe
1586 1254 1688 1290 Tomi-

225 1310 308 1337 tanoe
323 1315 382 1336 non
396 1305 572 1335 didicerunt
586 1303 632 1333 uti
648 1306 716 1332 arte
732 1302 882 1333 Palladis.
929 1304 1071 1334 Foemz'na
1088 1303 1163 1332 terit
1181 1304 1261 1333 dona
1279 1303 1422 1333 Cerealia
1447 1312 1504 1341 pro
1519 1303 1641 1340 vellere,
1657 1304 1688 1331 et

217 1349 288 1387 fert
301 1357 410 1388 aquam
424 1347 624 1388 ponderosam
639 1345 739 1386 capite
754 1344 913 1375 submisso.
965 1345 1076 1376 Ulmus
1088 1355 1149 1375 non
1160 1345 1209 1375 liic
1225 1344 1356 1375 vestitur
1367 1343 1483 1374 vitibus
1495 1343 1668 1385 pampineis
1678 1353 1688 1373 .·

841 1429 1076 1442 eeeeeeeeeeee

269 1499 289 1528 6
313 1497 382 1527 Pro
397 1496 453 1526 illa
468 1494 547 1527 Jun.
570 1494 646 1525 Pol.
674 1498 710 1525 et
740 1497 809 1525 tres
833 1493 889 1524 alii
913 1494 1001 1529 ista;
1027 1494 1123 1526 Leid.
1139 1496 1213 1525 ulla.
1238 1494 1396 1534 Quinque
1410 1493 1488 1524 libri
1504 1493 1559 1524 illa
1571 1494 1687 1525 coli.—

225 1542 245 1570 7
268 1538 427 1570 Proetexit
443 1538 563 1568 Heius.
587 1537 718 1577 recepit
745 1545 788 1567 ex
812 1536 888 1567 Pol.
910 1536 1096 1577 multisque
1121 1537 1191 1566 aliis
1215 1546 1278 1577 pro
1302 1537 1392 1575 vulg.
1406 1536 1622 1575 praescia—8
1645 1536 1687 1566 In

226 1582 374 1621 vulgatis
391 1585 465 1612 erat
482 1580 544 1611 Sed
559 1589 590 1609 n.
607 1579 782 1610 Sarmatico
797 1583 822 1610 t.
839 1579 862 1610 i.
880 1578 972 1609 mari.
1009 1578 1153 1619 Texitur,
1172 1579 1330 1619 tangitur,
1352 1579 1481 1617 ungitur
1496 1578 1530 1608 in
1547 1577 1687 1618 singulis

227 1624 401 1655 codicibus
416 1634 423 1653 ε
447 1623 510 1653 ulla
523 1623 602 1653 mari
618 1622 776 1652 Vatican.
813 1622 904 1652 Mari
922 1626 1035 1651 autem
1062 1631 1246 1661 purpuram
1265 1621 1370 1661 tangi,
1387 1631 1428 1651 an
1443 1625 1537 1651 recte
1554 1620 1688 1651 dicatur

228 1667 369 1697 dubito:
394 1666 465 1696 seio
482 1667 491 1682 ‘
507 1664 611 1704 tangi’
629 1674 690 1704 pro
707 1665 786 1704 ungi
812 1669 846 1695 et
873 1663 964 1694 infici
992 1665 1084 1703 poni.
1121 1664 1197 1695 Vid.
1213 1664 1254 1694 ad
1274 1673 1322 1694 iv.
1341 1664 1434 1694 Fast.
1449 1666 1521 1694 740.
1535 1668 1570 1694 et
1586 1662 1664 1693 alibi
1680 1670 1689 1701 ς

226 1709 286 1739 sed
303 1709 364 1740 hoc
381 1708 456 1738 loco
471 1707 588 1738 nescio
605 1707 684 1747 quid
704 1707 820 1737 absoni
838 1705 963 1736 inferre
986 1707 1048 1737 hoc
1073 1706 1211 1737 verbum
1229 1706 1374 1737 videtur.
1420 1707 1535 1738 Quare
1552 1704 1689 1745 praetuli

226 1751 410 1782 lectionem
427 1748 720 1780 Franeofurtemis
738 1753 773 1779 et
790 1750 931 1779 duorum
950 1748 1091 1779 aliorum
1115 1749 1284 1788 codicum,
1307 1748 1481 1779 Sarmatica
1497 1752 1521 1779 t.
1539 1749 1561 1779 i.
1578 1756 1689 1778 manu:

209 1795 293 1824 *uon
309 1797 388 1824 suut
404 1791 554 1823 artifices
570 1793 602 1821 in
619 1792 797 1831 Sarmatia,
815 1791 871 1832 qui
887 1792 1018 1830 tingere
1042 1797 1167 1822 norunt
1185 1800 1367 1832 purpuram
1383 1800 1390 1821 ε
1412 1791 1460 1822 ita
1475 1794 1484 1807 ⁴
1502 1790 1688 1821 Lanificam

227 1835 372 1866 manum’
389 1835 476 1865 dixit
494 1833 608 1865 Amor.
622 1843 645 1865 1.
665 1837 714 1865 13.
731 1836 783 1865 24.
802 1839 837 1864 et
853 1834 862 1851 ‘
878 1834 1006 1864 mauus⁷
1022 1833 1065 1865 de
1082 1835 1242 1874 operibus
1260 1833 1427 1865 artificum
1445 1833 1687 1873 cujuscumque

228 1878 362 1918 generis
388 1877 467 1917 poni
484 1882 599 1908 uotum
614 1881 664 1907 est
679 1887 686 1907 :
715 1876 779 1907 vid.
796 1876 837 1907 ad
862 1876 1003 1908 Petrou.
1020 1885 1179 1908 Lxxxur.
1197 1877 1297 1908 immo
1314 1877 1405 1917 ipsos
1421 1878 1429 1892 ‘
1448 1874 1608 1906 artifices'
1625 1875 1687 1905 hac

227 1931 311 1952 voce
328 1920 441 1952 notari
462 1919 564 1951 docet
591 1920 687 1950 Serv.
714 1919 756 1949 ad
783 1919 878 1959 Virg.
896 1919 971 1949 AEn.
990 1928 1041 1950 xx.
1059 1922 1133 1951 327.
1167 1920 1277 1951 Priori
1302 1929 1400 1949 versu
1422 1917 1581 1949 Heinsius
1606 1918 1687 1950 olim

226 1963 377 2003 legebat,
392 1972 530 2002 purpura
550 1971 667 2001 nempe.
702 1960 883 1992 Burnr——O
906 1962 975 1992 Sex
1001 1962 1121 2002 scripti
1148 1972 1225 1993 cum
1254 1972 1304 2002 pr.
1329 1961 1393 1993 Ed.
1424 1961 1601 1991 Vellnzulla
1620 1959 1685 1998 fer.

228 2006 312 2036 Mox
335 2005 486 2043 Scaliger
510 2004 649 2044 legebat
675 2008 708 2035 at
736 2014 797 2044 pro
823 2007 949 2035 et.—ll
978 2005 1083 2035 Multi
1109 2005 1217 2036 Codd.
1242 2006 1279 2035 C.
1303 2003 1539 2043 seminafrang.
1556 2007 1592 2033 et
1608 2003 1686 2035 Jun.

226 2049 448 2080 numium—13
473 2048 542 2079 Pro
557 2047 702 2078 amicitur
717 2048 806 2079 Mor.
827 2052 863 2079 et
876 2046 941 2078 duo
955 2047 1011 2079 alii
1031 2051 1198 2085 oneratum
1222 2048 1317 2078 Serv.
1332 2051 1368 2078 et
1384 2047 1530 2088 quinque
1547 2045 1605 2077 alii
1622 2045 1688 2076 vin·

886 2148 1031 2180 NOTAE

273 2223 286 2252 1
309 2221 491 2260 Memorem]
509 2221 580 2252 Mei
594 2221 764 2260 memoris,
779 2225 814 2252 et
827 2220 928 2252 bene-

228 2271 380 2304 ficiorum
397 2276 530 2302 tuorum
547 2280 612 2301 non
629 2270 738 2302 obliti.

270 2325 291 2353 4
317 2321 395 2352 Cum
419 2320 528 2360 donas]
564 2320 717 2351 Maxima
738 2329 818 2351 vero
849 2320 929 2351 olim

228 2371 320 2412 apud
356 2370 517 2401 Ethnicos
552 2368 619 2400 fuit
656 2369 823 2409 voluptas,
855 2378 929 2399 sese

228 2413 369 2461 magnos
395 2420 522 2451 virtute
552 2429 612 2450 sua
639 2424 675 2450 et
699 2418 931 2450 munificentia

227 2476 412 2513 praestare3
433 2479 578 2511 namque
595 2479 637 2500 ea
654 2479 733 2500 vera
756 2473 807 2500 est
828 2468 930 2499 homi-

227 2522 279 2553 nis
296 2520 505 2561 magnitudo.
542 2518 591 2551 At
619 2519 802 2550 Christiani
830 2518 929 2558 pleri-

226 2582 308 2613 que,
330 2572 419 2613 quod
447 2581 467 2602 a
493 2572 570 2602 Deo
601 2570 666 2601 illis
693 2570 782 2601 male
803 2573 929 2608 vertet,

228 2625 407 2661 postquam
439 2620 601 2652 Caritatis
627 2620 836 2660 aliarumque
865 2619 929 2649 vir-

230 2672 341 2700 tutum
375 2670 554 2709 magnifica
588 2670 725 2701 nomina
767 2669 930 2710 peculiari

228 2719 423 2760 nescioquo
441 2720 520 2759 jurc
543 2730 603 2752 sua
624 2719 794 2760 feceruut,
811 2729 863 2752 res
883 2720 932 2760 ip·

984 2231 1051 2261 sas,
1066 2222 1159 2262 quasi
1183 2220 1360 2261 splendida
1388 2223 1530 2260 peccata
1561 2223 1687 2258 essent,

983 2272 1034 2301 uti
1051 2272 1142 2311 loqui
1160 2275 1289 2309 amant,
1304 2270 1503 2300 omiserunt.

1025 2323 1046 2350 6
1070 2320 1163 2359 Fodi]
1188 2320 1274 2357 Coli,
1300 2318 1409 2356 arari;
1434 2322 1470 2348 ut
1494 2317 1601 2348 multo
1628 2318 1688 2349 mi-

983 2379 1044 2400 nus
1061 2370 1210 2408 metalla,
1227 2370 1252 2400 si
1275 2379 1340 2410 qua
1366 2373 1491 2409 esseut,
1513 2368 1584 2399 erui
1601 2368 1686 2399 sine·

983 2424 1070 2450 rent.

1026 2472 1043 2499 7
1067 2468 1224 2509 Arnictus]
1256 2468 1378 2499 Vestes
1407 2477 1482 2510 quae
1510 2468 1572 2500 sub
1603 2473 1685 2509 toga

985 2524 1171 2561 gestantur.

1027 2573 1046 2600 9
1072 2569 1228 2608 Palladis]
1251 2569 1337 2601 Quae
1351 2567 1488 2600 lanificii
1506 2568 1582 2600 Dea
1597 2572 1662 2601 est.

1028 2623 1064 2651 11
1093 2619 1250 2658 Cerealia]
1275 2620 1402 2660 Fruges
1419 2620 1528 2652 molit.

1028 2673 1066 2700 13
1091 2669 1261 2709 Amicum]
1298 2670 1496 2702 Maritatnr.
1559 2668 1684 2710 Nullae,

984 2720 1103 2761 inquit,
1118 2720 1172 2752 hic
1190 2720 1276 2751 vites
1292 2720 1389 2751 ulmis
1401 2720 1602 2761 junguntur.
