1877 3193
564 154 718 186 Ems'r.
752 154 818 185 nx
852 154 1012 184 PoN‘ro
1045 154 1141 186 ΜΒ.
1175 155 1229 187 11,
1259 147 1301 188 3.
1541 149 1653 192 2583

203 251 269 292 Τ8
289 255 436 293 tamen
456 255 554 293 ante
575 263 724 292 omnes
745 250 810 290 ita
830 262 923 290 sum
946 250 1222 302 complexus,
1248 253 1295 292 ut
1314 263 1425 297 unus

262 318 470 369 Quolibet
496 320 540 360 in
561 332 667 360 casu
688 319 827 370 gratia
845 320 996 358 nostra
1016 318 1143 359 fores.

203 385 369 427 Ultima
388 401 455 428 me
473 391 616 427 tecum
637 385 764 433 vidit,
785 385 1044 436 moestisque
1065 384 1267 426 cadentes

260 453 454 507 Excepit
473 454 686 506 lacrymas
707 452 832 492 Italis
851 463 925 490 ora
952 450 1087 501 genis.

203 520 315 561 Cum
335 521 416 561 tibi
440 520 660 573 quaerenti,
688 530 791 558 1111111
808 528 935 557 verus
954 515 1132 556 nuntius
1153 518 1285 566 esset,
1600 520 1654 561 85

258 586 472 628 Attulerat
490 585 635 639 culpae
657 596 790 638 quem
810 582 928 623 mala
945 582 1065 624 fama
1089 596 1197 626 meae
1214 597 1226 635 ;

199 653 316 695 Inter
337 653 588 695 confessum
609 652 756 701 dubie,
782 652 1003 705 dubieque
1024 654 1269 703 negantem,

258 720 510 770 Haerebam,
532 720 720 774 pavidas
739 720 873 761 dante
892 720 1044 760 timore
1064 722 1215 761 notas:

198 786 504 840 Exemploque
525 787 655 836 nivis,
677 800 810 840 quam
832 787 963 828 solvit
981 787 1211 840 aquaticus
1230 785 1409 836 Auster,

254 853 393 896 Gutta
413 868 491 908 per
511 854 716 895 attonitas
738 854 829 895 ibat
849 854 1006 895 oborta
1026 866 1172 907 genas.
1595 855 1651 896 90

195 989 316 1028 ceteris,
340 993 375 1019 ut
390 989 471 1019 solus
484 998 563 1020 esses
578 990 716 1028 voluptas
735 992 841 1019 nostra
862 990 894 1019 in
922 989 1055 1029 quolibet
1079 988 1259 1026 infortunio.
1303 989 1372 1020 Ilva
1391 989 1529 1020 AEthalis
1543 989 1651 1020 ultima

194 1032 277 1063 vidit
293 1042 338 1062 me
353 1035 463 1071 lecum,
481 1035 510 1062 et
527 1033 645 1071 excepit
663 1032 813 1072 lacrymas
820 1031 956 1072 fluentes
970 1042 1009 1062 ex
1024 1031 1166 1063 tristibus
1180 1032 1284 1062 oculis.
1333 1033 1411 1062 Cum
1435 1031 1589 1063 haerebam
1604 1033 1652 1062 in-

195 1077 246 1105 ter
260 1074 439 1113 confessum,
455 1077 484 1104 et
499 1074 589 1105 dubie
611 1078 702 1115 atque
726 1074 816 1105 dubie
839 1077 1012 1114 negantem,
1041 1078 1124 1105 metu
1146 1074 1304 1115 proebente
1318 1074 1439 1113 [timida
1461 1075 1577 1106 indicia
1592 1074 1651 1105 tibi

191 1117 325 1156 petenti,
339 1127 378 1148 an
395 1118 521 1148 nuncius
536 1128 623 1157 quem
637 1127 750 1157 pravus
764 1127 869 1147 rumor
884 1118 1032 1148 attulerat
1046 1118 1105 1147 mei
1119 1117 1237 1157 peccati
1248 1120 1326 1148 esset
1338 1127 1426 1148 cerus
1433 1127 1446 1154 ,·
1456 1120 1547 1157 atque
1557 1120 1651 1156 gutta

191 1160 336 1199 prodiens
343 1160 464 1200 fluebat
478 1170 534 1200 per
549 1162 643 1191 nuilus
655 1160 817 1199 attonitas,
833 1161 872 1190 ad
888 1161 1010 1190 modum
1025 1159 1108 1189 nivis
1130 1170 1223 1199 quam
1241 1160 1342 1190 Notus
1362 1159 1521 1199 aquaticus
1545 1160 1650 1190 diluit.

797 1248 1032 1261 ‘tarmen‘

197 1308 352 1339 Contendo
361 1307 497 1345 fratrem
512 1317 598 1347 posse
613 1307 728 1346 referre
744 1310 840 1338 tuum.
888 1307 982 1337 Posse
996 1316 1112 1346 negare
1126 1305 1344 1338 scribendum
1360 1306 1438 1338 olim
1455 1306 1648 1338 censebam.

193 1350 242 1381 At
258 1349 724 1389 Sarravianus,Twisdenius,
751 1355 786 1380 et
802 1349 947 1390 Argent.
971 1349 1040 1380 Nec
1066 1359 1121 1390 quo
1146 1350 1189 1380 sit
1209 1349 1363 1390 primum:
1386 1354 1425 1381 ut
1451 1358 1568 1380 sensus
1594 1350 1649 1389 sit,

192 1392 383 1431 Contendo,
406 1392 547 1424 fratrem
566 1397 660 1424 tuum
676 1393 869 1424 meminisse
883 1402 949 1423 non
965 1402 1079 1433 posse,
1102 1402 1167 1433 quo
1184 1392 1330 1433 primum
1345 1397 1499 1432 tempore
1515 1401 1534 1423 a
1549 1392 1648 1423 nobis

192 1435 303 1467 cultus
321 1436 364 1467 sit
378 1446 385 1466 :
406 1435 498 1476 quasi
514 1435 597 1466 velit
609 1435 681 1475 jam
699 1446 717 1466 a
735 1436 836 1476 longo
850 1439 1003 1475 tempore
1018 1439 1053 1465 et
1069 1445 1088 1465 a
1104 1435 1213 1475 prima
1227 1434 1372 1465 infantia
1386 1434 1492 1465 fuisse
1508 1435 1649 1474 cultum,

192 1483 252 1509 aut
269 1482 348 1510 ante
364 1488 478 1517 8111135,
503 1483 541 1509 111
558 1488 660 1518 supra
675 1477 820 1508 dixerat.
867 1478 989 1517 Neque
1007 1477 1106 1507 aliter
1133 1478 1240 1507 codex
1258 1477 1482 1513 Bersmanni;
1505 1486 1649 1516 eamque

190 1529 307 1552 veram
324 1530 397 1551 esse
415 1521 619 1559 scripturam
636 1520 668 1549 in
687 1520 850 1558 Epistolis
870 1519 943 1557 jam
970 1519 1056 1549 vidit
1079 1519 1298 1559 Tanaquillus
1322 1519 1441 1549 Faber.
1457 1518 1516 1549 lib.
1531 1528 1556 1549 1.
1582 1520 1647 1559 Ep.

191 1565 245 1593 71.
276 1563 392 1593 Codex
409 1562 668 1599 Arondelianus,
694 1561 761 1591 Nec
777 1571 833 1600 quo
849 1561 891 1590 sit
907 1560 991 1590 nobis
1006 1571 1025 1590 α
1048 1561 1148 1600 primo
1164 1566 1299 1601 tempore
1319 1562 1435 1591 cultus:
1459 1571 1516 1600 quo
1542 1561 1645 1593 etiam

190 1605 225 1635 in
242 1605 356 1635 multis
372 1606 444 1635 aliis
459 1616 465 1634 :
491 1610 573 1641 tres,
597 1604 677 1642 quiu.
701 1603 820 1633 Heins.
869 1604 980 1634 Cultus
994 1603 1071 1634 mihi
1086 1613 1203 1643 semper
1218 1603 1254 1633 ab
1270 1613 1335 1633 (ero
1352 1605 1530 1634 unus-81
1559 1604 1648 1634 Unica

191 1656 236 1677 ex
252 1646 444 1677 melioribus
472 1646 588 1676 Heius.
614 1646 765 1685 reposuit
791 1656 852 1686 pro
878 1646 966 1684 vulg.
994 1649 1150 1676 unm—82
1175 1646 1258 1676 Cod.
1283 1645 1434 1676 Gallicus
1460 1655 1521 1676 cas,
1540 1646 1647 1684 gloria

189 1693 288 1720 nostr.
334 1690 378 1719 Et
398 1690 462 1719 Ms.
479 1689 610 1719 Bersm.
637 1689 677 1719 P.
692 1690 784 1719 Dan.
800 1694 836 1719 et
858 1688 1052 1729 quindecim
1069 1689 1125 1718 alii
1149 1692 1244 1718 nostr.
1261 1687 1358 1725 soret.
1404 1688 1494 1720 Quid
1511 1689 1573 1719 hoc
1590 1693 1645 1720 est

189 1731 353 1762 monstri?
379 1731 480 1761 Italia
507 1736 541 1761 te
568 1731 685 1761 ultima
707 1741 838 1762 mecum
858 1731 964 1761 vidit?
988 1732 1081 1771 atqui
1098 1732 1208 1761 locum
1223 1735 1352 1761 certum
1369 1730 1518 1761 debebat
1534 1730 1645 1771 desig-

189 1783 286 1812 nare,
310 1774 378 1804 sive
413 1773 566 1814 Romam,
589 1773 660 1804 sive
685 1775 786 1804 alium
816 1783 1064 1814 quemcunque.
1107 1774 1271 1814 Scaligeri
1293 1773 1412 1813 codex,
1439 1773 1516 1804 Itali
1540 1773 1642 1811 sz'lva;

189 1816 278 1846 uude
297 1816 493 1846 Avunculus
511 1826 604 1847 meus
623 1817 821 1856 Rutgvrsius
840 1817 1040 1857 conjectura
1068 1817 1262 1847 indubitata
1286 1816 1484 1856 reponebat,
1504 1816 1644 1847 AEllmlz's

189 1858 279 1889 Ilm.-
303 1869 378 1889 nam
396 1860 465 1889 Ilva
481 1858 634 1897 AEtlmlia,
653 1865 740 1888 teste
757 1860 882 1895 Plinio,
906 1860 1008 1890 dicta.
1041 1860 1182 1898 Argent.
1199 1864 1234 1889 ct
1250 1859 1427 1889 Barbcrin.
1443 1859 1525 1889 Itala
1538 1860 1640 1898 sylva:

190 1901 335 1939 Combii,
354 1902 477 1932 AElhulu
493 1902 577 1941 sylva
590 1913 599 1931 :
625 1911 707 1930 unus
722 1902 833 1931 Vatic.
858 1903 974 1932 AEtalis
994 1912 1068 1932 ora:
1093 1907 1127 1931 at
1143 1901 1291 1931 omnium
1307 1901 1508 1931 veterrimus
1523 1901 1639 1931 Sarra-

188 1944 279 1974 vian.
306 1944 427 1975 Aitlzoli
455 1945 562 1984 sylam
588 1949 623 1974 ut
652 1944 731 1973 nihil
765 1944 873 1973 verius
898 1954 936 1974 ac
967 1944 1093 1974 certius
1125 1945 1168 1974 sit
1198 1943 1258 1973 hac
1289 1943 1518 1973 restitutione.
1564 1942 1639 1973 Ilva

186 1985 349 2026 Tyrrheni
367 1986 467 2016 maris
484 1987 605 2026 insula,
623 1985 663 2016 ob
679 1987 811 2026 copiam
829 1986 912 2016 ferri
928 1985 1217 2023 celebratissima;
1239 1995 1344 2025 quare
1358 1986 1500 2025 Virgilio
1516 1985 1640 2016 dicitur

188 2036 223 2059 x.
249 2031 322 2059 174.
347 2030 355 2045 ‘
379 2029 588 2059 inexhaustis
616 2029 800 2068 Chalybum
820 2038 983 2067 generosa
1009 2028 1183 2066 meranis3'
1210 2027 1264 2057 ubi
1293 2028 1455 2057 videndus
1482 2027 1637 2059 Servius:

188 2070 279 2109 apud
297 2081 395 2111 quem
415 2072 587 2108 mendose,
617 2075 625 2088 ⁴
645 2072 790 2103 Quidam
811 2072 915 2101 Ilvam
935 2072 1083 2101 Ithacem
1100 2071 1224 2102 dictam
1243 2070 1381 2106 volunt‚’
1407 2080 1468 2109 pro
1481 2071 1638 2101 xEthalen.

185 2112 286 2143 Hanc
302 2114 417 2144 Graeci
431 2113 567 2149 Αἰθάλην
579 2119 613 2145 81
626 2113 774 2144 Αἷθαλίαν
791 2120 921 2145 vocant.
953 2114 1039 2144 Vide
1056 2113 1264 2152 Stephanum
1280 2113 1312 2142 in
1330 2113 1457 2149 Αἰθάλη.
1478 2113 1640 2144 Heius.—

186 2157 228 2185 8⁷
252 2155 292 2185 In
319 2156 466 2195 vulgatis
491 2156 618 2194 consess
645 2158 759 2187 medius
781 2157 900 2196 dubieq.
938 2156 979 2187 Τὸ
994 2158 1112 2186 medius
1128 2156 1224 2186 abest
1240 2166 1258 2185 3
1273 2156 1327 2186 Sa.
1344 2161 1378 2185 81
1395 2156 1524 2186 duobus
1541 2155 1635 2186 aliis:

185 2195 283 2230 Voss.
299 2199 429 2234 dubius;
453 2199 537 2228 alius
560 2199 674 2229 medie:
701 2199 819 2229 Heius.
837 2204 985 2229 nostram
1003 2200 1182 2229 lectionem
1210 2198 1304 2228 dedit
1321 2208 1361 2228 ex
1378 2198 1462 2237 Arg.
1479 2203 1514 2228 et
1530 2198 1635 2229 Barb.

184 2241 272 2271 -89
293 2240 395 2271 Solvit
412 2251 453 2271 ex
478 2242 609 2272 emend.
635 2241 754 2272 Heius.
771 2241 860 2282 quod
877 2246 912 2272 et
930 2242 1065 2281 Fragm.
1092 2241 1131 2272 V.
1147 2239 1345 2272 confirmat:
1371 2242 1458 2281 vulg.
1481 2240 1633 2272 mollite--

840 2353 870 2384 N
877 2353 983 2384 OTAE

227 2445 270 2475 ’19
295 2444 370 2480 Nec,
396 2445 467 2485 quo]
499 2444 624 2475 Sensus
652 2450 717 2485 est,
740 2444 769 2475 A
787 2445 882 2475 cunis
937 2444 984 2475 cis
1002 2444 1091 2475 dicta
1115 2444 1273 2483 muralia,
1299 2442 1529 2473 ‘inexhaustis
1551 2442 1634 2474 Cha-

186 2491 267 2531 ipsis
295 2493 468 2533 inceptam
491 2496 669 2526 amicitiam
696 2507 769 2536 111118
793 2496 883 2527 inter
936 2494 1049 2534 lybum
1081 2503 1242 2529 generosa
1275 2491 1442 2530 annanias
1474 2491 1633 2531 Virgilio:

187 2540 330 2572 Maximi
348 2542 486 2575 fratrem
504 2551 605 2587 atque
621 2547 762 2577 Poctam
779 2547 881 2578 inter·
938 2544 1028 2574 Gall.
1043 2544 1103 2573 l'ile
1116 2542 1241 2573 d'Elbe.

187 2590 347 2622 cedebat.
980 2597 1018 2624 87
1046 2594 1132 2623 Inter
1143 2592 1324 2633 consessum]
1341 2592 1439 2624 Quod
1457 2592 1567 2633 potuit
1584 2594 1633 2627 vit

230 2643 272 2673 84
296 2641 389 2673 Italis
415 2642 485 2682 ora]
537 2643 606 2674 Alii
633 2646 772 2678 AEthalzs
802 2648 882 2687 uva,
935 2645 1094 2675 honestus
1110 2644 1281 2683 ingeniose
1297 2641 1489 2682 profitetur.

188 2699 262 2733 quae
275 2690 442 2734 Tyrrheni
459 2692 561 2724 maris
577 2697 626 2725 est
646 2695 765 2737 insula,
786 2697 881 2729 Grae.
979 2696 1020 2725 90
1047 2692 1164 2733 Gutta]
1187 2693 1375 2737 Lacrymae.
