1877 3193
626 210 870 243 ‘ruis'rmM
904 210 997 242 Lm.
1029 212 1071 241 v.
1096 200 1136 241 1.
1497 199 1611 243 2435

156 306 218 350 At
236 311 425 363 poteras,
444 306 601 361 inquis,
622 307 781 348 melius
803 308 919 349 mala
936 307 1043 348 ferre
1063 304 1266 358 silend03

215 376 274 418 Et
295 378 460 420 tacitus
478 388 607 416 casus
628 376 905 416 dissimulare
928 381 1046 416 tuos.
1377 387 1379 390 ’
1561 373 1618 414 50

157 443 332 496 Exigis,
354 448 401 484 ut
420 443 528 482 nulli
551 444 735 494 gemitus
756 447 968 483 tormenta
990 446 1254 495 sequantur3

213 510 504 564 Acceptoque
525 511 651 561 gravi
669 511 842 550 vulnere
861 510 964 549 flere
984 511 1120 548 vetas.

157 579 265 634 Ipse
288 578 479 620 Perilleo
504 577 704 618 Phalaris
725 575 920 629 permisit
938 576 982 615 in
1003 587 1088 615 aere

217 647 354 687 Edere
374 647 579 699 mugitus,
600 649 644 684 et
664 644 791 684 bovis
813 656 886 684 ore
908 643 1047 696 queri.

159 708 270 756 C'um
290 714 455 755 Priami
476 713 682 767 lacrymis
703 711 896 752 offensus
918 724 1003 752 non
1027 710 1084 751 sit
1103 708 1300 751 Achilles
1318 722 1330 761 ;
1562 708 1618 749 55

214 782 283 822 Tu
303 781 427 822 fletus
448 781 635 831 inhibes,
658 782 806 821 durior
826 781 970 824 hoste,
989 791 1122 818 meos.

158 849 271 890 Cum
291 849 455 890 faceret
478 849 656 890 Nioben
678 849 828 888 orbam
850 847 1009 887 Latoia
1031 845 1193 898 proles,

216 917 320 958 Non
342 922 484 957 tamen
504 921 545 956 et
569 918 712 956 siccas
728 915 860 968 jussit
881 915 1039 955 habere
1063 925 1212 965 genas.

158 984 239 1026 Est
261 985 439 1038 aliquid,
461 984 592 1024 fatale
613 983 773 1023 malum
796 996 873 1036 per
894 983 1029 1022 verba
1049 981 1193 1021 levare
1211 994 1219 1021 :

217 1052 321 1093 Hoc
344 1052 571 1104 querulam
598 1051 799 1091 Procnen
821 1049 1174 1102 Halcyonenque
1196 1047 1314 1088 facit.
1562 1045 1619 1087 60

161 1119 263 1160 Hoc
285 1125 395 1167 erat,
418 1120 462 1159 in
482 1118 626 1171 gelido
650 1131 783 1171 quare
803 1117 1032 1157 Paeantius
1055 1119 1179 1155 antro

218 1188 343 1228 Voce
365 1188 569 1239 fatigaret
590 1186 773 1226 Lemnia
793 1195 906 1223 saxa
925 1195 1019 1222 sua.

157 1312 217 1342 Ilus
232 1313 362 1342 tolerare
379 1312 458 1341 mula
472 1311 597 1340 tacendo
610 1321 622 1347 ;
643 1313 674 1339 et
700 1309 792 1339 silens
816 1311 919 1345 tegere
944 1311 1031 1337 tuum
1059 1306 1279 1348 itfforlunium.
1325 1305 1477 1345 Imperas,
1491 1308 1527 1336 ut
1541 1304 1620 1336 nulli

155 1355 289 1392 gemitus
302 1357 469 1392 sequantur
483 1353 640 1384 cruciatus
653 1363 664 1387 ,·
687 1356 715 1381 et
733 1351 874 1391 prohibes
889 1351 1004 1389 ejulare
1030 1350 1146 1379 crudeli
1165 1351 1261 1389 plaga
1277 1349 1399 1379 adacta.
1447 1349 1517 1388 Ipse
1533 1348 1621 1378 Pha-

156 1396 232 1427 laris
246 1396 391 1426 concessit
408 1397 534 1426 reddere
549 1395 687 1433 mugitus
702 1395 734 1425 in
748 1403 809 1423 (ere
826 1393 974 1432 Perilleo,
997 1395 1027 1423 el
1052 1392 1196 1432 conqueri
1211 1402 1261 1422 ore
1278 1392 1373 1422 tauri.
1420 1392 1498 1422 Cum
1513 1391 1620 1422 Achil-

157 1439 199 1470 les
210 1449 270 1469 non
285 1439 326 1469 sit
341 1437 570 1479 loesusfletibus
586 1437 710 1468 Priami
723 1448 733 1474 ;
765 1440 798 1467 tu
814 1440 898 1467 relus
913 1438 1065 1475 lacrymas
1077 1445 1171 1473 meas,
1187 1436 1298 1464 saevz'or
1312 1435 1409 1465 hoste.
1457 1435 1533 1464 Cum
1547 1443 1622 1474 pro·

153 1482 260 1520 genios
275 1481 405 1511 Lulonae
422 1482 562 1512 redderet
593 1481 712 1510 Nioben
737 1481 853 1518 orbam,
880 1489 938 1509 non
963 1482 1065 1508 tamen
1091 1478 1186 1508 eliam
1212 1477 1376 1516 imperavit
1393 1477 1502 1507 habere
1525 1485 1620 1515 genas

156 1526 272 1556 ‹lv-idco.
318 1525 378 1554 Est
394 1524 524 1564 aliquid,
539 1524 651 1553 mulum
667 1523 772 1559 fatale
788 1523 886 1552 minui
909 1531 965 1561 per
982 1530 1075 1550 voces,
1122 1520 1211 1550 Islud
1228 1520 1314 1556 fucit
1331 1519 1475 1550 Procnen
1491 1521 1521 1549 et
1538 1518 1620 1548 Hul-

156 1577 280 1607 cyonem
295 1568 463 1607 querulam.
510 1566 600 1595 Istud
616 1568 683 1596 erat
699 1564 893 1604 quamobrem
919 1564 1081 1593 l’oeanllus
1095 1562 1285 1602 obstreperet
1297 1562 1396 1602 petris
1411 1560 1551 1592 Lemniis
1563 1570 1619 1591 sua

780 1640 1014 1652 eeeeeeeeeeee

158 1697 355 1725 «tutent—53
368 1694 449 1724 Lov.
466 1694 497 1724 in
510 1697 654 1724 ora—55
668 1694 749 1724 Lov.
761 1694 833 1723 laer.
843 1702 901 1722 non
910 1694 952 1722 est
964 1691 1098 1732 offensus
1112 1691 1240 1722 A.—56
1252 1688 1355 1721 Multi
1368 1688 1451 1720 editi
1464 1687 1619 1729 Tun'flet.

160 1746 234 1767 euui
247 1740 327 1766 nota
339 1736 706 1774 interrogationis—57
717 1735 830 1766 Latoia
847 1739 898 1765 est
911 1744 952 1765 cx
968 1734 1087 1765 Heius.
1102 1733 1190 1774 conj.
1202 1734 1293 1773 vulg.
1306 1732 1535 1763 Lamum—58
1550 1732 1620 1764 Pro

161 1779 233 1809 Non
246 1778 364 1810 Heius.
380 1779 517 1809 volebat
534 1779 630 1809 Num.
656 1780 738 1809 Mox
756 1779 884 1810 Bersm.
902 1778 970 1808 Ms.
988 1777 1053 1808 hoec
1068 1786 1127 1817 pro
1139 1780 1194 1813 et,·
1219 1776 1337 1806 decem
1354 1774 1474 1815 scripti
1485 1779 1520 1805 et
1531 1774 1620 1806 Edd.

163 1825 247 1852 vett.
268 1821 366 1857 houm·
390 1821 472 1852 Jun.
489 1826 525 1852 et
541 1821 606 1851 duo
623 1822 679 1852 alii
695 1822 862 1853 hnic.-59
887 1821 1051 1860 Exeerpt.
1068 1820 1164 1850 Voss.
1192 1828 1291 1849 meum
1312 1827 1372 1858 pro
1387 1819 1513 1848 malum.
1537 1818 1620 1848 Mox

162 1864 280 1895 Heius.
297 1874 372 1894 cum
390 1874 453 1894 uno
472 1864 550 1895 Pat.
566 1865 752 1895 rescribere
781 1865 882 1894 vellet
905 1863 989 1894 verb.
1017 1862 1209 1893 ἱκανὴ-60
1234 1861 1364 1899 Malim,
1379 1860 1450 1891 Hoc
1468 1861 1621 1900 querulas.

161 1906 282 1938 Heius.
322 1906 400 1937 Hoec
417 1907 541 1946 querula
567 1906 692 1937 Medic.
716 1907 770 1937 hoc
796 1907 922 1946 querula
944 1906 1086 1943 Brognes
1102 1903 1303 1943 Aleionesque
1321 1904 1453 1933 Bonon.
1470 1907 1505 1932 et
1522 1902 1621 1942 prim.

160 1949 273 1980 Palat.
297 1949 532 1989 Halcyonasque
548 1949 627 1979 edit.
655 1949 771 1989 Micyl.
794 1948 878 1978 Cod.
897 1947 1025 1978 Servii:
1054 1946 1299 1985 Alcimedemque
1314 1946 1443 1975 Lovan.
1461 1950 1497 1974 ut
1510 1948 1622 1975 mater

160 1992 294 2023 =Iasonis
307 1992 532 2033 intelligatur,
544 1992 640 2032 cujus
655 2001 718 2022 vox
733 1992 741 2007 ‘
757 1991 914 2031 planctus
926 1989 1154 2030 supereminet
1168 1987 1295 2018 omnes'
1306 1987 1395 2028 apud
1404 1987 1520 2018 Valer.
1530 1987 1622 2018 Flac.

823 2091 967 2123 NOTAE

205 2173 247 2200 49
270 2169 401 2210 Illelius]
425 2169 569 2201 Videtur
586 2169 740 2211 equidem
765 2177 863 2208 gene·
962 2169 1002 2197 57
1020 2164 1157 2205 Nioben]
1173 2165 1272 2196 Hanc
1285 2164 1417 2195 Tantali
1429 2163 1530 2195 filiam
1544 2163 1621 2196 vide

163 2222 270 2253 rosius
290 2232 296 2252 :
319 2226 470 2252 ceterum
492 2221 621 2252 frustra
639 2224 718 2251 sunt
744 2219 800 2260 qui
816 2219 865 2249 ita
917 2218 952 2248 in
968 2217 1112 2248 Metam.
1129 2216 1185 2247 ubi
1202 2215 1396 2256 Apollinem
1414 2220 1448 2246 et
1465 2215 1622 2254 Dianam,

164 2271 319 2302 absolute
346 2271 503 2301 suadent.
558 2270 626 2300 Sed
655 2267 865 2299 dissertatio·
918 2269 1058 2300 Latonae
1076 2268 1220 2308 prolem,
1233 2267 1320 2298 illius
1338 2266 1523 2298 confodere
1539 2266 1623 2298 libe-

162 2330 238 2351 uem
253 2320 433 2360 integram,
451 2330 518 2351 non
543 2320 706 2359 notulam,
728 2318 792 2350 sibi
809 2328 864 2350 ex·
918 2328 972 2350 ros
988 2318 1106 2349 eadem
1124 2327 1230 2358 opera
1246 2318 1406 2348 invenies.

165 2371 252 2411 petit
268 2371 357 2402 istud
375 2372 634 2412 Argumentum.
961 2372 1004 2400 59
1029 2369 1088 2399 Est
1103 2367 1236 2408 aliquid]
1256 2368 1415 2408 Egeritur
1433 2376 1524 2404 vero,
1542 2366 1623 2397 dum

206 2422 246 2450 53
268 2420 418 2460 Perilleo]
439 2421 601 2452 Pei-illum
619 2421 650 2450 in
669 2418 865 2461 praeceden-
919 2420 1091 2460 expletur,
1108 2424 1143 2450 et
1159 2418 1376 2450 lamentando
1400 2417 1492 2457 quasi
1509 2426 1623 2447 cumu-

166 2469 255 2501 tibus
275 2471 418 2502 vidimus
441 2471 547 2502 Tauri
573 2471 658 2502 aeuei
684 2469 866 2501 fabricato·
920 2470 1009 2500 latur
1025 2469 1133 2501 dolor.
1164 2468 1276 2509 Atque
1294 2469 1348 2498 hic
1364 2467 1489 2507 aliquid
1506 2471 1557 2496 est
1578 2475 1622 2496 ex

166 2527 324 2560 rem,quo
340 2521 470 2552 Siculus
488 2527 651 2562 tyrannus
665 2520 727 2551 sibi
742 2519 865 2551 invisos
920 2519 1038 2550 intimo
1054 2525 1186 2550 naturae
1211 2520 1284 2549 sinu
1302 2517 1410 2548 tribus
1429 2515 1539 2547 verbis
1556 2525 1621 2546 non

167 2569 343 2608 supposito
360 2571 437 2609 igne
454 2572 646 2612 torquebat.
920 2569 1184 2610 expediendum.

209 2621 249 2648 55
274 2617 449 2659 Lacrymis]
472 2621 602 2653 Quibus
619 2621 729 2652 victus
755 2619 865 2651 Achil-
962 2625 1004 2653 60
1029 2619 1184 2658 Procnen]
1202 2618 1312 2658 Hujus
1330 2616 1515 2647 Pandionis
1530 2615 1623 2656 filiae,

169 2670 218 2701 les
234 2668 444 2700 Hectoreum
461 2680 583 2710 corpus
601 2673 687 2711 patri
705 2671 865 2704 reddidit.
921 2675 1024 2713 atque
1042 2670 1236 2709 Hau-yones
1254 2667 1375 2707 Ceycis
1389 2667 1514 2707 uxoris,
1527 2665 1621 2698 fabu-

210 2722 252 2751 56
275 2718 411 2758 Durior]
434 2719 589 2760 Namque
612 2721 742 2753 hostem
767 2721 865 2752 Pria·
920 2722 969 2753 las
985 2719 1063 2751 vide
1079 2720 1113 2750 in
1134 2719 1277 2750 Metam.

168 2781 257 2802 mum
273 2769 421 2801 Achilles
437 2767 517 2799 flere
534 2778 600 2800 nou
617 2771 801 2810 prohibuit.
961 2773 1002 2802 61
1027 2768 1205 2810 Paeantius]
1241 2768 1458 2801 Philocteaen
1487 2775 1620 2810 quoque
