1877 3193
178 154 292 196 2516
671 165 712 195 P.
744 162 902 192 ovlml
937 159 1148 191 NAsouis

180 257 296 300 Cura
317 272 492 313 quoque
512 258 722 299 interdum
739 257 857 297 nulla
875 254 1150 296 medicabilis
1171 257 1262 295 arte
1282 267 1293 305 ;
1574 253 1629 293 25

237 324 343 376 Aut,
366 330 417 366 ut
435 327 504 375 sit,
524 326 656 378 longa
676 327 744 366 est
763 322 1040 365 extenuanda
1059 335 1194 363 mora.

180 391 290 433 Cum
310 394 419 434 bene
436 393 656 434 firmarunt
676 393 867 433 animum
886 394 1107 444 praecepta
1120 390 1358 444 jacentem,

236 460 472 514 Sumtaque
495 463 595 500 sunt
613 460 739 499 nobis
758 458 949 512 pectoris
976 470 1096 497 arma
1116 457 1175 497 tui
1194 470 1205 508 ;

179 525 354 568 Rursus
376 540 495 568 amor
517 527 690 580 patriae,
711 527 874 566 ratione
895 526 1109 565 valentior
1128 524 1260 573 omni,

236 593 366 644 Quod
388 598 463 635 tua
486 598 724 634 texuerunt
744 593 922 645 scripta,
943 593 1099 633 retexit
1119 605 1245 645 opus.
1574 586 1630 629 30

177 660 280 702 Sive
303 662 424 714 pium
444 661 510 701 vis
530 661 628 709 hoc,
652 661 744 699 sive
765 660 847 699 hoc
868 660 1073 699 muliebre
1093 658 1241 699 vocari
1258 671 1270 710 ;

235 726 454 768 Confiteor
472 727 630 766 misero
649 725 780 764 molle
799 737 874 764 cor
895 738 990 764 esse
1012 725 1133 765 mihi.

180 794 288 835 Non
308 793 442 833 dubia
461 797 528 831 est
547 791 690 831 Ithaci
711 789 940 843 prudentia
957 804 965 830 :
998 791 1075 829 sed
1097 794 1238 831 tamen
1259 794 1381 843 optat

235 860 273 900 F
276 871 421 899 umum
443 858 497 898 de
519 857 675 910 patriis
695 868 823 909 posse
846 855 991 895 videre
1012 855 1136 896 focis.

178 926 345 968 Nescio
369 937 455 978 qua
476 923 622 964 natale
643 923 782 963 solum
803 922 1036 962 dulcedine
1060 925 1215 975 captos
1574 924 1630 966 35

235 992 386 1042 Ducit,
407 993 450 1032 et
471 991 742 1032 immemores
762 1001 850 1030 non
869 989 975 1030 sinit
994 1001 1091 1030 esse
1113 989 1195 1030 sui.

177 1134 265 1175 aquis
273 1134 465 1173 formidatis.
509 1134 681 1165 solicitudo
705 1134 800 1165 etiam
815 1134 900 1164 nulla
915 1137 984 1165 arte
1003 1134 1180 1174 quandoque
1201 1132 1349 1164 sanabilis
1355 1143 1368 1170 ;
1389 1132 1449 1171 uel,
1463 1141 1632 1172 quanquam

174 1178 230 1216 sit,
243 1178 407 1207 minuenda
423 1180 469 1207 est
494 1178 588 1207 multo
611 1181 754 1215 tempore.
800 1177 969 1215 Postquam
984 1178 1163 1207 documenta
1181 1181 1238 1206 tna
1253 1176 1325 1207 bene
1340 1177 1533 1206 asseruerunt
1549 1184 1632 1204 men-

176 1223 238 1250 tem
250 1222 451 1259 prostratam,
467 1222 496 1249 et
510 1228 596 1248 arma
613 1219 660 1248 tui
673 1219 775 1248 cordis
790 1221 861 1248 sunt
876 1222 966 1257 capta
985 1228 1004 1248 a
1018 1219 1114 1257 nobis,
1128 1228 1236 1248 rursus
1249 1228 1334 1249 amor
1347 1219 1460 1257 patriae
1476 1217 1632 1257 potentior

176 1261 259 1291 omni
281 1262 400 1292 ratione
422 1261 553 1292 destruit
575 1270 648 1300 opus
664 1261 741 1299 quod
763 1263 816 1289 tua
831 1259 946 1299 scripta
963 1263 1196 1291 exstruxerant.
1243 1263 1307 1290 Seu
1323 1261 1368 1290 vis
1382 1261 1467 1291 istud
1481 1260 1635 1299 appellare

174 1304 273 1342 pium,
289 1313 342 1334 seu
358 1303 552 1341 soemineum,
576 1312 705 1341 agnosco
722 1312 772 1332 cor
788 1310 850 1331 esse
863 1305 1000 1332 tenerum
1015 1302 1090 1331 mihi
1104 1303 1224 1332 misero.
1271 1302 1444 1332 Prudentia
1460 1300 1633 1331 Ithacensis

176 1355 237 1376 non
251 1349 298 1376 est
313 1346 430 1376 incerta
443 1356 454 1382 ,-
475 1346 527 1376 sed
543 1349 645 1375 tamen
658 1345 744 1383 cupit
765 1353 850 1384 posse
873 1353 994 1374 cernere
1012 1343 1137 1381 fumum
1153 1345 1189 1373 de
1198 1343 1281 1381 focis
1293 1344 1416 1382 patriis.
1463 1344 1559 1372 Terra
1575 1352 1630 1381 pa-

180 1388 245 1419 tria
260 1388 327 1427 agit
344 1392 454 1429 motos,
476 1389 575 1419 nescio
600 1397 659 1428 qua
682 1386 847 1425 suavitate,
863 1396 959 1426 neque
977 1386 1100 1426 patitur
1115 1395 1176 1416 esse
1198 1386 1305 1416 oblitos
1319 1385 1378 1416 sui.
1424 1385 1508 1420 Quid
1524 1383 1632 1415 melius

789 1485 1025 1497 eeeeeeeeeeee

179 1562 215 1590 et
229 1561 374 1600 quatuor
387 1557 442 1588 alii
457 1557 523 1587 Nec
531 1556 742 1595 formidamlis
755 1557 915 1586 aum—25
933 1555 1029 1586 Unus
1046 1554 1087 1585 V.
1103 1564 1161 1585 non
1175 1558 1220 1585 est
1236 1564 1297 1595 pro
1312 1556 1407 1586 nulla.
1428 1555 1512 1585 Tum
1525 1554 1631 1586 Bai-b.

177 1600 381 1641 reparabilis;
408 1604 443 1631 et
461 1600 541 1639 Arg.
556 1598 759 1630 medicabitur
774 1600 941 1628 arta—26
969 1597 1013 1627 Ut
1029 1606 1070 1627 ex
1087 1597 1257 1638 plerisque
1282 1602 1366 1629 vett.
1394 1597 1513 1628 Heins.
1538 1606 1631 1627 rece-

179 1644 231 1684 pit
255 1653 317 1682 pro
344 1642 434 1682 vulg.
460 1643 510 1677 si;
534 1646 569 1672 et
596 1642 791 1672 extenuanda
813 1649 873 1679 pro
889 1641 1090 1670 attenuanda.
1136 1640 1191 1670 Fr.
1212 1640 1315 1670 habet
1339 1640 1405 1670 Aut
1421 1639 1472 1669 ubi
1490 1639 1534 1680 fit
1549 1640 1631 1678 long.

177 1685 268 1726 qnod
286 1694 398 1715 verum
417 1689 514 1724 putat
534 1685 736 1714 Burm.——27
762 1682 835 1712 Pol.
866 1687 901 1712 et
927 1691 986 1712 sex
1017 1682 1072 1711 alii
1090 1681 1277 1722 firmm·int;
1302 1682 1397 1713 Leid.
1425 1686 1460 1712 et
1487 1691 1538 1721 pr.
1563 1681 1630 1712 Ed.

168 1728 447 1766 formarunt.—-28
473 1726 634 1758 Nonnulli
656 1726 719 1755 sint
747 1734 807 1764 pro
833 1726 999 1754 sunu—30
1026 1724 1202 1755 Texuerunt
1219 1734 1261 1755 ex
1284 1725 1404 1755 Heins.
1421 1733 1527 1761 corr.;
1552 1732 1630 1754 nam

178 1770 257 1802 Pat.
274 1774 310 1800 et
326 1779 410 1799 unus
427 1769 491 1800 Ha.
509 1769 669 1799 exhibent
685 1770 848 1797 texerunt:
872 1771 907 1796 at
924 1766 1015 1805 vulg.
1031 1765 1271 1803 fecerunt.——3l
1298 1766 1462 1798 Nonnulli
1475 1766 1561 1804 pium
1576 1765 1632 1804 J‘us

177 1813 243 1844 hoc.
287 1812 370 1842 Tum
398 1821 438 1841 ex
463 1811 629 1851 plerisque
656 1810 794 1848 scriptis
818 1809 938 1839 Heius.
961 1809 1114 1839 restituit
1129 1810 1193 1839 sive
1209 1809 1264 1839 hoc
1280 1818 1340 1849 pro
1356 1809 1448 1848 vulg.
1464 1818 1517 1838 seu
1532 1808 1632 1838 vim—-

178 1857 217 1886 35
244 1855 361 1896 Captos
379 1863 421 1884 ex
436 1854 563 1886 duobus
581 1853 620 1884 V.
647 1853 761 1893 placet
791 1851 910 1884 Heius.
940 1860 1010 1892 prae
1040 1851 1127 1891 vulg.
1156 1854 1373 1883 cunctos.--36
1396 1851 1625 1882 Bersniannus

832 1969 970 2001 NOTAE

179 2065 251 2095 gas,
268 2060 303 2087 et
329 2057 372 2087 de
396 2058 548 2098 hydrope
565 2058 724 2098 accipias,
748 2066 806 2088 seu
835 2066 877 2087 ex
974 2058 1016 2086 30
1043 2054 1232 2094 Texuerzmt]
1255 2054 1460 2095 Metaphora
1482 2062 1523 2084 ex
1549 2053 1630 2083 lani-

182 2104 373 2138 formidatis
405 2108 497 2147 aquis
534 2108 660 2138 rabiem
691 2107 876 2146 intelligas,
930 2106 1007 2137 ficio
1025 2106 1145 2146 petita,
1160 2105 1311 2146 apertior
1327 2114 1426 2147 quam
1451 2108 1488 2134 ut
1504 2103 1629 2143 exponi

181 2155 316 2195 utrique
346 2157 475 2195 morbo,
498 2166 685 2196 quanquam
712 2166 777 2186 non
805 2156 875 2186 sine

179 2204 372 2235 discrimine
386 2206 541 2245 maximo,
555 2206 732 2236 medentur
741 2205 875 2235 hodier-

180 2253 213 2284 ni
229 2253 362 2284 medici.

222 2306 264 2334 26
280 2304 403 2344 Longa]
424 2306 499 2335 Non
517 2305 603 2335 enini
621 2304 780 2334 continuo
797 2313 873 2335 suas

180 2353 264 2384 facit
279 2354 406 2384 animus
424 2354 571 2384 rationes
589 2354 691 2384 bonas
707 2363 780 2393 quae
795 2351 874 2382 offe-

179 2408 311 2440 runtur,
341 2405 417 2444 quia
446 2404 539 2434 bonae
570 2409 659 2434 sunt.
711 2404 873 2441 Tenupore

178 2453 281 2484 etiam
298 2453 345 2483 illi
362 2463 446 2493 opus
462 2458 527 2492 est,
542 2459 576 2484 et
593 2453 763 2494 frequenti
780 2461 874 2482 exer-

179 2504 272 2542 citio,
290 2508 328 2534 ut
343 2503 488 2544 denique
513 2505 545 2534 in
573 2504 637 2534 illis
659 2494 875 2534 coutirinetur

180 2556 215 2582 et
231 2553 480 2586 corroboretur.

222 2605 263 2632 28
285 2602 398 2642 Arma]
422 2603 566 2634 Consilia
583 2608 616 2634 et
638 2603 785 2635 rationes
808 2602 877 2642 qui-

181 2652 242 2682 bus
261 2652 406 2683 Nasonis
422 2659 568 2684 mentem
595 2654 756 2684 adversus
778 2653 876 2691 aegri-

180 2701 331 2733 tudinem
347 2702 483 2735 Rufinus
500 2704 627 2735 munire
644 2703 831 2735 studuerat.

929 2161 1113 2186 mereatur.

972 2207 1010 2234 31
1036 2204 1203 2243 Muliebre]
1239 2205 1369 2234 Revera
1400 2205 1453 2233 est
1480 2201 1629 2240 saepius;

928 2252 1107 2293 aliquando
1123 2257 1157 2282 et
1172 2253 1272 2291 pinni.

970 2305 1010 2332 33
1036 2301 1152 2340 Ithaci]
1176 2301 1319 2340 Ulyssis‚
1342 2300 1492 2330 scilicet:
1526 2308 1626 2339 quem

928 2351 960 2381 in
981 2350 1112 2381 virtutis
1130 2356 1231 2390 atque
1249 2350 1437 2389 prudentiae
1452 2349 1627 2389 exemplar

930 2405 1189 2440 proposuerunt.

974 2449 1087 2490 Optat]
1110 2452 1118 2466 ‘
1136 2449 1278 2487 quwa‚‘
1306 2448 1413 2489 inquit
1440 2448 1507 2487 ille,
1535 2448 1624 2488 apud

931 2500 1129 2536 Homerum,
1141 2501 1149 2515 ⁶
1166 2500 1311 2533 oninium
1331 2499 1512 2535 carissima,
1528 2507 1625 2528 occa-

930 2559 1000 2581 sum
1019 2559 1145 2588 versus,
1172 2558 1289 2588 aspera
1307 2549 1442 2589 quidem
1459 2547 1517 2578 sed
1536 2547 1624 2587 opti-

930 2609 995 2638 nia,
1012 2599 1203 2639 juventutis
1228 2599 1342 2637 altrix,
1371 2607 1435 2639 qua
1451 2605 1512 2638 ego
1542 2596 1623 2631 nibli

930 2659 1072 2692 unquam
1089 2650 1249 2683 anueuius
1268 2648 1360 2681 vidi:
