1877 3193
196 154 310 196 2646
687 165 725 193 P.
758 164 915 194 orlon
952 164 1163 194 NASOMS

199 258 311 310 Quae
333 259 412 301 tibi
435 272 572 301 causa
593 258 711 299 viee?
743 257 826 299 nisi
846 258 910 298 uti
928 259 1044 299 mala
1065 262 1216 300 nostra
1245 258 1419 300 videres
1433 260 1453 300 'l

256 325 369 376 Quae
391 331 503 374 sunt,
525 327 561 365 si
583 324 746 374 nescis,
768 325 992 366 invidiosa
1011 325 1106 366 tibi.

197 392 268 434 Tu
287 393 393 432 mihi
416 392 592 433 dictasti
607 392 824 446 juvenilia
845 393 1039 433 carmina
1059 392 1230 446 primus
1249 406 1258 434 ε

256 460 464 513 Apposui
486 460 616 510 senis,
639 466 679 502 te
703 460 830 510 duce,
853 462 1048 514 quinque
1070 461 1221 514 pedes.
1601 461 1658 504 30

198 527 298 569 Nec
319 541 388 568 me
412 527 606 569 Maeonio
627 540 885 581 consurgere
908 529 1117 578 carmine,
1141 542 1219 569 nec
1237 541 1306 569 me

257 595 416 635 Dicere
437 609 690 647 magnorum
713 608 876 648 passus
897 609 946 636 es
969 600 1069 637 acta
1090 596 1265 636 ducum.

200 660 402 702 Forsitan
424 663 623 713 exiguas,
646 662 819 714 aliquas
840 666 1001 712 tamen,
1023 676 1150 704 arcus
1170 666 1214 704 et
1234 663 1345 716 ignis

258 728 423 781 Ingenii
449 729 560 768 vires
583 729 871 769 comminuere
893 729 996 770 mei.

200 794 405 849 Namque
426 808 504 847 ego
528 794 630 834 dum
647 798 774 835 canto
794 800 872 836 tua
889 807 1038 847 regna,
1060 798 1237 848 tuaeque
1256 797 1464 849 parentis,
1601 797 1660 839 35

257 863 309 903 In
330 863 493 902 nullum
515 875 613 903 mea
632 875 758 903 mens
779 863 938 916 grande
957 863 1133 904 vacavit
1153 876 1280 916 opus.

201 928 245 970 N
249 943 299 971 ec
322 930 430 970 satis
452 929 495 969 id
517 929 683 981 fuerat3
716 931 881 972 stultus
904 944 1083 985 quoque
1103 932 1300 973 carmina
1318 931 1421 981 feci,

255 995 438 1037 Artibus
461 1001 507 1038 ut
528 1009 683 1050 posses
700 1010 790 1039 non
810 998 932 1039 rudis
951 1012 1049 1040 esse
1069 1000 1194 1040 meis.

201 1064 289 1105 Pro
310 1064 469 1117 quibus
490 1065 672 1105 exilium
692 1066 851 1107 misero
873 1067 980 1108 mihi
1001 1067 1172 1109 reddita
1192 1081 1359 1109 merces
1377 1081 1386 1108 z

259 1131 311 1171 Id
336 1144 510 1184 quoque
531 1132 576 1171 in
597 1134 822 1183 extremis,
851 1137 894 1175 et
914 1135 1009 1175 sine
1031 1147 1158 1189 pace,
1180 1135 1309 1176 locis.
1606 1135 1663 1177 40

203 1196 265 1238 At
285 1211 368 1238 non
390 1198 638 1239 Chionides
661 1200 908 1254 Eumolpus
931 1202 974 1242 in
999 1202 1172 1255 Orphea
1194 1203 1322 1254 tali53

259 1264 310 1304 In
334 1265 510 1319 Phryga
530 1278 613 1306 nec
636 1266 841 1320 Satyrum
863 1269 964 1308 talis
986 1267 1203 1321 Olympus
1223 1273 1328 1309 erat.

199 1385 346 1421 itincris;
369 1386 430 1416 nisi
446 1389 480 1416 ut
507 1396 646 1417 cerneres
671 1390 810 1418 nostram
836 1387 1072 1421 calamitatem?
1093 1399 1171 1428 quw,
1195 1389 1222 1419 si
1239 1388 1376 1428 ignoras,
1393 1392 1438 1419 est
1454 1388 1512 1419 tihi
1527 1387 1665 1420 invidia).

204 1428 250 1458 Tu
264 1428 383 1467 primus
399 1430 581 1466 suggessisti
597 1430 673 1459 mihi
687 1439 791 1460 versus
804 1430 978 1467 Juveniles:
1001 1435 1032 1461 te
1052 1435 1177 1462 auctore
1202 1432 1299 1469 adjeci
1320 1432 1451 1471 quinque
1466 1432 1555 1471 pedes
1570 1431 1664 1461 senis.

205 1470 310 1509 Neque
326 1470 428 1500 sii-isti
445 1481 491 1500 me
497 1471 577 1510 fieri
592 1472 708 1501 clarum
730 1481 821 1501 versu
846 1473 1024 1510 Homerico,
1047 1483 1142 1512 neque
1162 1483 1209 1502 me
1233 1477 1359 1504 cantare
1376 1473 1468 1510 fucta
1492 1473 1666 1512 ingentium

201 1512 433 1551 imperatorum.
459 1513 561 1542 Arcus
576 1517 606 1543 et
622 1513 707 1551 iguis
716 1513 888 1552 fregerunt
904 1515 985 1545 vires
998 1514 1117 1553 ingenii
1131 1515 1202 1553 mei,
1211 1514 1299 1551 forte
1312 1525 1438 1555 pari-as,
1452 1518 1590 1546 attamen
1603 1525 1665 1546 non

200 1554 311 1585 nullas.
358 1554 498 1594 Namque
521 1557 594 1585 dum
618 1565 674 1595 ego
699 1557 816 1587 celebro
841 1560 896 1587 tua
915 1567 1025 1596 regua,
1049 1560 1080 1587 et
1104 1560 1167 1588 luae
1181 1557 1304 1597 matris,
1318 1557 1479 1596 ingenium
1493 1567 1592 1588 meum
1607 1568 1667 1589 non

201 1597 287 1627 dedit
304 1606 428 1637 operam
451 1598 508 1628 ulli
522 1607 635 1637 magno
659 1599 807 1638 poemati.
855 1600 963 1640 Neque
978 1600 1055 1630 illud
1069 1600 1149 1631 satis
1166 1599 1295 1637 fuerat:
1318 1600 1446 1631 insanus
1471 1600 1581 1639 scripsi
1596 1610 1667 1639 quo-

203 1650 259 1678 que
276 1649 390 1679 versus,
405 1643 438 1670 ut
458 1650 561 1679 posses
576 1651 636 1671 nou
653 1651 715 1672 esse
731 1642 894 1682 imperitus
917 1646 969 1673 aut
992 1643 1114 1683 ineptus
1129 1643 1206 1673 meis
1221 1642 1363 1673 Artibus.
1409 1643 1476 1673 Pro
1491 1642 1600 1682 quibus
1614 1652 1668 1673 ea:-

202 1682 289 1712 ilium
306 1685 351 1712 est
379 1683 564 1713 attributum
578 1684 742 1722 proemium
758 1684 835 1715 mihi
850 1684 979 1722 infelici,
1000 1688 1091 1725 atque
1105 1685 1183 1716 illud
1197 1686 1231 1716 in
1245 1685 1318 1716 locis
1332 1685 1545 1716 remotissimis
1559 1688 1588 1716 et
1602 1685 1669 1715 sine

202 1734 286 1763 pace.
330 1725 376 1755 At
393 1725 564 1766 Eumolpus
581 1725 747 1757 Chionides
762 1737 823 1758 uon
839 1732 914 1758 erat
931 1729 1004 1758 talis
1023 1737 1099 1768 erga
1116 1728 1274 1769 Orpheum
1288 1738 1299 1765 ;
1322 1737 1415 1768 neque
1432 1728 1582 1769 Olympus
1595 1727 1670 1759 talis

816 1811 1051 1824 eeeeeeeeeeee

203 1865 242 1891 25
270 1861 345 1893 Pol.
360 1861 470 1893 venist.
486 1872 544 1902 quo
560 1872 626 1903 pam
641 1867 708 1895 est:
731 1868 767 1896 et
782 1875 840 1905 qua
859 1865 977 1898 Heius.
990 1866 1237 1898 mauman—27
1260 1866 1318 1896 Fr.
1331 1866 1391 1897 nis.
1405 1865 1433 1896 si
1446 1869 1480 1896 ut
1494 1866 1567 1896 mal.
1581 1864 1666 1906 Arg.

206 1905 267 1935 uis.
293 1908 325 1935 ut
345 1905 408 1936 hoec
434 1907 507 1937 mal.
532 1906 650 1938 Burm.
668 1908 757 1948 conj.
773 1910 830 1939 nis.
845 1918 904 1948 quo
925 1911 996 1940 mal.
1012 1910 1034 1940 i.
1061 1919 1089 1941 e.
1103 1920 1159 1950 quo
1175 1918 1237 1949 pro
1259 1912 1307 1948 ut,
1335 1913 1374 1939 ut
1389 1918 1480 1948 saepe
1495 1909 1615 1940 Cicero
1630 1913 1668 1940 et

207 1948 287 1977 alii:
314 1947 395 1979 Jun.
423 1948 484 1978 uisi
511 1958 549 1979 ne
573 1952 630 1979 ut:
653 1954 688 1980 et
704 1950 781 1981 Pol.
808 1961 881 1982 uum
897 1953 1000 1992 quod,·
1021 1952 1111 1983 unde
1140 1952 1259 1983 Heins.
1277 1952 1367 1992 conj.
1389 1961 1461 1982 uum
1486 1961 1557 1991 quo.
1581 1951 1667 1982 Mox

206 1990 329 2029 Scalig.
346 1991 512 2031 Excerpt.
532 1996 567 2022 et
582 1996 651 2023 tres
670 1992 745 2023 libri
763 1998 859 2026 nostr.
875 1996 1089 2026 levares—29
1114 1994 1274 2026 Nonnulli
1292 1994 1393 2025 codd.
1409 1993 1668 2032 exhibentjuve-

205 2033 302 2063 nulia.
326 2033 409 2063 Mox
426 2034 545 2074 scripti
567 2038 601 2064 et
618 2035 701 2066 editi
714 2036 849 2077 quidam
866 2038 1201 2078 carm.primum.—-32
1225 2038 1320 2068 Unus
1339 2036 1456 2068 Heius.
1472 2039 1532 2067 act.
1549 2037 1666 2068 Deum.

208 2078 292 2105 —33
318 2075 443 2115 Scripti
473 2076 569 2107 multi
595 2082 630 2108 et
657 2078 746 2110 Edd.
763 2079 918 2120 quaedam
946 2083 977 2111 et
992 2081 1174 2119 ignes—35
1198 2080 1279 2112 Jun.
1307 2080 1391 2110 Nam
1408 2089 1521 2119 quoque
1543 2080 1668 2110 dum.-

212 2119 250 2145 37
276 2117 364 2154 Tres
388 2118 462 2148 libri
481 2119 553 2149 Non
579 2121 657 2150 sutis
677 2121 728 2151 id.-
754 2131 840 2152 unus
860 2123 926 2153 Nec
947 2127 1050 2154 tamen
1074 2123 1148 2153 hoc:
1171 2122 1270 2153 multi
1293 2122 1350 2152 alii
1367 2122 1468 2153 etiam
1495 2121 1560 2152 hoc.
1583 2121 1667 2152 Mox

210 2167 294 2187 unus
310 2160 412 2189 studio
429 2169 490 2199 pro
508 2162 645 2198 stultum
670 2167 704 2193 et
721 2163 804 2203 Arg.
823 2169 858 2194 et
886 2165 949 2195 Ro.
975 2167 1069 2196 stulta
1085 2175 1174 2205 quoq.
1200 2164 1435 2195 carmine.—39
1457 2163 1577 2194 Misero
1591 2161 1667 2193 libri

211 2204 295 2231 vett.
323 2201 413 2240 vulg.
429 2203 635 2234 ‹imum—41
661 2204 753 2235 Libri
770 2206 879 2245 multi,
893 2217 953 2237 uon
980 2207 1179 2247 Echionides,
1193 2207 1260 2246 vel,
1290 2216 1344 2237 uec
1360 2205 1554 2236 Echionides.
1598 2202 1665 2234 Sed

862 2289 1007 2320 NOTAE

253 2358 292 2385 30
317 2355 422 2396 Senis]
451 2355 617 2396 Pedibus,
632 2356 775 2396 scilicet,
791 2357 911 2398 quibus
965 2357 1205 2389 comminutum
1223 2357 1378 2397 queritur
1394 2356 1514 2389 Poeta.

212 2409 347 2436 constat
371 2406 566 2436 hexameter
593 2411 808 2446 pentametro
826 2417 911 2448 prae-
1007 2411 1046 2438 35
1074 2407 1233 2447 Parentis]
1260 2407 1416 2447 Veneris,
1431 2408 1577 2439 scilicet.

209 2456 350 2494 positu-³.
397 2455 593 2495 Cujusmodi
611 2466 767 2489 versuum
784 2467 909 2499 genere
1007 2460 1048 2489 38
1065 2457 1210 2498 Artibus]
1230 2457 1343 2489 Libris
1360 2457 1401 2488 de
1417 2457 1504 2489 Arte
1520 2459 1666 2492 amandi.

210 2505 385 2535 Amatoria
402 2505 539 2545 scripsit
555 2506 660 2539 Naso.
1007 2512 1045 2540 41
1064 2508 1243 2548 Chionides]
1258 2508 1402 2539 Chiones
1414 2507 1518 2539 filium
1530 2509 1666 2541 Eumol-

260 2558 295 2585 31
326 2555 476 2596 Moeom'o]
502 2556 663 2598 Hernico,
677 2557 769 2598 quali
781 2568 859 2590 usus
871 2569 907 2591 es
962 2569 1040 2601 pum
1058 2568 1160 2598 supra
1176 2558 1333 2589 diximus.

220 2605 388 2636 Homerus
406 2607 585 2638 Maeonius.
1008 2609 1148 2650 Orphea]
1176 2609 1351 2649 Orpheum
1369 2608 1537 2648 insignem
1551 2614 1663 2641 vatem

258 2658 296 2684 33
322 2656 438 2696 Arcus]
469 2658 555 2689 Quae
572 2667 663 2689 arma
679 2664 758 2690 sunt
774 2660 912 2701 Cupidi-
965 2665 1001 2692 et
1025 2661 1217 2701 theologum
1239 2659 1420 2692 Thracium
1439 2659 1513 2700 jam
1541 2660 1664 2701 saepius

212 2706 276 2746 nis,
299 2715 319 2736 a
345 2716 410 2746 quo
437 2711 636 2748 corruptum
659 2709 830 2750 ingenium
851 2714 910 2743 aut
966 2710 1150 2743 habuimus.
