1863 3193
634 173 878 205 TssisrluM
913 173 1007 204 Lus.
1040 173 1115 203 ω.
1146 163 1186 202 7.

1529 161 1646 202 2343

180 270 305 311 Nam
326 270 406 310 tibi
428 282 525 310 cum
548 267 672 309 Fatis
692 281 834 310 mores
857 267 1029 310 Natura
1050 267 1256 321 pudicos,

237 337 293 378 Et
312 350 433 378 raras
455 336 580 377 dotes
601 335 908 388 ingeniumque
932 335 1066 375 dedit.

180 403 284 444 Hoc
307 417 387 455 ego
411 402 660 454 Pegasidas
680 401 843 442 deduxi
865 403 1033 455 primus
1055 403 1109 442 ad
1130 400 1290 449 undas,

1586 399 1642 439 15

238 469 310 510 Ne
332 471 441 510 male
463 469 684 510 foecundae
709 482 820 509 vena
843 471 1001 521 periret
1021 482 1165 521 aquae.

180 536 355 577 Primus
376 537 419 577 id
442 537 599 590 aspexi
624 538 783 576 teneris
803 537 845 575 in
866 536 1046 587 virginis
1068 535 1191 576 annis
1209 549 1218 576 :

236 603 384 657 thue
405 610 536 657 patet,
561 617 682 644 venae
706 604 886 656 duxque
907 615 1143 656 comesque
1164 602 1242 644 fui.

178 669 310 723 Ergo,
331 672 366 711 si
389 678 609 712 remanent
631 673 755 723 ignes
777 672 856 711 tibi
878 671 1071 724 pectoris
1092 670 1222 719 idem,

236 737 342 778 Sola
364 743 483 779 tuum
507 745 629 779 vates
652 740 817 780 Lesbia
837 739 982 780 vincet
1003 751 1131 792 opus.

1585 734 1642 776 20

177 803 265 845 Sed
285 818 449 855 vereor,
472 820 523 846 ne
541 811 581 846 te
605 819 701 847 mea
721 819 835 846 nunc
862 805 1052 845 Fortuna
1073 804 1285 857 retardet3

237 871 435 926 Postque
456 886 577 914 meos
601 886 733 913 casus
755 874 813 913 sit
834 874 914 913 tibi
936 877 1089 926 pectus
1112 874 1243 913 iners.

174 969 334 1009 regi-inis?
379 971 503 1001 Natura
521 972 600 1001 enim
616 970 674 1001 tibi
690 971 825 1011 praebuit
844 981 940 1002 mores
957 975 1056 1002 custos
1067 981 1134 1002 cum
1142 971 1261 1009 formu,
1277 973 1307 1000 et
1322 971 1408 1001 dotes
1419 979 1478 1000 uon
1492 969 1638 1008 vulgares

175 1016 265 1052 utque
282 1013 450 1051 ingenium.
499 1015 568 1051 Ego
592 1014 711 1053 primus
726 1015 842 1044 deduxi
864 1015 939 1044 illud
955 1015 994 1044 ud
1018 1024 1112 1054 aquas
1137 1014 1320 1052 Pegasidas,
1341 1023 1378 1043 ne
1402 1023 1477 1043 vena
1497 1013 1640 1043 salientis

646 1057 775 1086 Primus
799 1058 878 1087 illud
894 1057 960 1087 tia'i
977 1056 1009 1086 in
1023 1056 1135 1096 primis
1150 1056 1238 1086 annis
1258 1057 1386 1096 puelloe:
1408 1059 1509 1094 utque,
1533 1058 1569 1084 ut
1584 1064 1639 1093 ap-

174 1065 261 1094 uquse
278 1056 354 1085 mule
380 1056 599 1087 obstrueretur.

762 1099 848 1136 Ergo
868 1099 895 1128 sz'
919 1102 1059 1138 superest
1084 1098 1144 1128 tibi
1168 1099 1249 1128 idem
1274 1107 1361 1127 umor
1388 1098 1420 1127 in
1446 1098 1547 1135 corde,
1572 1097 1636 1126 sola

173 1101 273 1135 paret,
296 1097 350 1134 fui
376 1099 440 1127 dux
461 1101 491 1128 et
506 1108 604 1128 comes
619 1109 713 1129 venre.

175 1138 286 1169 Lesbia
311 1140 468 1179 superabit
495 1144 581 1170 tuum
607 1151 690 1180 opuS.
741 1141 854 1171 Verum
879 1144 991 1177 metim,
1016 1150 1053 1170 ne
1078 1150 1157 1170 nunc
1175 1139 1308 1177 fortuna
1324 1149 1389 1169 mea
1405 1142 1436 1168 te
1451 1142 1637 1177 remoretur,

174 1184 266 1221 atque
279 1182 398 1212 animus·
409 1182 468 1212 tibi
485 1183 664 1221 languescat
672 1185 744 1221 post
760 1191 859 1211 meum
871 1181 1090 1219 infortunium.
1131 1182 1286 1217 Quamdiu
1300 1190 1470 1212 concessum
1485 1184 1542 1217 est,
1557 1190 1638 1221 soepe

788 1254 826 1265 Ν
1005 1254 1022 1264 e·

172 1299 367 1329 inlicem—12
391 1297 461 1329 Alii
488 1308 562 1329 num
586 1308 648 1338 pro
672 1301 829 1329 nom—13
855 1298 1019 1329 Nonnulli
1047 1309 1115 1330 cum
1132 1298 1219 1337 facie
1240 1301 1401 1330 moin—14
1427 1298 1488 1328 Pr.
1511 1297 1553 1328 V.
1571 1297 1635 1329 Ro.

173 1346 209 1372 et
225 1340 409 1380 Gottorpli.
438 1342 481 1371 Et
496 1342 595 1371 claras
611 1342 675 1372 dot.
701 1341 822 1373 Heius.
850 1341 940 1381 conj.
960 1341 1179 1373 Clarias.—l5
1203 1343 1293 1373 Mor.
1316 1346 1350 1372 et
1375 1349 1433 1371 sex
1461 1340 1516 1370 alii
1534 1341 1637 1379 Pega-

171 1383 254 1414 sias:
277 1385 286 1401 ‘
304 1393 389 1414 unus
408 1383 559 1414 Gallicus
582 1384 821 1423 Pegasidis...in
845 1385 965 1414 undas.-
989 1384 1054 1414 duo
1076 1384 1176 1415 etiarn
1201 1385 1258 1415 alii
1273 1386 1306 1415 in
1320 1385 1515 1414 undas—18
1539 1382 1635 1414 Olim

171 1425 354 1466 legebatur
388 1426 459 1466 th.
484 1430 575 1466 pater
599 1431 681 1457 natae
707 1428 800 1466 duxq.
835 1429 843 1443 ⁵
862 1426 964 1457 Pater
990 1436 1075 1457 nemo
1091 1427 1190 1466 prim.
1214 1427 1374 1458 Politian.
1399 1429 1489 1466 puter
1507 1425 1636 1456 Veneris

172 1469 258 1499 alter
284 1468 440 1509 ejusdem
469 1473 504 1499 et
531 1469 812 1508 Harnburgensis,
829 1473 864 1499 et
880 1478 966 1499 unus
992 1469 1191 1500 Mediceus:
1228 1469 1296 1499 duo
1325 1470 1430 1504 renis;
1462 1468 1631 1500 Junianus

161 1510 311 1548 juvenis;
334 1511 418 1542 alius
433 1511 525 1547 veni;
550 1511 616 1541 duo
630 1512 722 1547 nati;
746 1516 893 1551 quatuor
915 1521 1020 1541 rente:
1055 1512 1197 1542 totidem
1218 1512 1291 1551 th.
1321 1514 1407 1551 patet
1423 1520 1525 1540 vente:
1548 1511 1636 1541 latet

173 1553 290 1585 ulcus.’
315 1553 430 1584 Heius.
476 1553 563 1583 Post
586 1553 675 1583 hunc
704 1563 752 1584 vs.
780 1553 813 1583 in
842 1553 1040 1593 quibusdam
1070 1554 1206 1594 scriptis
1230 1560 1264 1584 et
1282 1554 1369 1583 Edd.
1386 1554 1448 1582 hoc
1466 1552 1633 1583 distichon

334 1596 418 1626 Tunc
443 1605 559 1635 quoque
585 1596 658 1634 (sed
676 1595 789 1633 forsan
817 1599 954 1626 nostrum
981 1595 1092 1626 delevit
1118 1606 1252 1627 amorem
1271 1595 1424 1636 Tempus)
1439 1604 1523 1625 eram
1538 1594 1634 1624 nimio

570 1639 580 1654 ‘
599 1637 646 1668 Hi
673 1647 790 1669 versus
816 1638 849 1668 in
884 1638 1021 1677 scriptis
1048 1639 1182 1670 diverse
1209 1639 1392 1678 leguntur:
1423 1638 1456 1667 in
1474 1636 1633 1668 Leidensi

171 1599 269 1627 extat
283 1606 291 1626 ε

163 1638 290 1675 junctus
315 1647 419 1668 amore
444 1638 515 1668 tibi.

176 1680 258 1710 Tunc
267 1689 323 1718 ego
339 1689 475 1710 securum
483 1679 595 1717 forsan
607 1682 638 1711 d.
655 1691 686 1712 α.
702 1681 735 1711 in
753 1681 886 1711 Gallico
904 1681 988 1712 Tunc
1002 1690 1058 1720 ego
1081 1681 1130 1721 (si
1144 1684 1283 1712 nostrum
1291 1681 1323 1719 f.
1339 1681 1369 1711 d.
1385 1690 1413 1710 α.
1430 1679 1586 1719 Tempus)
1603 1689 1631 1711 e.

171 1724 223 1760 ⁸50·
238 1722 274 1752 in
292 1722 419 1753 Moreti
439 1722 569 1763 Tempus
583 1733 651 1754 eras
666 1733 695 1754 n.
704 1723 734 1762 J‘.
748 1733 850 1754 umore
869 1724 963 1755 mihi.-
978 1724 1035 1755 alii
1048 1723 1170 1755 aliter.’
1188 1724 1389 1755 Barim—20
1408 1721 1499 1754 Leid.
1515 1722 1554 1752 L.
1568 1722 1635 1752 vin-

827 1786 973 1819 NOTAE

168 1844 290 1886 patrios
317 1854 435 1876 versus
465 1845 590 1876 lascivos
623 1846 875 1887 interpreteris,

171 1895 286 1936 quales
300 1895 485 1935 scripserat
502 1895 642 1927 Perillae
659 1902 757 1936 pater
770 1897 877 1929 Naso.

171 1945 280 1976 Pati-ii
296 1954 411 1975 versus
440 1950 498 1975 aut
514 1945 635 1984 patrius
658 1955 730 1977 mos
749 1947 874 1978 dieitur

170 1995 320 2027 Latinus:
349 2000 387 2026 ut
415 1995 577 2026 Perillam
609 1997 780 2037 intelligas
808 2007 873 2028 non

171 2055 265 2077 more
291 2046 418 2087 patrio,
435 2046 493 2077 sed
512 2046 648 2085 Graeco,
668 2046 794 2078 fidibus
812 2048 874 2078 La-

171 2096 252 2128 tinis
265 2096 568 2127 accommodandas
583 2096 678 2128 Odas
696 2101 731 2128 et
748 2097 874 2137 Lyrica

172 2146 323 2177 carmina
353 2156 419 2176 non
444 2147 538 2186 prius
567 2147 696 2187 audita,
722 2147 811 2187 quod
837 2152 873 2178 et

171 2195 312 2227 Flaccus
330 2195 427 2235 fecit,
450 2205 516 2226 non
542 2196 612 2226 sine
642 2196 740 2227 laude
766 2196 872 2236 scrip-

171 2246 266 2277 sisse.

199 2299 238 2328 13
250 2295 355 2338 Palis]
366 2296 458 2336 Lego
459 2295 556 2334 facie.
566 2295 655 2326 Mire
664 2296 873 2327 conveniunt

169 2345 439 2387 formacorporis
449 2351 551 2388 atque
562 2347 668 2377 virtus
678 2346 871 2377 animizvir-

170 2401 222 2428 tus
232 2406 377 2439 namque
389 2398 484 2438 hujus
496 2401 548 2428 est
558 2396 665 2428 forma
678 2408 686 2436 3
700 2396 809 2429 forma
820 2407 873 2429 ve-

170 2456 207 2478 ro
217 2447 305 2479 illius
320 2448 438 2479 virtus.
456 2447 612 2489 Utraque
624 2448 657 2478 in
667 2448 786 2479 eadem
797 2458 872 2488 per-

172 2505 265 2535 sona,
289 2497 356 2537 vel,
377 2498 465 2539 quod
494 2502 547 2529 est
570 2498 672 2537 idem,
690 2498 808 2529 eadem
837 2498 872 2528 in

173 2548 313 2585 utraque
339 2547 489 2587 ejusdem
510 2548 652 2579 hominis
679 2552 791 2589 parte,
812 2547 872 2579 mi-

173 2604 245 2624 rum
263 2595 341 2634 qnid
360 2596 476 2630 efficit.

218 2646 255 2674 15
284 2642 370 2682 Hoc]
394 2645 582 2689 Ingenium,
598 2649 742 2680 scilicet.

215 2692 404 2734 Pegasidas]
442 2693 498 2726 Ad
528 2697 701 2730 Musarum
731 2698 872 2740 fontem,

929 1857 1027 1888 quem
1039 1848 1190 1888 Pegasus
1205 1848 1315 1879 alatus
1328 1856 1435 1888 equus
1451 1845 1538 1887 pede
1551 1854 1632 1886 ape-

930 1897 998 1928 ruit
1011 1907 1020 1928 :
1045 1907 1087 1928 ex
1099 1907 1165 1938 quo
1182 1897 1328 1928 Po'etam
1341 1896 1444 1927 filiam
1460 1905 1553 1926 suam
1567 1895 1635 1935 pri-

926 1956 1018 1977 mum
1040 1947 1219 1978 Poeticam
1237 1951 1345 1977 artem
1363 1946 1521 1976 docuisse
1533 1944 1634 1976 intel-

926 1996 1054 2036 ligitur.

972 2048 1012 2077 16
1037 2046 1087 2076 Ne
1102 2046 1194 2086 male]
1219 2045 1413 2086 Utcumque
1438 2044 1526 2075 enim
1542 2052 1629 2085 prae-

928 2096 1032 2135 clara,
1048 2100 1265 2127 marcescunt
1292 2094 1430 2135 ingenia
1446 2094 1509 2125 nisi
1525 2094 1628 2126 bona·

927 2154 1000 2175 rum
1015 2145 1190 2176 literarum
1203 2154 1307 2176 succo
1321 2145 1520 2186 irrigentur.

971 2197 1010 2225 17
1035 2195 1089 2235 Id]
1111 2194 1301 2235 Ingenium.

970 2248 1010 2277 18
1034 2245 1170 2286 Duxque
1195 2244 1365 2286 comesque]
1397 2243 1512 2286 Atque
1541 2244 1630 2285 hinc,

925 2305 994 2336 qua
1003 2295 1057 2326 via
1069 2296 1110 2326 ad
1119 2295 1303 2336 Sapientiae
1314 2294 1426 2326 fontes
1435 2295 1631 2327 adolescen-

927 2347 1015 2378 tulos
1033 2346 1222 2387 perducere
1237 2350 1397 2387 oporteat
1406 2355 1472 2378 non
1488 2346 1630 2378 obscure

927 2398 1151 2438 intelligitur:
1173 2398 1200 2428 si
1217 2397 1317 2429 modo
1332 2406 1405 2428 eam
1421 2397 1552 2437 ingredi
1570 2401 1628 2427 aut

926 2448 1056 2479 vellent
1070 2452 1128 2479 aut
1143 2451 1281 2478 nossent
1297 2456 1412 2478 omnes
1427 2446 1570 2477 Scholae.

970 2500 1011 2528 19
1035 2498 1143 2539 Ignes]
1165 2497 1300 2538 Ingenii
1325 2497 1434 2537 vigor,
1464 2500 1500 2527 et
1526 2495 1628 2527 bona-

925 2558 997 2580 rum
1012 2549 1186 2579 literarum
1201 2547 1363 2578 studium.

966 2603 1008 2631 20
1031 2598 1157 2638 Lesbia]
1171 2598 1321 2639 Sappho,
1332 2608 1375 2629 ex
1391 2597 1500 2630 Lesbo
1516 2597 1625 2629 insula

924 2653 1033 2680 vates.

967 2701 1004 2730 21
1026 2695 1179 2738 Fortuna]
1198 2696 1447 2739 Adversa,scil.
1466 2697 1622 2730 Exilium.
