1877 3193
541 162 691 193 EPIST.
726 162 791 191 Ex
826 162 984 193 PoNTo
1018 161 1114 193 Lm.
1147 162 1179 193 1.
1209 151 1250 193 1.

1506 154 1617 196 2499

171 253 346 294 Scimus
366 254 422 294 ab
443 254 627 306 imperio
647 254 743 295 fieri
762 255 824 295 nil
844 256 930 296 tale
954 254 1111 296 Dianae
1130 268 1140 296 :

228 320 356 360 Unde
377 325 518 361 tamen
539 321 659 361 vivat
679 323 942 363 vaticinator
961 323 1111 364 habet.

171 385 277 440 Ipsa
296 391 470 428 movent
489 389 660 429 animos
682 390 944 442 Superorum
965 390 1140 429 numina
1155 392 1328 430 nostros
1346 402 1357 440 3

227 454 374 508 Turpe
396 467 476 495 nec
499 459 565 495 est
586 456 662 496 tali
678 457 933 496 credulitate
954 455 1069 506 capi.

170 520 238 561 En
260 535 353 574 ego,
377 533 456 573 pro
475 521 615 570 sistro,
640 521 905 575 Phrygiique
926 520 1137 560 foramine
1158 520 1285 570 buxi,

1565 525 1621 563 45>

227 587 381 629 Gentis
404 587 538 629 Iuleae
556 590 733 628 nomina
753 592 903 629 sancta
924 587 1030 628 fero.

172 654 413 705 Vaticinor‚
434 669 680 709 moneoque
698 670 709 707 3
740 656 891 697 locum
913 656 1013 696 date
1034 666 1162 696 sacra
1180 654 1332 696 ferenti
1350 669 1359 697 :

228 721 331 762 Non
351 724 470 773 mihi,
492 724 568 764 sed
588 737 743 776 magno
766 724 967 777 poscitur
987 723 1060 762 ille
1081 722 1198 762 Deo.

172 785 286 837 Nec,
309 789 412 842 quia
433 791 505 831 vel
524 792 678 839 merui,
702 791 768 830 vel
789 790 902 830 sensi
925 788 1143 842 Principis
1163 789 1289 839 iram,

226 853 269 894 A
290 856 416 896 nobis
437 857 584 909 ipsum
605 857 720 897 nolle
742 861 899 909 putate
921 856 1025 896 coli.

170 920 274 961 Vidi
296 935 376 973 ego
397 923 590 976 linigerae
612 936 773 964 numen
794 924 987 964 violasse
1007 923 1216 964 fatentem

228 988 378 1039 Isidis,
400 989 573 1032 Isiacos
595 995 694 1032 ante
715 991 864 1033 sedere
884 991 1028 1032 focos.

170 1111 275 1144 uetae?
319 1113 440 1145 Scimus
453 1116 532 1146 nihil
551 1116 723 1156 hujusmodi
736 1117 816 1158 fieri
835 1116 924 1154 jussu
939 1116 1055 1147 Diana?
1067 1126 1078 1152 ,·
1101 1118 1232 1145 ceterum
1254 1118 1340 1145 vates
1355 1114 1446 1145 habet
1463 1116 1543 1146 unde
1563 1125 1627 1146 ces-

169 1159 267 1186 catur.
312 1156 385 1196 Ipsa
408 1159 534 1189 numina
558 1158 696 1190 Deorum
722 1162 841 1189 mot-eut
863 1162 983 1189 nostras
1008 1160 1123 1187 mentes
1131 1167 1143 1194 ,-
1164 1166 1262 1196 neque
1288 1160 1333 1187 est
1359 1157 1535 1188 indecorum
1553 1159 1625 1188 duci

169 1197 339 1236 hujusmodi
354 1201 543 1232 credulitate.
589 1203 668 1232 Ecce
682 1211 738 1239 ego
752 1210 828 1239 gero
846 1210 905 1240 pro
919 1201 1012 1230 sistro
1027 1203 1057 1229 et
1071 1199 1229 1235 foramine
1254 1198 1328 1228 busci
1347 1199 1483 1239 Phrygii
1498 1200 1626 1230 nomina

169 1242 339 1271 venerando
351 1243 456 1279 gentis
467 1242 571 1273 Iuleoe.
623 1243 782 1273 Vaticinor
793 1246 824 1272 et
834 1242 955 1279 hortor,
969 1244 1119 1281 praestale
1133 1241 1214 1270 viam
1224 1240 1347 1279 gerenti
1361 1250 1450 1270 sacru
1462 1252 1475 1278 ;
1496 1241 1552 1272 icta
1566 1252 1626 1272 uon

165 1282 285 1321 petitur
303 1293 358 1322 pro
374 1294 432 1321 me,
454 1285 506 1314 sed
519 1294 575 1323 pro
591 1294 702 1323 magno
718 1285 795 1314 Deo.
843 1284 962 1323 Neque,
986 1284 1057 1323 quia
1072 1282 1118 1313 vel
1132 1283 1244 1321 dignus
1251 1282 1318 1321 fui,
1332 1284 1379 1313 vel
1394 1286 1542 1323 expertus
1559 1293 1627 1314 sum

167 1324 248 1354 iram
264 1325 433 1365 Principis,
448 1326 626 1357 existimate
639 1328 725 1357 illum
738 1327 818 1357 nolle
832 1327 890 1357 coli
906 1337 924 1357 α
939 1326 1035 1356 nobis.
1081 1326 1152 1364 Ego
1167 1325 1231 1355 vidi
1247 1329 1464 1364 agnoscentem
1478 1335 1513 1356 se
1530 1329 1627 1357 teme-

167 1375 250 1397 rasse
263 1376 374 1399 numen
390 1368 485 1398 Isidis
498 1368 650 1410 linigerae,
670 1371 775 1400 sedere
787 1379 845 1410 pro
859 1370 923 1399 aris
941 1369 1047 1400 Isidis.
1092 1369 1185 1399 Alius
1200 1367 1291 1399 orbus
1305 1368 1401 1399 oculis
1414 1371 1541 1409 propter
1557 1378 1629 1409 pec-

781 1452 1019 1464 eeeeeeeeeee

170 1504 381 1537 obunco.—40
405 1506 529 1545 Scripti
557 1506 711 1536 nonnulli
737 1509 771 1536 et
796 1515 848 1545 pr.
876 1504 939 1535 Ed.
967 1505 1053 1535 Dum
1075 1506 1229 1534 cam—41
1254 1503 1324 1533 Pro
1355 1503 1472 1534 Dianoe
1499 1503 1629 1545 Tanaq.

169 1548 279 1579 Faber
295 1548 429 1588 reponit
456 1548 603 1588 Cybeles5
627 1549 722 1578 Serv.
739 1548 974 1577 Deorum—43
994 1547 1033 1577 P.
1051 1550 1086 1576 et
1100 1546 1188 1576 Mor.
1208 1545 1269 1584 [ps.
1286 1549 1407 1575 monent
1423 1546 1520 1576 anim.
1543 1547 1627 1577 Tum

170 1595 256 1620 vett.
274 1590 425 1620 nonnulli
453 1590 488 1620 S.
514 1590 638 1619 nomina
654 1593 751 1619 nostr.
779 1593 813 1619 et
837 1589 901 1618 duo
925 1588 1001 1618 libri
1016 1588 1253 1618 carmina.-46
1277 1588 1345 1617 Pro
1360 1588 1482 1618 nomina
1499 1587 1561 1619 Ed.
1578 1598 1629 1629 pr.

170 1632 307 1662 numina.
328 1633 411 1661 Tum
437 1632 534 1662 Serv.
552 1637 586 1661 et
611 1631 696 1661 Edd.
722 1631 877 1671 quaedam
903 1641 1006 1668 sacra,
1029 1635 1064 1661 et
1081 1630 1120 1660 P.
1148 1639 1261 1668 magua
1278 1629 1344 1667 fer.
1361 1629 1444 1669 Arg.
1468 1629 1629 1667 feram—-

171 1675 212 1703 47
237 1674 277 1704 P.
292 1674 385 1704 Dan.
407 1673 478 1704 Vnt.
493 1683 663 1713 moveoque.
688 1673 771 1704 Mox
798 1674 893 1704 Serv.
912 1678 947 1704 et
964 1673 1098 1703 Bersm.
1115 1676 1150 1702 et
1176 1673 1340 1712 Excerpt.
1368 1673 1465 1703 voss.
1482 1674 1537 1703 loc.
1553 1674 1628 1704 dare

172 1718 337 1747 sacru—50
360 1715 423 1746 Ed.
450 1716 582 1756 Grypb.
609 1717 668 1756 ips.
694 1716 761 1746 uolo
784 1719 897 1756 putare
913 1717 1055 1747 σιώ-51
1081 1714 1198 1755 Aliqui
1214 1715 1368 1745 scribunt
1383 1724 1440 1754 ego
1466 1715 1628 1754 Niligenae

834 1816 978 1848 NOTAE

217 1898 337 1938 Sistra]
391 1899 521 1931 Quibus
548 1899 648 1929 Isidis
679 1899 874 1930 sacerdotes

176 1958 272 1980 sacra
301 1949 376 1989 ejus
407 1948 684 1989 frequentabant,
722 1952 759 1978 ut
795 1948 875 1979 alibi

175 1998 320 2029 dictum.

219 2051 260 2078 39
284 2048 385 2079 Deum
402 2047 555 2087 Matrem]
582 2047 708 2088 Cybele
733 2051 798 2086 est,
819 2057 876 2078 cu-

170 2099 227 2139 jus
248 2108 340 2128 sacra
363 2104 609 2138 tympanorum,
625 2098 824 2136 fistularum,
839 2101 876 2128 et

177 2149 336 2179 tibiarum
365 2148 525 2188 strepitu,
542 2147 779 2187 inconditoque
804 2147 875 2177 ulu-

176 2199 246 2229 latu
262 2199 520 2239 peragebantur.

217 2250 260 2278 40
283 2247 398 2287 Scipi-s]
417 2247 552 2278 Nummi
568 2245 875 2286 parvi,cujusmodi

176 2298 346 2338 cogebant
364 2297 464 2328 Isidis
482 2296 689 2328 sacerdotes.

219 2350 258 2379 41
283 2347 373 2387 Tale]
396 2348 443 2378 Ut
469 2346 645 2386 pecuniam
667 2354 724 2376 seu
753 2344 875 2384 stipem

177 2396 294 2437 exigat
318 2397 475 2428 sacerdos
499 2406 576 2427 suus
597 2395 638 2425 ab
656 2395 693 2425 iis
709 2395 765 2436 qui
785 2394 877 2425 illam

180 2445 223 2476 de
239 2455 275 2476 re
289 2447 444 2487 quapiam
460 2447 652 2477 consulunt.

223 2499 263 2526 42
294 2498 502 2537 Vaticinator]
558 2497 710 2529 Eundem
749 2496 877 2528 Aricini

182 2548 326 2577 nemoris
355 2558 466 2587 regem
490 2551 523 2580 in
549 2549 779 2589 superioribus
797 2549 878 2579 vidi-

182 2605 280 2634 mus3
303 2597 392 2626 unde
413 2599 570 2637 majorem
598 2600 686 2630 illius
711 2599 879 2638 notitiam,

182 2646 210 2677 si
225 2645 308 2677 tanti
324 2650 389 2684 est,
405 2646 486 2677 licet
502 2654 666 2687 repetere.

226 2698 266 2728 43
292 2696 444 2737 Numina]
466 2696 549 2729 Cum
563 2697 696 2730 illorum
711 2708 813 2731 causa
830 2707 880 2730 sa-

931 1895 1128 1927 cerdotibus
1155 1895 1362 1935 decedimus,
1393 1894 1516 1935 stipem
1547 1904 1630 1936 prae-

929 1947 1060 1985 bemus,
1076 1948 1140 1976 δῖε.

972 2000 1012 2028 44
1039 1996 1251 2036 Credulitate]
1279 1996 1356 2028 Qua
1382 1995 1629 2036 sacerdotibus,

930 2049 1082 2079 Deorum
1099 2057 1214 2084 causa,
1232 2045 1394 2077 favemus.

972 2102 1012 2129 45
1037 2098 1188 2137 Phrygii]
1228 2097 1318 2129 Quia
1346 2097 1503 2136 Phryges
1538 2094 1630 2127 tibiae

930 2148 1048 2178 buxeae
1066 2147 1271 2176 inventores,

971 2200 1013 2227 46
1037 2195 1146 2235 Iuleae]
1170 2195 1222 2225 Ab
1248 2195 1321 2225 Iulo
1339 2194 1451 2224 AEneae
1480 2193 1549 2224 filio
1574 2192 1631 2224 de·

930 2247 1061 2278 rivatae.
1109 2245 1264 2286 Augusto
1294 2250 1501 2283 assentatur,
1534 2243 1631 2284 quasi

931 2299 1027 2329 Deus
1044 2301 1148 2327 esset.

973 2351 1013 2379 47
1049 2346 1221 2383 Vaticinor,
1250 2345 1426 2384 moneoque]
1466 2344 1540 2374 Hoc
1571 2346 1632 2382 est,

930 2398 1027 2429 Vatis
1045 2403 1146 2437 atque
1169 2396 1377 2431 Sacerdotis,
1406 2396 1459 2425 cui
1490 2398 1632 2433 propter

931 2457 1053 2479 numen
1069 2448 1111 2477 sit
1130 2446 1377 2483 decedendum,
1394 2446 1483 2474 vives
1502 2448 1610 2473 tueor.

973 2500 1016 2529 48
1041 2496 1174 2535 Magno]
1201 2495 1364 2529 Augusto.

974 2551 1016 2579 49
1043 2546 1123 2585 Nec]
1157 2544 1341 2575 Maximum
1369 2542 1422 2572 bic
1452 2544 1506 2571 est
1527 2538 1631 2571 artifi-

933 2598 1034 2629 cium.

975 2649 1014 2676 51
1032 2642 1204 2682 Lim‘geroe]
1222 2642 1308 2674 Quia
1320 2640 1520 2671 Sacerdotes
1534 2639 1630 2670 lineis

932 2693 1081 2726 vestibus
1104 2700 1199 2724 sacra
1222 2691 1293 2732 ejus
1317 2689 1537 2732 peragebant.
1574 2689 1629 2720 De
