<?xml version="1.0" encoding="UTF-8"?>
<!DOCTYPE html PUBLIC "-//W3C//DTD XHTML 1.0 Transitional//EN"
    "http://www.w3.org/TR/xhtml1/DTD/xhtml1-transitional.dtd">
<html xmlns="http://www.w3.org/1999/xhtml" xml:lang="en" lang="en">
 <head>
  <title>
</title>
<meta http-equiv="Content-Type" content="text/html;charset=utf-8" />
  <meta name='ocr-system' content='tesseract 3.04.00' />
  <meta name='ocr-capabilities' content='ocr_page ocr_carea ocr_par ocr_line ocrx_word'/>
</head>
<body>
  <div class='ocr_page' id='page_1' title='image "./operaomniaexedit05oviduoft/operaomniaexedit05oviduoft_0633.png"; bbox 0 0 1877 3193; ppageno 0'>
   <div class='ocr_carea' id='block_1_1' title="bbox 863 208 974 239">
    <p class='ocr_par' dir='ltr' id='par_1_1' title="bbox 863 208 974 239">
     <span class='ocr_line' id='line_1_1' title="bbox 863 208 974 239; baseline 0.009 -2"><span class='ocrx_word' id='word_1_1' title='bbox 863 208 974 239; x_wconf 80' lang='lat' dir='ltr'>lsslS.</span> 
     </span>
    </p>
   </div>
   <div class='ocr_carea' id='block_1_2' title="bbox 1530 199 1644 241">
    <p class='ocr_par' dir='ltr' id='par_1_2' title="bbox 1530 199 1644 241">
     <span class='ocr_line' id='line_1_2' title="bbox 1530 199 1644 241; baseline -0.009 0"><span class='ocrx_word' id='word_1_2' title='bbox 1530 199 1644 241; x_wconf 64' lang='lat'>2823</span> 
     </span>
    </p>
   </div>
   <div class='ocr_carea' id='block_1_3' title="bbox 188 302 1482 559">
    <p class='ocr_par' dir='ltr' id='par_1_3' title="bbox 190 302 1422 426">
     <span class='ocr_line' id='line_1_3' title="bbox 190 302 1422 358; baseline 0.001 -16"><span class='ocrx_word' id='word_1_3' title='bbox 190 302 376 356; x_wconf 78' lang='lat' dir='ltr'>Propter</span> <span class='ocrx_word' id='word_1_4' title='bbox 397 316 503 358; x_wconf 84' lang='lat' dir='ltr'>opes</span> <span class='ocrx_word' id='word_1_5' title='bbox 524 316 707 356; x_wconf 79' lang='lat' dir='ltr'>magnas</span> <span class='ocrx_word' id='word_1_6' title='bbox 728 307 777 345; x_wconf 83' lang='lat' dir='ltr'>ut</span> <span class='ocrx_word' id='word_1_7' title='bbox 796 303 983 358; x_wconf 75' lang='lat' dir='ltr'>perdidit</span> <span class='ocrx_word' id='word_1_8' title='bbox 1001 303 1162 357; x_wconf 86' lang='lat' dir='ltr'>hospes</span> <span class='ocrx_word' id='word_1_9' title='bbox 1184 303 1422 352; x_wconf 82' lang='lat' dir='ltr'>alumnum,</span> 
     </span>
     <span class='ocr_line' id='line_1_4' title="bbox 247 369 1204 426; baseline 0.001 -16"><span class='ocrx_word' id='word_1_10' title='bbox 247 369 409 411; x_wconf 83' lang='lat' dir='ltr'>Perdat</span> <span class='ocrx_word' id='word_1_11' title='bbox 430 372 488 411; x_wconf 90' lang='lat' dir='ltr'>ob</span> <span class='ocrx_word' id='word_1_12' title='bbox 508 372 695 425; x_wconf 79' lang='lat' dir='ltr'>exiguas</span> <span class='ocrx_word' id='word_1_13' title='bbox 713 375 753 412; x_wconf 86' lang='lat' dir='ltr'>te</span> <span class='ocrx_word' id='word_1_14' title='bbox 774 376 875 412; x_wconf 87' lang='lat' dir='ltr'>tuus</span> <span class='ocrx_word' id='word_1_15' title='bbox 897 371 1061 426; x_wconf 83' lang='lat' dir='ltr'>hospes</span> <span class='ocrx_word' id='word_1_16' title='bbox 1083 384 1204 424; x_wconf 85' lang='lat' dir='ltr'>opes.</span> 
     </span>
    </p>

    <p class='ocr_par' dir='ltr' id='par_1_4' title="bbox 188 434 1482 559">
     <span class='ocr_line' id='line_1_5' title="bbox 188 434 1482 489; baseline 0 -12"><span class='ocrx_word' id='word_1_17' title='bbox 188 434 337 489; x_wconf 86' lang='lat' dir='ltr'>thue</span> <span class='ocrx_word' id='word_1_18' title='bbox 358 437 502 478; x_wconf 89' lang='lat' dir='ltr'>ferunt</span> <span class='ocrx_word' id='word_1_19' title='bbox 520 438 674 480; x_wconf 83' lang='lat' dir='ltr'>fratres</span> <span class='ocrx_word' id='word_1_20' title='bbox 695 451 776 480; x_wconf 74' lang='lat' dir='ltr'>sex</span> <span class='ocrx_word' id='word_1_21' title='bbox 799 451 899 479; x_wconf 85' lang='lat' dir='ltr'>cum</span> <span class='ocrx_word' id='word_1_22' title='bbox 921 438 1300 480; x_wconf 77' lang='lat' dir='ltr'>Damasichthone</span> <span class='ocrx_word' id='word_1_23' title='bbox 1321 450 1482 487; x_wconf 77' lang='lat' dir='ltr'>caesos,</span> 
     </span>
     <span class='ocr_line' id='line_1_6' title="bbox 244 502 1151 559; baseline 0.002 -16"><span class='ocrx_word' id='word_1_24' title='bbox 244 502 435 546; x_wconf 78' lang='lat' dir='ltr'>Intereat</span> <span class='ocrx_word' id='word_1_25' title='bbox 455 509 600 546; x_wconf 81' lang='lat' dir='ltr'>tecum</span> <span class='ocrx_word' id='word_1_26' title='bbox 620 507 684 547; x_wconf 88' lang='lat' dir='ltr'>sic</span> <span class='ocrx_word' id='word_1_27' title='bbox 707 519 839 559; x_wconf 85' lang='lat' dir='ltr'>genus</span> <span class='ocrx_word' id='word_1_28' title='bbox 861 518 989 546; x_wconf 87' lang='lat' dir='ltr'>omne</span> <span class='ocrx_word' id='word_1_29' title='bbox 1011 508 1151 545; x_wconf 83' lang='lat' dir='ltr'>tuum.</span> 
     </span>
    </p>
   </div>
   <div class='ocr_carea' id='block_1_4' title="bbox 187 567 1238 620">
    <p class='ocr_par' dir='ltr' id='par_1_5' title="bbox 187 567 1238 620">
     <span class='ocr_line' id='line_1_7' title="bbox 187 567 1238 620; baseline 0.002 -11"><span class='ocrx_word' id='word_1_30' title='bbox 187 567 376 611; x_wconf 83' lang='lat' dir='ltr'>Addidit</span> <span class='ocrx_word' id='word_1_31' title='bbox 393 575 441 611; x_wconf 90' lang='lat' dir='ltr'>ut</span> <span class='ocrx_word' id='word_1_32' title='bbox 460 571 619 612; x_wconf 87' lang='lat' dir='ltr'>fidicen</span> <span class='ocrx_word' id='word_1_33' title='bbox 638 571 811 612; x_wconf 85' lang='lat' dir='ltr'>miseris</span> <span class='ocrx_word' id='word_1_34' title='bbox 831 583 912 610; x_wconf 86' lang='lat' dir='ltr'>sua</span> <span class='ocrx_word' id='word_1_35' title='bbox 932 570 1084 611; x_wconf 83' lang='lat' dir='ltr'>funera</span> <span class='ocrx_word' id='word_1_36' title='bbox 1104 570 1238 620; x_wconf 83' lang='lat' dir='ltr'>natis,</span> 
     </span>
    </p>
   </div>
   <div class='ocr_carea' id='block_1_5' title="bbox 1557 572 1643 613">
    <p class='ocr_par' dir='ltr' id='par_1_6' title="bbox 1557 572 1643 613">
     <span class='ocr_line' id='line_1_8' title="bbox 1557 572 1643 613; baseline 0.023 -2"><span class='ocrx_word' id='word_1_37' title='bbox 1557 572 1643 613; x_wconf 68' lang='lat'>585</span> 
     </span>
    </p>
   </div>
   <div class='ocr_carea' id='block_1_6' title="bbox 181 635 1182 894">
    <p class='ocr_par' dir='ltr' id='par_1_7' title="bbox 181 635 1182 894">
     <span class='ocr_line' id='line_1_9' title="bbox 243 635 1071 691; baseline 0 -14"><span class='ocrx_word' id='word_1_38' title='bbox 243 635 320 678; x_wconf 83' lang='lat' dir='ltr'>Sic</span> <span class='ocrx_word' id='word_1_39' title='bbox 342 638 421 677; x_wconf 84' lang='lat' dir='ltr'>tibi</span> <span class='ocrx_word' id='word_1_40' title='bbox 443 639 528 678; x_wconf 88' lang='lat' dir='ltr'>sint</span> <span class='ocrx_word' id='word_1_41' title='bbox 545 639 653 679; x_wconf 84' lang='lat' dir='ltr'>vitae</span> <span class='ocrx_word' id='word_1_42' title='bbox 674 637 810 678; x_wconf 81' lang='lat' dir='ltr'>taedia</span> <span class='ocrx_word' id='word_1_43' title='bbox 822 638 945 691; x_wconf 81' lang='lat' dir='ltr'>justa</span> <span class='ocrx_word' id='word_1_44' title='bbox 965 641 1071 678; x_wconf 82' lang='lat' dir='ltr'>tuae.</span> 
     </span>
     <span class='ocr_line' id='line_1_10' title="bbox 185 703 1182 759; baseline 0.002 -15"><span class='ocrx_word' id='word_1_45' title='bbox 185 703 302 745; x_wconf 87' lang='lat' dir='ltr'>Utve</span> <span class='ocrx_word' id='word_1_46' title='bbox 322 717 445 745; x_wconf 88' lang='lat' dir='ltr'>soror</span> <span class='ocrx_word' id='word_1_47' title='bbox 464 705 663 759; x_wconf 88' lang='lat' dir='ltr'>Pelopis,</span> <span class='ocrx_word' id='word_1_48' title='bbox 687 718 801 746; x_wconf 72' lang='lat' dir='ltr'>saxo</span> <span class='ocrx_word' id='word_1_49' title='bbox 823 705 991 746; x_wconf 85' lang='lat' dir='ltr'>dureris</span> <span class='ocrx_word' id='word_1_50' title='bbox 1013 706 1182 755; x_wconf 83' lang='lat' dir='ltr'>oborto,</span> 
     </span>
     <span class='ocr_line' id='line_1_11' title="bbox 239 770 1107 826; baseline 0 -15"><span class='ocrx_word' id='word_1_51' title='bbox 239 770 296 811; x_wconf 89' lang='lat' dir='ltr'>Et</span> <span class='ocrx_word' id='word_1_52' title='bbox 314 771 448 813; x_wconf 86' lang='lat' dir='ltr'>laesus</span> <span class='ocrx_word' id='word_1_53' title='bbox 467 771 614 824; x_wconf 85' lang='lat' dir='ltr'>lingua</span> <span class='ocrx_word' id='word_1_54' title='bbox 639 772 797 813; x_wconf 83' lang='lat' dir='ltr'>Battus</span> <span class='ocrx_word' id='word_1_55' title='bbox 819 773 875 812; x_wconf 81' lang='lat' dir='ltr'>ab</span> <span class='ocrx_word' id='word_1_56' title='bbox 895 773 991 826; x_wconf 88' lang='lat' dir='ltr'>ipse</span> <span class='ocrx_word' id='word_1_57' title='bbox 1015 786 1107 813; x_wconf 82' lang='lat' dir='ltr'>sua.</span> 
     </span>
     <span class='ocr_line' id='line_1_12' title="bbox 181 836 1162 894; baseline 0.004 -17"><span class='ocrx_word' id='word_1_58' title='bbox 181 836 302 878; x_wconf 60' lang='lat' dir='ltr'>Aera</span> <span class='ocrx_word' id='word_1_59' title='bbox 322 839 361 878; x_wconf 88' lang='lat' dir='ltr'>si</span> <span class='ocrx_word' id='word_1_60' title='bbox 381 839 519 879; x_wconf 82' lang='lat' dir='ltr'>misso</span> <span class='ocrx_word' id='word_1_61' title='bbox 536 853 722 881; x_wconf 83' lang='lat' dir='ltr'>vacuum</span> <span class='ocrx_word' id='word_1_62' title='bbox 737 840 987 894; x_wconf 84' lang='lat' dir='ltr'>jaculabere</span> <span class='ocrx_word' id='word_1_63' title='bbox 1008 840 1134 881; x_wconf 85' lang='lat' dir='ltr'>disco</span> <span class='ocrx_word' id='word_1_64' title='bbox 1153 853 1162 890; x_wconf 94' lang='grc'>;</span> 
     </span>
    </p>
   </div>
   <div class='ocr_carea' id='block_1_7' title="bbox 241 903 1255 959">
    <p class='ocr_par' dir='ltr' id='par_1_8' title="bbox 241 903 1255 959">
     <span class='ocr_line' id='line_1_13' title="bbox 241 903 1255 959; baseline 0.001 -14"><span class='ocrx_word' id='word_1_65' title='bbox 241 903 343 954; x_wconf 86' lang='lat' dir='ltr'>Quo</span> <span class='ocrx_word' id='word_1_66' title='bbox 363 919 473 959; x_wconf 86' lang='lat' dir='ltr'>puer</span> <span class='ocrx_word' id='word_1_67' title='bbox 494 906 744 957; x_wconf 80' lang='lat' dir='ltr'>OEbalides,</span> <span class='ocrx_word' id='word_1_68' title='bbox 766 908 878 948; x_wconf 85' lang='lat' dir='ltr'>ictus</span> <span class='ocrx_word' id='word_1_69' title='bbox 897 908 953 948; x_wconf 85' lang='lat' dir='ltr'>ab</span> <span class='ocrx_word' id='word_1_70' title='bbox 974 908 1079 948; x_wconf 83' lang='lat' dir='ltr'>orbe</span> <span class='ocrx_word' id='word_1_71' title='bbox 1102 907 1255 947; x_wconf 79' lang='lat' dir='ltr'>cadas.</span> 
     </span>
    </p>
   </div>
   <div class='ocr_carea' id='block_1_8' title="bbox 1556 908 1641 949">
    <p class='ocr_par' dir='ltr' id='par_1_9' title="bbox 1556 908 1641 949">
     <span class='ocr_line' id='line_1_14' title="bbox 1556 908 1641 949; baseline 0 -1"><span class='ocrx_word' id='word_1_72' title='bbox 1556 908 1641 949; x_wconf 79' lang='lat'>590</span> 
     </span>
    </p>
   </div>
   <div class='ocr_carea' id='block_1_9' title="bbox 182 971 1278 1096">
    <p class='ocr_par' dir='ltr' id='par_1_10' title="bbox 182 971 1278 1096">
     <span class='ocr_line' id='line_1_15' title="bbox 182 971 1278 1029; baseline 0.004 -18"><span class='ocrx_word' id='word_1_73' title='bbox 182 971 231 1012; x_wconf 88' lang='lat' dir='ltr'>Si</span> <span class='ocrx_word' id='word_1_74' title='bbox 254 985 343 1024; x_wconf 81' lang='lat' dir='ltr'>qua</span> <span class='ocrx_word' id='word_1_75' title='bbox 363 986 444 1025; x_wconf 87' lang='lat' dir='ltr'>per</span> <span class='ocrx_word' id='word_1_76' title='bbox 465 975 651 1015; x_wconf 82' lang='lat' dir='ltr'>alternos</span> <span class='ocrx_word' id='word_1_77' title='bbox 671 975 921 1029; x_wconf 78' lang='lat' dir='ltr'>pulsabitur</span> <span class='ocrx_word' id='word_1_78' title='bbox 939 974 1055 1014; x_wconf 83' lang='lat' dir='ltr'>unda</span> <span class='ocrx_word' id='word_1_79' title='bbox 1075 975 1278 1024; x_wconf 83' lang='lat' dir='ltr'>lacertos,</span> 
     </span>
     <span class='ocr_line' id='line_1_16' title="bbox 240 1037 1115 1096; baseline 0.001 -17"><span class='ocrx_word' id='word_1_80' title='bbox 240 1037 393 1081; x_wconf 89' lang='lat' dir='ltr'>Omnis</span> <span class='ocrx_word' id='word_1_81' title='bbox 414 1040 634 1094; x_wconf 83' lang='lat' dir='ltr'>Abydena</span> <span class='ocrx_word' id='word_1_82' title='bbox 654 1041 712 1083; x_wconf 87' lang='lat' dir='ltr'>sit</span> <span class='ocrx_word' id='word_1_83' title='bbox 732 1041 811 1082; x_wconf 92' lang='lat' dir='ltr'>tibi</span> <span class='ocrx_word' id='word_1_84' title='bbox 831 1041 957 1096; x_wconf 87' lang='lat' dir='ltr'>pejor</span> <span class='ocrx_word' id='word_1_85' title='bbox 978 1053 1115 1095; x_wconf 82' lang='lat' dir='ltr'>aqua.</span> 
     </span>
    </p>
   </div>
   <div class='ocr_carea' id='block_1_10' title="bbox 179 1169 1642 1254">
    <p class='ocr_par' dir='ltr' id='par_1_11' title="bbox 179 1169 1642 1254">
     <span class='ocr_line' id='line_1_17' title="bbox 179 1169 1642 1212; baseline 0.002 -13"><span class='ocrx_word' id='word_1_86' title='bbox 179 1169 327 1200; x_wconf 76' lang='lat' dir='ltr'>mactavit</span> <span class='ocrx_word' id='word_1_87' title='bbox 338 1170 493 1202; x_wconf 81' lang='lat' dir='ltr'>alumnum</span> <span class='ocrx_word' id='word_1_88' title='bbox 506 1181 688 1211; x_wconf 80' lang='lat' dir='ltr'>magnarum</span> <span class='ocrx_word' id='word_1_89' title='bbox 702 1172 883 1203; x_wconf 75' lang='lat' dir='ltr'>divitior-mn</span> <span class='ocrx_word' id='word_1_90' title='bbox 899 1181 1002 1211; x_wconf 79' lang='lat' dir='ltr'>causa,</span> <span class='ocrx_word' id='word_1_91' title='bbox 1018 1174 1090 1203; x_wconf 79' lang='lat' dir='ltr'>tuus</span> <span class='ocrx_word' id='word_1_92' title='bbox 1101 1171 1208 1212; x_wconf 79' lang='lat' dir='ltr'><em>hospes</em></span> <span class='ocrx_word' id='word_1_93' title='bbox 1221 1174 1252 1203; x_wconf 78' lang='lat' dir='ltr'>te</span> <span class='ocrx_word' id='word_1_94' title='bbox 1259 1170 1384 1211; x_wconf 73' lang='lat' dir='ltr'>jugulet</span> <span class='ocrx_word' id='word_1_95' title='bbox 1396 1174 1522 1212; x_wconf 79' lang='lat' dir='ltr'>propter</span> <span class='ocrx_word' id='word_1_96' title='bbox 1535 1173 1642 1202; x_wconf 74' lang='lat' dir='ltr'>tenues</span> 
     </span>
     <span class='ocr_line' id='line_1_18' title="bbox 179 1212 1641 1254; baseline 0.001 -13"><span class='ocrx_word' id='word_1_97' title='bbox 179 1220 258 1250; x_wconf 84' lang='lat' dir='ltr'>opes.</span> <span class='ocrx_word' id='word_1_98' title='bbox 309 1212 364 1244; x_wconf 84' lang='lat' dir='ltr'>Vel</span> <span class='ocrx_word' id='word_1_99' title='bbox 378 1214 456 1244; x_wconf 80' lang='lat' dir='ltr'>sicut</span> <span class='ocrx_word' id='word_1_100' title='bbox 479 1215 567 1245; x_wconf 78' lang='lat' dir='ltr'>aiunt</span> <span class='ocrx_word' id='word_1_101' title='bbox 594 1225 649 1245; x_wconf 74' lang='lat' dir='ltr'>sex</span> <span class='ocrx_word' id='word_1_102' title='bbox 667 1214 790 1253; x_wconf 83' lang='lat' dir='ltr'>fratres</span> <span class='ocrx_word' id='word_1_103' title='bbox 811 1218 963 1245; x_wconf 84' lang='lat' dir='ltr'>mactatos</span> <span class='ocrx_word' id='word_1_104' title='bbox 985 1225 1055 1246; x_wconf 83' lang='lat' dir='ltr'>cum</span> <span class='ocrx_word' id='word_1_105' title='bbox 1071 1215 1345 1254; x_wconf 79' lang='lat' dir='ltr'>Damasichthone,</span> <span class='ocrx_word' id='word_1_106' title='bbox 1371 1215 1418 1245; x_wconf 77' lang='lat' dir='ltr'>ita</span> <span class='ocrx_word' id='word_1_107' title='bbox 1432 1214 1531 1245; x_wconf 80' lang='lat' dir='ltr'>omnis</span> <span class='ocrx_word' id='word_1_108' title='bbox 1544 1214 1641 1253; x_wconf 75' lang='lat' dir='ltr'>stirps</span> 
     </span>
    </p>
   </div>
   <div class='ocr_carea' id='block_1_11' title="bbox 175 1255 1642 1464">
    <p class='ocr_par' dir='ltr' id='par_1_12' title="bbox 175 1255 1642 1464">
     <span class='ocr_line' id='line_1_19' title="bbox 179 1255 1640 1298; baseline 0.001 -14"><span class='ocrx_word' id='word_1_109' title='bbox 179 1256 235 1284; x_wconf 83' lang='lat' dir='ltr'>tua</span> <span class='ocrx_word' id='word_1_110' title='bbox 257 1261 362 1294; x_wconf 73' lang='lat' dir='ltr'>pereat</span> <span class='ocrx_word' id='word_1_111' title='bbox 383 1260 493 1287; x_wconf 77' lang='lat' dir='ltr'>lecum.</span> <span class='ocrx_word' id='word_1_112' title='bbox 542 1257 803 1292; x_wconf 78' lang='lat' dir='ltr'>Quemadmodum</span> <span class='ocrx_word' id='word_1_113' title='bbox 817 1257 937 1298; x_wconf 79' lang='lat' dir='ltr'>fidicen</span> <span class='ocrx_word' id='word_1_114' title='bbox 953 1257 1067 1295; x_wconf 81' lang='lat' dir='ltr'>adjecit</span> <span class='ocrx_word' id='word_1_115' title='bbox 1081 1267 1169 1288; x_wconf 80' lang='lat' dir='ltr'>suam</span> <span class='ocrx_word' id='word_1_116' title='bbox 1184 1261 1312 1288; x_wconf 82' lang='lat' dir='ltr'>mortem</span> <span class='ocrx_word' id='word_1_117' title='bbox 1327 1256 1504 1295; x_wconf 72' lang='lat' dir='ltr'>infelicibus</span> <span class='ocrx_word' id='word_1_118' title='bbox 1522 1255 1640 1293; x_wconf 74' lang='lat' dir='ltr'>liberis,</span> 
     </span>
     <span class='ocr_line' id='line_1_20' title="bbox 179 1296 1641 1339; baseline 0.001 -13"><span class='ocrx_word' id='word_1_119' title='bbox 179 1296 370 1332; x_wconf 77' lang='lat' dir='ltr'>itasastidia</span> <span class='ocrx_word' id='word_1_120' title='bbox 393 1302 455 1328; x_wconf 68' lang='lat' dir='ltr'>tua:</span> <span class='ocrx_word' id='word_1_121' title='bbox 481 1299 555 1330; x_wconf 78' lang='lat' dir='ltr'>vita·</span> <span class='ocrx_word' id='word_1_122' title='bbox 579 1300 642 1329; x_wconf 73' lang='lat' dir='ltr'>sint</span> <span class='ocrx_word' id='word_1_123' title='bbox 668 1300 727 1329; x_wconf 81' lang='lat' dir='ltr'>tibi</span> <span class='ocrx_word' id='word_1_124' title='bbox 745 1300 846 1337; x_wconf 78' lang='lat' dir='ltr'>justa.</span> <span class='ocrx_word' id='word_1_125' title='bbox 897 1300 1002 1330; x_wconf 82' lang='lat' dir='ltr'>Velut</span> <span class='ocrx_word' id='word_1_126' title='bbox 1017 1309 1104 1330; x_wconf 80' lang='lat' dir='ltr'>soror</span> <span class='ocrx_word' id='word_1_127' title='bbox 1120 1300 1245 1339; x_wconf 68' lang='lat' dir='ltr'>Pelopis</span> <span class='ocrx_word' id='word_1_128' title='bbox 1259 1299 1363 1336; x_wconf 83' lang='lat' dir='ltr'>rigeas</span> <span class='ocrx_word' id='word_1_129' title='bbox 1377 1308 1452 1328; x_wconf 74' lang='lat' dir='ltr'>saxo</span> <span class='ocrx_word' id='word_1_130' title='bbox 1467 1298 1582 1335; x_wconf 83' lang='lat' dir='ltr'>oborto,</span> <span class='ocrx_word' id='word_1_131' title='bbox 1609 1302 1641 1327; x_wconf 84' lang='lat' dir='ltr'>et</span> 
     </span>
     <span class='ocr_line' id='line_1_21' title="bbox 180 1338 1641 1381; baseline 0.001 -13"><span class='ocrx_word' id='word_1_132' title='bbox 180 1338 268 1370; x_wconf 85' lang='lat' dir='ltr'>sicut</span> <span class='ocrx_word' id='word_1_133' title='bbox 292 1340 411 1370; x_wconf 82' lang='lat' dir='ltr'>Battus</span> <span class='ocrx_word' id='word_1_134' title='bbox 426 1342 490 1381; x_wconf 77' lang='lat' dir='ltr'>ipse</span> <span class='ocrx_word' id='word_1_135' title='bbox 503 1343 645 1380; x_wconf 77' lang='lat' dir='ltr'>perditus</span> <span class='ocrx_word' id='word_1_136' title='bbox 659 1342 697 1371; x_wconf 81' lang='lat' dir='ltr'>ab</span> <span class='ocrx_word' id='word_1_137' title='bbox 712 1342 822 1379; x_wconf 77' lang='lat' dir='ltr'>lingua</span> <span class='ocrx_word' id='word_1_138' title='bbox 835 1351 903 1371; x_wconf 85' lang='lat' dir='ltr'>sua.</span> <span class='ocrx_word' id='word_1_139' title='bbox 950 1342 986 1371; x_wconf 74' lang='lat' dir='ltr'>Si</span> <span class='ocrx_word' id='word_1_140' title='bbox 1008 1341 1167 1380; x_wconf 80' lang='lat' dir='ltr'>percutias</span> <span class='ocrx_word' id='word_1_141' title='bbox 1181 1341 1284 1371; x_wconf 72' lang='lat' dir='ltr'>aerem</span> <span class='ocrx_word' id='word_1_142' title='bbox 1298 1350 1428 1370; x_wconf 75' lang='lat' dir='ltr'>vacuum</span> <span class='ocrx_word' id='word_1_143' title='bbox 1448 1341 1530 1370; x_wconf 85' lang='lat' dir='ltr'>disco</span> <span class='ocrx_word' id='word_1_144' title='bbox 1537 1339 1641 1378; x_wconf 73' lang='lat' dir='ltr'>jacto,</span> 
     </span>
     <span class='ocr_line' id='line_1_22' title="bbox 175 1381 1641 1423; baseline 0.002 -14"><span class='ocrx_word' id='word_1_145' title='bbox 175 1381 355 1419; x_wconf 79' lang='lat' dir='ltr'><strong><em>procumbas</em></strong></span> <span class='ocrx_word' id='word_1_146' title='bbox 368 1392 527 1421; x_wconf 79' lang='lat' dir='ltr'>percussus</span> <span class='ocrx_word' id='word_1_147' title='bbox 549 1383 587 1412; x_wconf 85' lang='lat' dir='ltr'>ab</span> <span class='ocrx_word' id='word_1_148' title='bbox 612 1382 683 1413; x_wconf 86' lang='lat' dir='ltr'>orbe</span> <span class='ocrx_word' id='word_1_149' title='bbox 706 1393 762 1423; x_wconf 79' lang='lat' dir='ltr'>quo</span> <span class='ocrx_word' id='word_1_150' title='bbox 787 1392 865 1422; x_wconf 75' lang='lat' dir='ltr'>puer</span> <span class='ocrx_word' id='word_1_151' title='bbox 883 1381 1056 1414; x_wconf 79' lang='lat' dir='ltr'>OEbalides.</span> <span class='ocrx_word' id='word_1_152' title='bbox 1102 1383 1141 1413; x_wconf 83' lang='lat' dir='ltr'>Si</span> <span class='ocrx_word' id='word_1_153' title='bbox 1165 1392 1245 1423; x_wconf 81' lang='lat' dir='ltr'>aqua</span> <span class='ocrx_word' id='word_1_154' title='bbox 1268 1382 1372 1423; x_wconf 78' lang='lat' dir='ltr'>aliqua</span> <span class='ocrx_word' id='word_1_155' title='bbox 1397 1381 1572 1421; x_wconf 72' lang='lat' dir='ltr'>agitabitur</span> <span class='ocrx_word' id='word_1_156' title='bbox 1583 1391 1641 1421; x_wconf 81' lang='lat' dir='ltr'>per</span> 
     </span>
     <span class='ocr_line' id='line_1_23' title="bbox 178 1421 1642 1464; baseline 0.003 -12"><span class='ocrx_word' id='word_1_157' title='bbox 178 1421 304 1453; x_wconf 83' lang='lat' dir='ltr'>brachia</span> <span class='ocrx_word' id='word_1_158' title='bbox 318 1424 453 1462; x_wconf 83' lang='lat' dir='ltr'>alterna,</span> <span class='ocrx_word' id='word_1_159' title='bbox 476 1425 704 1463; x_wconf 75' lang='lat' dir='ltr'>omnisflnctus</span> <span class='ocrx_word' id='word_1_160' title='bbox 718 1425 759 1455; x_wconf 79' lang='lat' dir='ltr'>sit</span> <span class='ocrx_word' id='word_1_161' title='bbox 777 1425 835 1454; x_wconf 71' lang='lat' dir='ltr'>tibi</span> <span class='ocrx_word' id='word_1_162' title='bbox 856 1425 986 1462; x_wconf 84' lang='lat' dir='ltr'>gravior</span> <span class='ocrx_word' id='word_1_163' title='bbox 999 1424 1160 1464; x_wconf 81' lang='lat' dir='ltr'>Abydeno.</span> <span class='ocrx_word' id='word_1_164' title='bbox 1208 1425 1471 1459; x_wconf 74' lang='lat' dir='ltr'>Quemadmodum</span> <span class='ocrx_word' id='word_1_165' title='bbox 1498 1425 1642 1456; x_wconf 72' lang='lat' dir='ltr'>Comicus</span> 
     </span>
    </p>
   </div>
   <div class='ocr_carea' id='block_1_12' title="bbox 791 1507 1023 1518">
    <p class='ocr_par' dir='ltr' id='par_1_13' title="bbox 791 1507 1023 1518">
     <span class='ocr_line' id='line_1_24' title="bbox 791 1507 1023 1518; baseline 0 0"><span class='ocrx_word' id='word_1_166' title='bbox 791 1507 1023 1518; x_wconf 58' lang='lat' dir='ltr'>eeeeeeeeeee</span> 
     </span>
    </p>
   </div>
   <div class='ocr_carea' id='block_1_13' title="bbox 178 1559 1639 1817">
    <p class='ocr_par' dir='ltr' id='par_1_14' title="bbox 178 1559 1639 1817">
     <span class='ocr_line' id='line_1_25' title="bbox 179 1559 1639 1602; baseline 0.001 -11"><span class='ocrx_word' id='word_1_167' title='bbox 179 1560 422 1591; x_wconf 37' lang='lat' dir='ltr'>bandua—581*</span> <span class='ocrx_word' id='word_1_168' title='bbox 443 1559 582 1599; x_wconf 73' lang='lat' dir='ltr'>Magnas</span> <span class='ocrx_word' id='word_1_169' title='bbox 597 1560 668 1591; x_wconf 86' lang='lat' dir='ltr'>Ma.</span> <span class='ocrx_word' id='word_1_170' title='bbox 686 1565 719 1590; x_wconf 81' lang='lat' dir='ltr'>et</span> <span class='ocrx_word' id='word_1_171' title='bbox 736 1562 779 1592; x_wconf 85' lang='lat' dir='ltr'>V.</span> <span class='ocrx_word' id='word_1_172' title='bbox 797 1562 909 1593; x_wconf 80' lang='lat' dir='ltr'>nimias</span> <span class='ocrx_word' id='word_1_173' title='bbox 924 1562 980 1593; x_wconf 83' lang='lat' dir='ltr'>Sa.</span> <span class='ocrx_word' id='word_1_174' title='bbox 995 1567 1031 1594; x_wconf 80' lang='lat' dir='ltr'>et</span> <span class='ocrx_word' id='word_1_175' title='bbox 1047 1571 1132 1592; x_wconf 78' lang='lat' dir='ltr'>unus</span> <span class='ocrx_word' id='word_1_176' title='bbox 1155 1562 1275 1593; x_wconf 82' lang='lat' dir='ltr'>Heius.</span> <span class='ocrx_word' id='word_1_177' title='bbox 1291 1566 1326 1592; x_wconf 88' lang='lat' dir='ltr'>et</span> <span class='ocrx_word' id='word_1_178' title='bbox 1342 1561 1478 1602; x_wconf 84' lang='lat' dir='ltr'>quidam</span> <span class='ocrx_word' id='word_1_179' title='bbox 1495 1560 1614 1602; x_wconf 85' lang='lat' dir='ltr'>scripti</span> <span class='ocrx_word' id='word_1_180' title='bbox 1629 1572 1639 1600; x_wconf 92' lang='lat'>;</span> 
     </span>
     <span class='ocr_line' id='line_1_26' title="bbox 178 1602 1637 1646; baseline 0.001 -13"><span class='ocrx_word' id='word_1_181' title='bbox 178 1602 324 1633; x_wconf 80' lang='lat' dir='ltr'>minimas</span> <span class='ocrx_word' id='word_1_182' title='bbox 340 1602 381 1633; x_wconf 81' lang='lat' dir='ltr'>R.</span> <span class='ocrx_word' id='word_1_183' title='bbox 410 1611 506 1632; x_wconf 86' lang='lat' dir='ltr'>unus.</span> <span class='ocrx_word' id='word_1_184' title='bbox 529 1603 612 1633; x_wconf 85' lang='lat' dir='ltr'>Tum</span> <span class='ocrx_word' id='word_1_185' title='bbox 643 1604 777 1635; x_wconf 87' lang='lat' dir='ltr'>Bonon.</span> <span class='ocrx_word' id='word_1_186' title='bbox 803 1608 839 1635; x_wconf 79' lang='lat' dir='ltr'>ut</span> <span class='ocrx_word' id='word_1_187' title='bbox 860 1605 998 1646; x_wconf 77' lang='lat' dir='ltr'>perfidus</span> <span class='ocrx_word' id='word_1_188' title='bbox 1022 1605 1216 1644; x_wconf 39' lang='lat' dir='ltr'>hosp-*583</span> <span class='ocrx_word' id='word_1_189' title='bbox 1241 1604 1338 1634; x_wconf 82' lang='lat' dir='ltr'>Unus</span> <span class='ocrx_word' id='word_1_190' title='bbox 1356 1604 1477 1635; x_wconf 84' lang='lat' dir='ltr'>Heius.</span> <span class='ocrx_word' id='word_1_191' title='bbox 1505 1604 1580 1644; x_wconf 84' lang='lat' dir='ltr'>th.</span> <span class='ocrx_word' id='word_1_192' title='bbox 1603 1604 1637 1641; x_wconf 84' lang='lat' dir='ltr'>f.</span> 
     </span>
     <span class='ocr_line' id='line_1_27' title="bbox 178 1646 1637 1687; baseline 0 -11"><span class='ocrx_word' id='word_1_193' title='bbox 178 1648 267 1676; x_wconf 78' lang='lat' dir='ltr'>natos</span> <span class='ocrx_word' id='word_1_194' title='bbox 280 1647 394 1684; x_wconf 82' lang='lat' dir='ltr'>septem</span> <span class='ocrx_word' id='word_1_195' title='bbox 410 1648 555 1685; x_wconf 79' lang='lat' dir='ltr'>natasque</span> <span class='ocrx_word' id='word_1_196' title='bbox 563 1650 736 1685; x_wconf 82' lang='lat' dir='ltr'>peremtas:</span> <span class='ocrx_word' id='word_1_197' title='bbox 754 1646 786 1685; x_wconf 91' lang='lat' dir='ltr'>f.</span> <span class='ocrx_word' id='word_1_198' title='bbox 803 1651 892 1678; x_wconf 76' lang='lat' dir='ltr'>natos</span> <span class='ocrx_word' id='word_1_199' title='bbox 908 1652 978 1678; x_wconf 85' lang='lat' dir='ltr'>tres</span> <span class='ocrx_word' id='word_1_200' title='bbox 995 1647 1098 1678; x_wconf 87' lang='lat' dir='ltr'>etiam</span> <span class='ocrx_word' id='word_1_201' title='bbox 1115 1656 1192 1677; x_wconf 87' lang='lat' dir='ltr'>cum</span> <span class='ocrx_word' id='word_1_202' title='bbox 1205 1656 1256 1687; x_wconf 80' lang='lat' dir='ltr'>pr.</span> <span class='ocrx_word' id='word_1_203' title='bbox 1273 1647 1446 1677; x_wconf 72' lang='lat' dir='ltr'>Ed.—-584</span> <span class='ocrx_word' id='word_1_204' title='bbox 1470 1646 1561 1678; x_wconf 87' lang='lat' dir='ltr'>Editi</span> <span class='ocrx_word' id='word_1_205' title='bbox 1579 1647 1637 1677; x_wconf 79' lang='lat' dir='ltr'>ali-</span> 
     </span>
     <span class='ocr_line' id='line_1_28' title="bbox 178 1689 1638 1728; baseline 0.001 -10"><span class='ocrx_word' id='word_1_206' title='bbox 178 1692 261 1728; x_wconf 88' lang='lat' dir='ltr'>quot</span> <span class='ocrx_word' id='word_1_207' title='bbox 274 1690 375 1718; x_wconf 79' lang='lat' dir='ltr'>totum</span> <span class='ocrx_word' id='word_1_208' title='bbox 391 1697 452 1728; x_wconf 84' lang='lat' dir='ltr'>pro</span> <span class='ocrx_word' id='word_1_209' title='bbox 466 1691 684 1719; x_wconf 58' lang='lat' dir='ltr'>tecam—586</span> <span class='ocrx_word' id='word_1_210' title='bbox 708 1689 787 1720; x_wconf 87' lang='lat' dir='ltr'>Pet.</span> <span class='ocrx_word' id='word_1_211' title='bbox 815 1691 889 1721; x_wconf 78' lang='lat' dir='ltr'>toed.</span> <span class='ocrx_word' id='word_1_212' title='bbox 910 1689 1023 1727; x_wconf 76' lang='lat' dir='ltr'>juncta</span> <span class='ocrx_word' id='word_1_213' title='bbox 1038 1690 1090 1720; x_wconf 85' lang='lat' dir='ltr'>vel</span> <span class='ocrx_word' id='word_1_214' title='bbox 1108 1690 1190 1720; x_wconf 78' lang='lat' dir='ltr'>victa</span> <span class='ocrx_word' id='word_1_215' title='bbox 1206 1692 1387 1721; x_wconf 52' lang='lat' dir='ltr'>tuan—587</span> <span class='ocrx_word' id='word_1_216' title='bbox 1413 1690 1490 1720; x_wconf 85' lang='lat' dir='ltr'>Pet.</span> <span class='ocrx_word' id='word_1_217' title='bbox 1506 1697 1576 1721; x_wconf 72' lang='lat' dir='ltr'>sax.</span> <span class='ocrx_word' id='word_1_218' title='bbox 1589 1689 1638 1719; x_wconf 83' lang='lat' dir='ltr'>in·</span> 
     </span>
     <span class='ocr_line' id='line_1_29' title="bbox 178 1730 1638 1771; baseline 0.001 -11"><span class='ocrx_word' id='word_1_219' title='bbox 178 1730 320 1760; x_wconf 63' lang='lat' dir='ltr'>dureris:</span> <span class='ocrx_word' id='word_1_220' title='bbox 343 1735 378 1760; x_wconf 90' lang='lat' dir='ltr'>et</span> <span class='ocrx_word' id='word_1_221' title='bbox 394 1734 466 1761; x_wconf 88' lang='lat' dir='ltr'>tum</span> <span class='ocrx_word' id='word_1_222' title='bbox 494 1731 631 1771; x_wconf 77' lang='lat' dir='ltr'>plurimi</span> <span class='ocrx_word' id='word_1_223' title='bbox 647 1732 872 1763; x_wconf 72' lang='lat' dir='ltr'>adorta—589</span> <span class='ocrx_word' id='word_1_224' title='bbox 894 1733 949 1763; x_wconf 87' lang='lat' dir='ltr'>Sa.</span> <span class='ocrx_word' id='word_1_225' title='bbox 966 1736 1001 1763; x_wconf 86' lang='lat' dir='ltr'>et</span> <span class='ocrx_word' id='word_1_226' title='bbox 1027 1736 1097 1763; x_wconf 85' lang='lat' dir='ltr'>tres</span> <span class='ocrx_word' id='word_1_227' title='bbox 1112 1732 1171 1763; x_wconf 75' lang='grc' dir='ltr'>Ᾱέ.</span> <span class='ocrx_word' id='word_1_228' title='bbox 1188 1732 1336 1762; x_wconf 78' lang='lat' dir='ltr'>submisso</span> <span class='ocrx_word' id='word_1_229' title='bbox 1358 1742 1424 1763; x_wconf 84' lang='lat' dir='ltr'>vac.</span> <span class='ocrx_word' id='word_1_230' title='bbox 1447 1732 1526 1763; x_wconf 86' lang='lat' dir='ltr'>Pet.</span> <span class='ocrx_word' id='word_1_231' title='bbox 1551 1732 1638 1762; x_wconf 86' lang='lat' dir='ltr'>alter</span> 
     </span>
     <span class='ocr_line' id='line_1_30' title="bbox 179 1772 1638 1817; baseline 0.002 -14"><span class='ocrx_word' id='word_1_232' title='bbox 179 1772 337 1810; x_wconf 77' lang='lat' dir='ltr'>discuss0;</span> <span class='ocrx_word' id='word_1_233' title='bbox 361 1773 402 1803; x_wconf 89' lang='lat' dir='ltr'>R.</span> <span class='ocrx_word' id='word_1_234' title='bbox 417 1773 460 1803; x_wconf 78' lang='lat' dir='ltr'>sic</span> <span class='ocrx_word' id='word_1_235' title='bbox 476 1773 577 1805; x_wconf 75' lang='lat' dir='ltr'>misso.</span> <span class='ocrx_word' id='word_1_236' title='bbox 599 1774 682 1804; x_wconf 87' lang='lat' dir='ltr'>Tum</span> <span class='ocrx_word' id='word_1_237' title='bbox 700 1775 755 1807; x_wconf 76' lang='lat' dir='ltr'>Sa.</span> <span class='ocrx_word' id='word_1_238' title='bbox 769 1778 805 1806; x_wconf 84' lang='lat' dir='ltr'>et</span> <span class='ocrx_word' id='word_1_239' title='bbox 819 1779 898 1806; x_wconf 76' lang='lat' dir='ltr'>octo</span> <span class='ocrx_word' id='word_1_240' title='bbox 911 1775 968 1806; x_wconf 83' lang='lat' dir='ltr'>alii</span> <span class='ocrx_word' id='word_1_241' title='bbox 979 1774 1344 1817; x_wconf 73' lang='lat' dir='ltr'>liquidumjacul.-591</span> <span class='ocrx_word' id='word_1_242' title='bbox 1363 1774 1514 1806; x_wconf 77' lang='lat' dir='ltr'>Gallicus</span> <span class='ocrx_word' id='word_1_243' title='bbox 1524 1775 1638 1806; x_wconf 75' lang='lat' dir='ltr'>altern-</span> 
     </span>
    </p>
   </div>
   <div class='ocr_carea' id='block_1_14' title="bbox 835 1869 981 1901">
    <p class='ocr_par' dir='ltr' id='par_1_15' title="bbox 835 1869 981 1901">
     <span class='ocr_line' id='line_1_31' title="bbox 835 1869 981 1901; baseline 0 -1"><span class='ocrx_word' id='word_1_244' title='bbox 835 1869 981 1901; x_wconf 84' lang='lat' dir='ltr'>NOTAE</span> 
     </span>
    </p>
   </div>
   <div class='ocr_carea' id='block_1_15' title="bbox 170 1948 882 2794">
    <p class='ocr_par' dir='ltr' id='par_1_16' title="bbox 170 1948 882 2281">
     <span class='ocr_line' id='line_1_32' title="bbox 170 1948 881 1990; baseline 0.003 -9"><span class='ocrx_word' id='word_1_245' title='bbox 170 1950 297 1982; x_wconf 79' lang='lat' dir='ltr'>Thesei</span> <span class='ocrx_word' id='word_1_246' title='bbox 323 1948 423 1989; x_wconf 84' lang='lat' dir='ltr'>filins,</span> <span class='ocrx_word' id='word_1_247' title='bbox 451 1959 548 1990; x_wconf 86' lang='lat' dir='ltr'>quem</span> <span class='ocrx_word' id='word_1_248' title='bbox 570 1949 612 1981; x_wconf 91' lang='lat' dir='ltr'>ob</span> <span class='ocrx_word' id='word_1_249' title='bbox 628 1950 743 1982; x_wconf 78' lang='lat' dir='ltr'>falsam</span> <span class='ocrx_word' id='word_1_250' title='bbox 760 1961 881 1983; x_wconf 88' lang='lat' dir='ltr'>nover-</span> 
     </span>
     <span class='ocr_line' id='line_1_33' title="bbox 178 2000 880 2042; baseline -0.001 -9"><span class='ocrx_word' id='word_1_251' title='bbox 178 2010 228 2033; x_wconf 86' lang='lat' dir='ltr'>cae</span> <span class='ocrx_word' id='word_1_252' title='bbox 244 2000 615 2041; x_wconf 79' lang='lat' dir='ltr'>accusationem‚cujus</span> <span class='ocrx_word' id='word_1_253' title='bbox 628 2011 777 2033; x_wconf 86' lang='lat' dir='ltr'>amorem</span> <span class='ocrx_word' id='word_1_254' title='bbox 788 2012 880 2042; x_wconf 86' lang='lat' dir='ltr'>spre-</span> 
     </span>
     <span class='ocr_line' id='line_1_34' title="bbox 177 2049 881 2091; baseline 0.003 -10"><span class='ocrx_word' id='word_1_255' title='bbox 177 2054 291 2089; x_wconf 82' lang='lat' dir='ltr'>verat,</span> <span class='ocrx_word' id='word_1_256' title='bbox 308 2054 407 2090; x_wconf 84' lang='lat' dir='ltr'>pater</span> <span class='ocrx_word' id='word_1_257' title='bbox 420 2049 586 2091; x_wconf 83' lang='lat' dir='ltr'>deceptus</span> <span class='ocrx_word' id='word_1_258' title='bbox 604 2050 765 2090; x_wconf 88' lang='lat' dir='ltr'>devovit;</span> <span class='ocrx_word' id='word_1_259' title='bbox 790 2052 881 2083; x_wconf 86' lang='lat' dir='ltr'>uude</span> 
     </span>
     <span class='ocr_line' id='line_1_35' title="bbox 178 2099 882 2140; baseline 0.004 -9"><span class='ocrx_word' id='word_1_260' title='bbox 178 2103 214 2131; x_wconf 85' lang='lat' dir='ltr'>et</span> <span class='ocrx_word' id='word_1_261' title='bbox 245 2099 288 2130; x_wconf 88' lang='lat' dir='ltr'>ab</span> <span class='ocrx_word' id='word_1_262' title='bbox 318 2099 412 2140; x_wconf 86' lang='lat' dir='ltr'>equis</span> <span class='ocrx_word' id='word_1_263' title='bbox 437 2110 519 2140; x_wconf 86' lang='lat' dir='ltr'>quos</span> <span class='ocrx_word' id='word_1_264' title='bbox 545 2100 669 2132; x_wconf 83' lang='lat' dir='ltr'>Phocae</span> <span class='ocrx_word' id='word_1_265' title='bbox 688 2106 882 2134; x_wconf 86' lang='lat' dir='ltr'>terruerant</span> 
     </span>
     <span class='ocr_line' id='line_1_36' title="bbox 178 2150 880 2184; baseline 0.006 -5"><span class='ocrx_word' id='word_1_266' title='bbox 178 2158 278 2180; x_wconf 87' lang='lat' dir='ltr'>curru</span> <span class='ocrx_word' id='word_1_267' title='bbox 294 2158 455 2180; x_wconf 83' lang='lat' dir='ltr'>exeussus</span> <span class='ocrx_word' id='word_1_268' title='bbox 472 2150 642 2181; x_wconf 82' lang='lat' dir='ltr'>laceratus</span> <span class='ocrx_word' id='word_1_269' title='bbox 661 2155 724 2183; x_wconf 86' lang='lat' dir='ltr'>est.</span> <span class='ocrx_word' id='word_1_270' title='bbox 750 2151 880 2184; x_wconf 84' lang='lat' dir='ltr'>AEthrae</span> 
     </span>
     <span class='ocr_line' id='line_1_37' title="bbox 179 2198 881 2241; baseline 0.006 -12"><span class='ocrx_word' id='word_1_271' title='bbox 179 2203 294 2230; x_wconf 85' lang='lat' dir='ltr'>autem</span> <span class='ocrx_word' id='word_1_272' title='bbox 317 2208 424 2240; x_wconf 86' lang='lat' dir='ltr'>nepos</span> <span class='ocrx_word' id='word_1_273' title='bbox 442 2198 522 2240; x_wconf 83' lang='lat' dir='ltr'>fuit,</span> <span class='ocrx_word' id='word_1_274' title='bbox 538 2200 703 2241; x_wconf 86' lang='lat' dir='ltr'>siqnidem</span> <span class='ocrx_word' id='word_1_275' title='bbox 719 2201 777 2232; x_wconf 87' lang='lat' dir='ltr'>illa</span> <span class='ocrx_word' id='word_1_276' title='bbox 791 2201 881 2234; x_wconf 83' lang='lat' dir='ltr'>&#39;rhe-</span> 
     </span>
     <span class='ocr_line' id='line_1_38' title="bbox 179 2249 366 2281; baseline -0.005 -1"><span class='ocrx_word' id='word_1_277' title='bbox 179 2249 227 2281; x_wconf 83' lang='lat' dir='ltr'>sei</span> <span class='ocrx_word' id='word_1_278' title='bbox 244 2253 366 2280; x_wconf 86' lang='lat' dir='ltr'>mater.</span> 
     </span>
    </p>

    <p class='ocr_par' dir='ltr' id='par_1_17' title="bbox 178 2299 881 2431">
     <span class='ocr_line' id='line_1_39' title="bbox 226 2299 881 2342; baseline 0.003 -12"><span class='ocrx_word' id='word_1_279' title='bbox 226 2299 369 2340; x_wconf 83' lang='lat' dir='ltr'>Veneris]</span> <span class='ocrx_word' id='word_1_280' title='bbox 397 2300 552 2340; x_wconf 82' lang='lat' dir='ltr'>Spretae;</span> <span class='ocrx_word' id='word_1_281' title='bbox 588 2300 751 2342; x_wconf 86' lang='lat' dir='ltr'>siquidem</span> <span class='ocrx_word' id='word_1_282' title='bbox 783 2301 881 2332; x_wconf 84' lang='lat' dir='ltr'>Phae-</span> 
     </span>
     <span class='ocr_line' id='line_1_40' title="bbox 178 2348 880 2392; baseline 0.004 -13"><span class='ocrx_word' id='word_1_283' title='bbox 178 2348 248 2380; x_wconf 82' lang='lat' dir='ltr'>drae</span> <span class='ocrx_word' id='word_1_284' title='bbox 273 2350 400 2380; x_wconf 85' lang='lat' dir='ltr'>amanti</span> <span class='ocrx_word' id='word_1_285' title='bbox 426 2360 554 2381; x_wconf 82' lang='lat' dir='ltr'>morem</span> <span class='ocrx_word' id='word_1_286' title='bbox 577 2360 697 2392; x_wconf 81' lang='lat' dir='ltr'>gerere</span> <span class='ocrx_word' id='word_1_287' title='bbox 714 2351 880 2392; x_wconf 84' lang='lat' dir='ltr'>Hippoly-</span> 
     </span>
     <span class='ocr_line' id='line_1_41' title="bbox 179 2398 411 2431; baseline -0.017 0"><span class='ocrx_word' id='word_1_288' title='bbox 179 2403 233 2431; x_wconf 80' lang='lat' dir='ltr'>tus</span> <span class='ocrx_word' id='word_1_289' title='bbox 249 2398 411 2428; x_wconf 83' lang='lat' dir='ltr'>noluerit.</span> 
     </span>
    </p>

    <p class='ocr_par' dir='ltr' id='par_1_18' title="bbox 178 2447 881 2642">
     <span class='ocr_line' id='line_1_42' title="bbox 221 2447 881 2490; baseline 0.005 -11"><span class='ocrx_word' id='word_1_290' title='bbox 221 2450 283 2479; x_wconf 80' lang='lat'>581</span> <span class='ocrx_word' id='word_1_291' title='bbox 308 2447 446 2487; x_wconf 78' lang='lat' dir='ltr'>Hospes]</span> <span class='ocrx_word' id='word_1_292' title='bbox 470 2448 764 2490; x_wconf 83' lang='lat' dir='ltr'>Polymnestorem</span> <span class='ocrx_word' id='word_1_293' title='bbox 780 2452 881 2482; x_wconf 88' lang='lat' dir='ltr'>intel-</span> 
     </span>
     <span class='ocr_line' id='line_1_43' title="bbox 178 2497 880 2540; baseline 0.003 -11"><span class='ocrx_word' id='word_1_294' title='bbox 178 2497 258 2539; x_wconf 87' lang='lat' dir='ltr'>lige,</span> <span class='ocrx_word' id='word_1_295' title='bbox 274 2497 430 2528; x_wconf 83' lang='lat' dir='ltr'>Thraeiae</span> <span class='ocrx_word' id='word_1_296' title='bbox 456 2502 646 2539; x_wconf 78' lang='lat' dir='ltr'>tyrannum,</span> <span class='ocrx_word' id='word_1_297' title='bbox 663 2500 721 2540; x_wconf 90' lang='lat' dir='ltr'>qui</span> <span class='ocrx_word' id='word_1_298' title='bbox 734 2500 880 2540; x_wconf 83' lang='lat' dir='ltr'>Polydo-</span> 
     </span>
     <span class='ocr_line' id='line_1_44' title="bbox 180 2545 879 2588; baseline 0.003 -10"><span class='ocrx_word' id='word_1_299' title='bbox 180 2557 268 2587; x_wconf 84' lang='lat' dir='ltr'>rum,</span> <span class='ocrx_word' id='word_1_300' title='bbox 295 2547 423 2578; x_wconf 82' lang='lat' dir='ltr'>Priami</span> <span class='ocrx_word' id='word_1_301' title='bbox 448 2545 565 2588; x_wconf 84' lang='lat' dir='ltr'>filium,</span> <span class='ocrx_word' id='word_1_302' title='bbox 586 2549 657 2580; x_wconf 85' lang='lat' dir='ltr'>auri</span> <span class='ocrx_word' id='word_1_303' title='bbox 682 2558 778 2580; x_wconf 87' lang='lat' dir='ltr'>sacra</span> <span class='ocrx_word' id='word_1_304' title='bbox 791 2548 879 2580; x_wconf 85' lang='lat' dir='ltr'>fame</span> 
     </span>
     <span class='ocr_line' id='line_1_45' title="bbox 180 2597 752 2642; baseline 0.007 -13"><span class='ocrx_word' id='word_1_305' title='bbox 180 2597 387 2635; x_wconf 78' lang='lat' dir='ltr'>trucidavit3</span> <span class='ocrx_word' id='word_1_306' title='bbox 411 2601 449 2628; x_wconf 85' lang='lat' dir='ltr'>ut</span> <span class='ocrx_word' id='word_1_307' title='bbox 465 2597 593 2630; x_wconf 88' lang='lat' dir='ltr'>dietum</span> <span class='ocrx_word' id='word_1_308' title='bbox 615 2601 752 2642; x_wconf 83' lang='lat' dir='ltr'>saepius.</span> 
     </span>
    </p>

    <p class='ocr_par' dir='ltr' id='par_1_19' title="bbox 177 2647 880 2794">
     <span class='ocr_line' id='line_1_46' title="bbox 223 2647 879 2688; baseline 0.003 -9"><span class='ocrx_word' id='word_1_309' title='bbox 223 2649 285 2679; x_wconf 80' lang='lat'>583</span> <span class='ocrx_word' id='word_1_310' title='bbox 315 2647 592 2688; x_wconf 76' lang='lat' dir='ltr'>Damasichthone]</span> <span class='ocrx_word' id='word_1_311' title='bbox 608 2650 686 2683; x_wconf 89' lang='lat' dir='ltr'>Hoc</span> <span class='ocrx_word' id='word_1_312' title='bbox 710 2651 807 2682; x_wconf 85' lang='lat' dir='ltr'>unius</span> <span class='ocrx_word' id='word_1_313' title='bbox 822 2660 879 2682; x_wconf 89' lang='lat' dir='ltr'>no-</span> 
     </span>
     <span class='ocr_line' id='line_1_47' title="bbox 177 2696 879 2743; baseline 0.004 -13"><span class='ocrx_word' id='word_1_314' title='bbox 177 2707 256 2730; x_wconf 89' lang='lat' dir='ltr'>men</span> <span class='ocrx_word' id='word_1_315' title='bbox 279 2696 343 2729; x_wconf 89' lang='lat' dir='ltr'>fuit</span> <span class='ocrx_word' id='word_1_316' title='bbox 358 2707 400 2729; x_wconf 87' lang='lat' dir='ltr'>ex</span> <span class='ocrx_word' id='word_1_317' title='bbox 416 2698 544 2730; x_wconf 83' lang='lat' dir='ltr'>Niobes</span> <span class='ocrx_word' id='word_1_318' title='bbox 557 2698 646 2740; x_wconf 81' lang='lat' dir='ltr'>filiis,</span> <span class='ocrx_word' id='word_1_319' title='bbox 668 2711 750 2743; x_wconf 89' lang='lat' dir='ltr'>quos</span> <span class='ocrx_word' id='word_1_320' title='bbox 766 2711 879 2734; x_wconf 89' lang='lat' dir='ltr'>omnes</span> 
     </span>
     <span class='ocr_line' id='line_1_48' title="bbox 179 2748 880 2794; baseline 0.004 -12"><span class='ocrx_word' id='word_1_321' title='bbox 179 2748 305 2792; x_wconf 80' lang='lat' dir='ltr'>Apollo</span> <span class='ocrx_word' id='word_1_322' title='bbox 321 2753 465 2791; x_wconf 83' lang='lat' dir='ltr'>propter</span> <span class='ocrx_word' id='word_1_323' title='bbox 481 2749 599 2782; x_wconf 81' lang='lat' dir='ltr'>matris</span> <span class='ocrx_word' id='word_1_324' title='bbox 614 2750 751 2784; x_wconf 81' lang='lat' dir='ltr'>nimiam</span> <span class='ocrx_word' id='word_1_325' title='bbox 764 2762 880 2794; x_wconf 82' lang='lat' dir='ltr'>super-</span> 
     </span>
    </p>
   </div>
   <div class='ocr_carea' id='block_1_16' title="bbox 933 1949 1638 2784">
    <p class='ocr_par' dir='ltr' id='par_1_20' title="bbox 935 1949 1638 1991">
     <span class='ocr_line' id='line_1_49' title="bbox 935 1949 1638 1991; baseline -0.003 -8"><span class='ocrx_word' id='word_1_326' title='bbox 935 1952 1025 1984; x_wconf 87' lang='lat' dir='ltr'>biam</span> <span class='ocrx_word' id='word_1_327' title='bbox 1041 1952 1191 1991; x_wconf 83' lang='lat' dir='ltr'>sustulit,</span> <span class='ocrx_word' id='word_1_328' title='bbox 1215 1952 1264 1983; x_wconf 86' lang='lat' dir='ltr'>uti</span> <span class='ocrx_word' id='word_1_329' title='bbox 1289 1950 1405 1982; x_wconf 86' lang='lat' dir='ltr'>videre</span> <span class='ocrx_word' id='word_1_330' title='bbox 1423 1954 1476 1983; x_wconf 85' lang='lat' dir='ltr'>est</span> <span class='ocrx_word' id='word_1_331' title='bbox 1498 1949 1533 1981; x_wconf 90' lang='lat' dir='ltr'>in</span> <span class='ocrx_word' id='word_1_332' title='bbox 1548 1949 1638 1982; x_wconf 83' lang='lat' dir='ltr'>Met.</span> 
     </span>
    </p>

    <p class='ocr_par' dir='ltr' id='par_1_21' title="bbox 935 1999 1638 2185">
     <span class='ocr_line' id='line_1_50' title="bbox 978 1999 1637 2042; baseline -0.003 -8"><span class='ocrx_word' id='word_1_333' title='bbox 978 2006 1039 2034; x_wconf 85' lang='lat'>585</span> <span class='ocrx_word' id='word_1_334' title='bbox 1066 2002 1210 2042; x_wconf 79' lang='lat' dir='ltr'>Fidicen]</span> <span class='ocrx_word' id='word_1_335' title='bbox 1239 2001 1408 2042; x_wconf 86' lang='lat' dir='ltr'>Amphion</span> <span class='ocrx_word' id='word_1_336' title='bbox 1425 2005 1489 2041; x_wconf 86' lang='lat' dir='ltr'>est,</span> <span class='ocrx_word' id='word_1_337' title='bbox 1504 1999 1637 2032; x_wconf 88' lang='lat' dir='ltr'>Niobes</span> 
     </span>
     <span class='ocr_line' id='line_1_51' title="bbox 936 2049 1638 2092; baseline -0.003 -9"><span class='ocrx_word' id='word_1_338' title='bbox 936 2052 1091 2092; x_wconf 79' lang='lat' dir='ltr'>maritus,</span> <span class='ocrx_word' id='word_1_339' title='bbox 1113 2052 1248 2083; x_wconf 82' lang='lat' dir='ltr'>Musica</span> <span class='ocrx_word' id='word_1_340' title='bbox 1263 2055 1335 2082; x_wconf 86' lang='lat' dir='ltr'>arte</span> <span class='ocrx_word' id='word_1_341' title='bbox 1350 2050 1565 2090; x_wconf 84' lang='lat' dir='ltr'>clarissimus,</span> <span class='ocrx_word' id='word_1_342' title='bbox 1580 2049 1638 2092; x_wconf 89' lang='lat' dir='ltr'>qui</span> 
     </span>
     <span class='ocr_line' id='line_1_52' title="bbox 935 2102 1636 2144; baseline -0.004 -10"><span class='ocrx_word' id='word_1_343' title='bbox 935 2103 1091 2134; x_wconf 76' lang='lat' dir='ltr'>extincta</span> <span class='ocrx_word' id='word_1_344' title='bbox 1106 2103 1206 2134; x_wconf 88' lang='lat' dir='ltr'>domo</span> <span class='ocrx_word' id='word_1_345' title='bbox 1228 2112 1289 2134; x_wconf 88' lang='lat' dir='ltr'>sua</span> <span class='ocrx_word' id='word_1_346' title='bbox 1309 2102 1373 2133; x_wconf 88' lang='lat' dir='ltr'>sibi</span> <span class='ocrx_word' id='word_1_347' title='bbox 1399 2110 1532 2144; x_wconf 89' lang='lat' dir='ltr'>quoque</span> <span class='ocrx_word' id='word_1_348' title='bbox 1549 2110 1636 2132; x_wconf 83' lang='lat' dir='ltr'>mor-</span> 
     </span>
     <span class='ocr_line' id='line_1_53' title="bbox 935 2153 1194 2185; baseline 0.004 -1"><span class='ocrx_word' id='word_1_349' title='bbox 935 2157 1004 2185; x_wconf 82' lang='lat' dir='ltr'>tem</span> <span class='ocrx_word' id='word_1_350' title='bbox 1018 2153 1194 2185; x_wconf 85' lang='lat' dir='ltr'>conscivit.</span> 
     </span>
    </p>

    <p class='ocr_par' dir='ltr' id='par_1_22' title="bbox 935 2199 1637 2295">
     <span class='ocr_line' id='line_1_54' title="bbox 977 2199 1637 2243; baseline -0.005 -9"><span class='ocrx_word' id='word_1_351' title='bbox 977 2206 1039 2234; x_wconf 86' lang='grc'>587</span> <span class='ocrx_word' id='word_1_352' title='bbox 1063 2202 1175 2242; x_wconf 84' lang='lat' dir='ltr'>Soror]</span> <span class='ocrx_word' id='word_1_353' title='bbox 1200 2202 1312 2234; x_wconf 90' lang='lat' dir='ltr'>Niobe</span> <span class='ocrx_word' id='word_1_354' title='bbox 1327 2205 1391 2243; x_wconf 84' lang='lat' dir='ltr'>est,</span> <span class='ocrx_word' id='word_1_355' title='bbox 1402 2200 1539 2233; x_wconf 83' lang='lat' dir='ltr'>Tantali</span> <span class='ocrx_word' id='word_1_356' title='bbox 1554 2199 1637 2241; x_wconf 85' lang='lat' dir='ltr'>filia,</span> 
     </span>
     <span class='ocr_line' id='line_1_55' title="bbox 935 2253 1263 2295; baseline 0 -11"><span class='ocrx_word' id='word_1_357' title='bbox 935 2253 977 2285; x_wconf 91' lang='lat' dir='ltr'>de</span> <span class='ocrx_word' id='word_1_358' title='bbox 990 2253 1103 2295; x_wconf 87' lang='lat' dir='ltr'>quain</span> <span class='ocrx_word' id='word_1_359' title='bbox 1121 2254 1263 2285; x_wconf 87' lang='lat' dir='ltr'>Metam.</span> 
     </span>
    </p>

    <p class='ocr_par' dir='ltr' id='par_1_23' title="bbox 977 2300 1635 2342">
     <span class='ocr_line' id='line_1_56' title="bbox 977 2300 1635 2342; baseline -0.009 -7"><span class='ocrx_word' id='word_1_360' title='bbox 977 2306 1040 2335; x_wconf 88' lang='grc'>588</span> <span class='ocrx_word' id='word_1_361' title='bbox 1058 2302 1192 2342; x_wconf 82' lang='lat' dir='ltr'>Battus]</span> <span class='ocrx_word' id='word_1_362' title='bbox 1209 2304 1264 2334; x_wconf 93' lang='lat' dir='ltr'>De</span> <span class='ocrx_word' id='word_1_363' title='bbox 1277 2312 1319 2333; x_wconf 85' lang='lat' dir='ltr'>eo</span> <span class='ocrx_word' id='word_1_364' title='bbox 1332 2301 1434 2333; x_wconf 85' lang='lat' dir='ltr'>etiam</span> <span class='ocrx_word' id='word_1_365' title='bbox 1447 2301 1480 2331; x_wconf 91' lang='lat' dir='ltr'>in</span> <span class='ocrx_word' id='word_1_366' title='bbox 1493 2300 1635 2331; x_wconf 84' lang='lat' dir='ltr'>Metam.</span> 
     </span>
    </p>

    <p class='ocr_par' dir='ltr' id='par_1_24' title="bbox 933 2348 1638 2581">
     <span class='ocr_line' id='line_1_57' title="bbox 978 2348 1638 2392; baseline -0.009 -8"><span class='ocrx_word' id='word_1_367' title='bbox 978 2357 1040 2385; x_wconf 84' lang='lat'>590</span> <span class='ocrx_word' id='word_1_368' title='bbox 1067 2352 1242 2392; x_wconf 74' lang='lat' dir='ltr'>OEbalidea]</span> <span class='ocrx_word' id='word_1_369' title='bbox 1279 2350 1511 2392; x_wconf 77' lang='lat' dir='ltr'>Hyacinthum</span> <span class='ocrx_word' id='word_1_370' title='bbox 1540 2348 1638 2388; x_wconf 88' lang='lat' dir='ltr'>dicit,</span> 
     </span>
     <span class='ocr_line' id='line_1_58' title="bbox 934 2398 1635 2439; baseline -0.007 -4"><span class='ocrx_word' id='word_1_371' title='bbox 934 2402 1065 2434; x_wconf 84' lang='lat' dir='ltr'>Phoebo</span> <span class='ocrx_word' id='word_1_372' title='bbox 1095 2401 1302 2434; x_wconf 84' lang='lat' dir='ltr'>carissimum</span> <span class='ocrx_word' id='word_1_373' title='bbox 1341 2407 1494 2439; x_wconf 87' lang='lat' dir='ltr'>puerum,</span> <span class='ocrx_word' id='word_1_374' title='bbox 1523 2398 1635 2430; x_wconf 89' lang='lat' dir='ltr'>OEbali</span> 
     </span>
     <span class='ocr_line' id='line_1_59' title="bbox 933 2449 1634 2490; baseline -0.003 -8"><span class='ocrx_word' id='word_1_375' title='bbox 933 2452 1051 2489; x_wconf 87' lang='lat' dir='ltr'>filium,</span> <span class='ocrx_word' id='word_1_376' title='bbox 1081 2454 1120 2480; x_wconf 87' lang='lat' dir='ltr'>ut</span> <span class='ocrx_word' id='word_1_377' title='bbox 1141 2449 1305 2489; x_wconf 87' lang='lat' dir='ltr'>placitum</span> <span class='ocrx_word' id='word_1_378' title='bbox 1329 2449 1511 2488; x_wconf 84' lang='lat' dir='ltr'>nonnullis,</span> <span class='ocrx_word' id='word_1_379' title='bbox 1534 2458 1634 2490; x_wconf 86' lang='lat' dir='ltr'>quem</span> 
     </span>
     <span class='ocr_line' id='line_1_60' title="bbox 935 2498 1635 2539; baseline -0.001 -7"><span class='ocrx_word' id='word_1_380' title='bbox 935 2505 1048 2532; x_wconf 86' lang='lat' dir='ltr'>tamen</span> <span class='ocrx_word' id='word_1_381' title='bbox 1078 2498 1273 2539; x_wconf 81' lang='lat' dir='ltr'>imprudens</span> <span class='ocrx_word' id='word_1_382' title='bbox 1306 2498 1399 2530; x_wconf 87' lang='lat' dir='ltr'>disco</span> <span class='ocrx_word' id='word_1_383' title='bbox 1425 2498 1566 2539; x_wconf 87' lang='lat' dir='ltr'>occidit,</span> <span class='ocrx_word' id='word_1_384' title='bbox 1595 2503 1635 2531; x_wconf 92' lang='lat' dir='ltr'>ut</span> 
     </span>
     <span class='ocr_line' id='line_1_61' title="bbox 933 2549 1271 2581; baseline -0.006 0"><span class='ocrx_word' id='word_1_385' title='bbox 933 2551 1064 2581; x_wconf 91' lang='lat' dir='ltr'>dictum</span> <span class='ocrx_word' id='word_1_386' title='bbox 1079 2549 1113 2580; x_wconf 89' lang='lat' dir='ltr'>in</span> <span class='ocrx_word' id='word_1_387' title='bbox 1129 2549 1271 2579; x_wconf 83' lang='lat' dir='ltr'>Metam.</span> 
     </span>
    </p>

    <p class='ocr_par' dir='ltr' id='par_1_25' title="bbox 934 2598 1635 2784">
     <span class='ocr_line' id='line_1_62' title="bbox 976 2598 1635 2640; baseline 0 -9"><span class='ocrx_word' id='word_1_388' title='bbox 976 2603 1038 2631; x_wconf 85' lang='lat'>592</span> <span class='ocrx_word' id='word_1_389' title='bbox 1062 2599 1226 2640; x_wconf 82' lang='lat' dir='ltr'>Abydena]</span> <span class='ocrx_word' id='word_1_390' title='bbox 1260 2598 1456 2639; x_wconf 86' lang='lat' dir='ltr'>Cujusmodi</span> <span class='ocrx_word' id='word_1_391' title='bbox 1477 2598 1635 2631; x_wconf 86' lang='lat' dir='ltr'>Leander</span> 
     </span>
     <span class='ocr_line' id='line_1_63' title="bbox 934 2645 1633 2691; baseline 0.001 -10"><span class='ocrx_word' id='word_1_392' title='bbox 934 2650 1122 2691; x_wconf 84' lang='lat' dir='ltr'>Abydenus</span> <span class='ocrx_word' id='word_1_393' title='bbox 1154 2650 1196 2680; x_wconf 85' lang='lat' dir='ltr'>ad</span> <span class='ocrx_word' id='word_1_394' title='bbox 1226 2649 1368 2681; x_wconf 87' lang='lat' dir='ltr'>amicam</span> <span class='ocrx_word' id='word_1_395' title='bbox 1395 2659 1431 2682; x_wconf 86' lang='lat' dir='ltr'>se</span> <span class='ocrx_word' id='word_1_396' title='bbox 1454 2645 1633 2684; x_wconf 82' lang='lat' dir='ltr'>conferens</span> 
     </span>
     <span class='ocr_line' id='line_1_64' title="bbox 935 2699 1633 2741; baseline 0 -9"><span class='ocrx_word' id='word_1_397' title='bbox 935 2700 1050 2741; x_wconf 85' lang='lat' dir='ltr'>periit.</span> <span class='ocrx_word' id='word_1_398' title='bbox 1094 2700 1169 2734; x_wconf 84' lang='lat' dir='ltr'>Qua</span> <span class='ocrx_word' id='word_1_399' title='bbox 1195 2699 1238 2732; x_wconf 87' lang='lat' dir='ltr'>de</span> <span class='ocrx_word' id='word_1_400' title='bbox 1261 2710 1299 2732; x_wconf 86' lang='lat' dir='ltr'>re</span> <span class='ocrx_word' id='word_1_401' title='bbox 1325 2699 1402 2733; x_wconf 86' lang='lat' dir='ltr'>vide</span> <span class='ocrx_word' id='word_1_402' title='bbox 1423 2700 1458 2733; x_wconf 91' lang='lat' dir='ltr'>in</span> <span class='ocrx_word' id='word_1_403' title='bbox 1473 2699 1633 2734; x_wconf 86' lang='lat' dir='ltr'>Heroidi-</span> 
     </span>
     <span class='ocr_line' id='line_1_65' title="bbox 934 2750 1007 2784; baseline 0.027 -2"><span class='ocrx_word' id='word_1_404' title='bbox 934 2750 1007 2784; x_wconf 82' lang='lat' dir='ltr'>bus.</span> 
     </span>
    </p>
   </div>
  </div>
 </body>
</html>
