1877 3193
206 152 322 196 2626
690 166 730 196 P.
761 164 919 196 ovmu
951 163 1164 195 NAsoms

206 257 327 309 Quid
347 257 503 308 facias,
526 258 717 311 quaeris?
750 270 924 312 quaeras
945 257 1030 298 hoc
1053 257 1228 298 scilicet
1246 257 1390 312 ipsum
1409 271 1422 312 ;

267 327 482 377 Invenies,
504 340 606 368 vere
629 327 666 366 si
687 326 874 379 reperire
895 327 1033 366 voles.

207 392 336 436 Velle
356 408 508 448 parum
530 398 619 434 est:
651 395 826 447 cupias,
848 396 895 434 ut
914 406 958 433 re
979 393 1183 446 potiaris,
1205 396 1411 447 oportet3
1600 391 1660 433 35

266 461 323 503 Et
342 462 478 503 faciat
499 475 676 503 somnos
697 461 793 503 haec
813 461 893 502 tibi
915 474 1018 501 cura
1037 461 1207 501 breves.

209 528 335 571 Velle
355 542 456 570 reor
474 530 648 570 multos,
711 528 823 578 Quis
846 529 958 568 enim
979 528 1084 568 mihi
1105 532 1197 568 tam
1217 527 1274 569 sit
1288 527 1486 582 iniquus,

268 594 404 649 optet
424 602 472 637 ut
492 598 673 637 exilium
697 609 808 649 pace
830 609 976 637 carere
995 596 1171 636 meum?

211 662 398 705 Pectore
418 667 460 704 te
480 670 575 704 toto
595 664 849 715 cunctisque
867 663 1119 703 incumbere
1137 662 1297 714 nervis,

268 729 324 771 Et
342 730 418 770 niti
438 743 515 783 pro
536 743 605 769 me
626 733 749 769 nocte
770 729 926 782 dieque
942 728 1081 769 decet.
1603 726 1661 768 40

218 795 358 849 thue
373 797 524 849 juvent
544 797 631 844 alii,
654 800 702 835 tu
723 795 855 834 debes
874 794 1047 834 vincere
1069 794 1252 845 amicos,

271 862 427 913 Uxor3
458 866 498 902 et
519 863 572 902 ad
595 866 740 915 partes
761 861 906 914 prima
927 861 1071 902 venire
1092 865 1208 901 tuas.

214 928 378 981 Magna
398 929 476 969 tibi
496 929 702 982 imposita
722 932 787 968 est
803 928 958 969 nostris
980 940 1165 981 persona
1182 926 1369 969 libellis:

271 995 481 1050 Conjugis
503 996 749 1048 exemplum
770 995 927 1036 diceris
946 1008 1042 1036 esse
1063 998 1209 1038 bonae.

215 1061 346 1103 Hanc
367 1075 473 1103 cave
494 1063 737 1115 degeneres.
798 1062 860 1103 Ut
880 1064 965 1103 sint
984 1062 1210 1115 praeconia
1228 1063 1378 1103 nostra
1605 1060 1663 1101 45

270 1128 391 1171 Vera
410 1128 511 1170 vide
528 1143 539 1182 3
570 1129 722 1170 Famae
745 1142 834 1182 quo
855 1128 1023 1170 tuearis
1043 1141 1169 1182 opus.

214 1255 287 1294 quid
301 1263 391 1294 agere
406 1257 553 1293 oporteat.
599 1254 757 1285 Nimirum
779 1265 897 1294 quoeras
920 1255 999 1285 istuc
1022 1255 1122 1294 ipsum
1135 1265 1145 1285 .-
1167 1253 1312 1294 reperies,
1338 1253 1366 1284 εἰ
1384 1253 1490 1293 cupias
1514 1251 1664 1285 invenire.

214 1297 296 1328 Leve
311 1300 356 1328 est
369 1298 458 1334 velle,
474 1306 547 1336 opus
558 1299 601 1326 est
617 1300 702 1336 optes
717 1301 749 1327 ut
763 1307 827 1327 rem
838 1297 1042 1336 consequaris,
1057 1300 1087 1326 et
1102 1297 1157 1326 hoc
1172 1296 1327 1334 negotium
1342 1297 1453 1326 reddat
1467 1296 1528 1326 tibi
1545 1304 1664 1326 somnos

215 1340 352 1379 exiguos.
396 1340 480 1370 Puto
496 1339 605 1369 multos
619 1339 693 1369 velle
706 1349 716 1375 ;
740 1339 809 1377 quis
832 1339 911 1369 enim
927 1339 969 1368 sit
982 1338 1059 1368 mihi
1082 1342 1145 1368 tam
1164 1338 1314 1375 infensus,
1329 1341 1362 1367 ut
1377 1339 1482 1377 cupiat
1499 1347 1595 1368 meum
1609 1346 1664 1367 ex-

215 1383 302 1412 ilium
317 1391 378 1413 esse
392 1382 457 1412 sine
469 1380 567 1420 pace?
610 1381 708 1411 Decet
724 1384 753 1411 te
769 1381 830 1411 niti
844 1384 907 1411 toto
922 1381 1037 1420 animo,
1060 1383 1089 1410 et
1116 1380 1190 1410 totis
1214 1379 1342 1418 viribus,
1366 1382 1397 1409 et
1416 1380 1594 1410 contendere
1607 1387 1663 1419 pro

215 1434 262 1454 me
277 1425 326 1454 die
342 1427 372 1454 et
387 1427 483 1453 nocte.
528 1423 629 1462 Atque
645 1426 680 1453 ut
695 1424 788 1453 ceteri
802 1433 886 1462 opem
894 1423 1019 1461 ferant,
1044 1426 1081 1452 tu
1095 1422 1204 1460 conjux
1219 1421 1305 1452 debes
1320 1430 1463 1460 superare
1488 1421 1614 1460 amicos,
1631 1423 1663 1451 et

212 1467 314 1504 prima
329 1467 486 1496 succedere
499 1466 595 1504 qfficz'o
621 1468 684 1494 tuo.
728 1465 849 1502 Magna
874 1474 1002 1503 persona
1017 1467 1060 1494 est
1087 1463 1147 1493 tibi
1169 1464 1244 1493 data
1262 1464 1375 1494 nostris
1399 1464 1527 1494 libellis:
1551 1463 1665 1494 diceris

215 1517 277 1538 esse
293 1508 466 1547 exemplum
480 1505 563 1536 bonae
578 1505 695 1537 uxoris.
739 1505 888 1544 Prospice
903 1515 942 1536 ne
955 1506 1031 1535 hanc
1053 1513 1250 1544 corrumpas.-
1266 1504 1323 1541 fac
1340 1506 1443 1536 laudes
1464 1509 1577 1537 nostrae
1599 1505 1664 1537 sint

825 1590 1062 1603 eeeeeeeeeee

217 1655 257 1683 34
279 1650 322 1682 V.
339 1649 495 1687 Invenias,
509 1658 573 1679 ver.
606 1647 689 1679 Mox
705 1650 836 1687 septem
851 1656 951 1687 reper.
965 1647 1040 1678 velis
1050 1657 1063 1683 ;
1085 1649 1121 1677 et
1136 1645 1204 1677 duo
1218 1646 1397 1687 cupis-35
1423 1645 1554 1688 Scribe,
1566 1650 1601 1678 ut
1613 1657 1665 1688 spe

215 1693 359 1733 potiaris,
371 1692 425 1722 vel
440 1695 558 1721 contra
572 1690 672 1721 libros
689 1694 821 1720 veteres
837 1700 846 1720 z
871 1690 918 1720 sic
935 1694 970 1720 et
989 1691 997 1706 ‘
1012 1689 1113 1729 potiri
1129 1689 1227 1719 votis'
1241 1689 1364 1731 passim
1385 1689 1475 1730 apud
1490 1690 1666 1722 Nostrum.

219 1736 287 1767 Adi
304 1736 412 1766 Notas
430 1733 530 1773 [Not.
543 1733 638 1773 Van]
654 1734 786 1764 Pastor.
803 1741 852 1763 vr.
868 1742 915 1763 vs.
933 1734 1004 1762 126.
1027 1732 1139 1763 Heius.
1161 1731 1197 1762 Si
1213 1731 1293 1773 quid
1310 1732 1521 1771 mutandum,
1535 1732 1667 1773 malim,

223 1778 308 1810 Velle
322 1787 432 1818 parum
448 1779 511 1807 est.-
533 1776 649 1815 cupias,
664 1779 696 1806 ut
711 1785 757 1806 me
777 1775 918 1814 potiaris,
942 1778 1079 1814 oportet.-
1104 1775 1113 1791 ‘
1127 1774 1275 1815 Cupere’
1295 1775 1370 1814 plus
1390 1775 1478 1805 enim
1489 1779 1541 1806 est
1563 1784 1667 1816 quam

218 1823 226 1837 ‘
248 1821 334 1851 velle
344 1819 365 1851 ς’
391 1820 401 1836 ‘
417 1817 593 1856 volumus,'
610 1828 686 1849 cum
713 1821 867 1858 optamus
890 1821 925 1848 et
949 1817 1037 1848 votis
1061 1817 1261 1857 simpliciter
1289 1816 1519 1858 defungimur3
1541 1817 1667 1858 ‘cupi-

219 1861 316 1901 mus‚'
329 1872 405 1893 cum
420 1861 626 1899 laboramus,
641 1860 801 1891 ardenter
816 1861 969 1891 volumus
985 1864 1020 1890 et
1034 1869 1173 1899 operam
1190 1859 1319 1899 damus,
1343 1864 1382 1891 ut
1406 1869 1443 1890 re
1467 1859 1584 1900 cupita
1607 1869 1666 1900 po-

219 1906 353 1936 tiamur.
396 1904 489 1935 Male
505 1904 640 1935 Merula
653 1905 661 1921 ‘
677 1903 824 1943 cupere,'
840 1907 958 1942 optare
974 1902 1235 1942 interpretatur,
1250 1902 1339 1943 quod
1356 1902 1509 1943 sequenti
1522 1901 1667 1933 disticho

219 1947 399 1984 refutatur,
415 1946 473 1977 ubi
497 1947 506 1964 ‘
523 1945 618 1976 velle'
646 1950 681 1977 ct
704 1947 712 1963 ‘
728 1944 858 1986 optare'
885 1945 975 1976 idem
992 1949 1110 1976 notat:
1135 1945 1193 1975 sed
1209 1946 1218 1962 ⁶
1238 1944 1374 1985 cupere'
1388 1948 1451 1984 est,
1467 1949 1607 1985 pectore
1630 1948 1668 1975 et

220 1990 353 2021 eunctis
381 1989 493 2020 nervis
525 1989 735 2028 incumbere,
761 1993 801 2019 ut
821 1992 914 2019 recte
942 1988 1111 2029 MycilluS.
1149 1987 1261 2018 Facias
1280 1991 1316 2018 ut
1338 1997 1372 2017 re
1398 1987 1476 2018 duo.
1508 1988 1667 2018 Burni.—

220 2035 262 2063 39
279 2032 424 2065 Quidam
439 2030 537 2063 codd.
552 2034 609 2062 tot.
624 2032 758 2071 totisque
771 2030 904 2062 incnmb.
929 2031 1007 2061 Duo
1020 2034 1055 2061 et
1071 2030 1202 2061 Bersm.
1219 2031 1391 2070 cunctisque
1406 2030 1536 2061 incumb.
1551 2029 1665 2066 remis5

220 2084 306 2105 unus
321 2075 423 2105 etiam
438 2073 615 2104 curis-41
644 2074 771 2105 Novem
789 2074 866 2104 libri
881 2074 959 2104 rinc.
974 2075 1193 2104 cunctos—44
1216 2073 1270 2103 Fr.
1287 2072 1376 2111 Cony'.
1391 2073 1546 2112 exemplar
1560 2072 1666 2102 dic.—

220 2119 260 2146 45
286 2116 405 2147 Heius.
419 2116 551 2155 recepit
567 2116 660 2146 Hanc
673 2126 745 2147 cave
755 2118 863 2155 degen.
877 2125 919 2147 ex
936 2116 1088 2156 plurimis
1105 2115 1265 2155 scripti53
1290 2115 1428 2156 quidam
1444 2115 1546 2146 etiam
1562 2113 1667 2145 Huic.-

221 2158 349 2197 vulgati
366 2163 479 2188 autem
508 2156 679 2188 habebant
706 2158 800 2188 Hanc
819 2169 857 2189 ne
879 2160 987 2196 degen.
1011 2162 1046 2188 et
1074 2158 1235 2197 Mycinus
1260 2158 1348 2197 conj.
1373 2157 1460 2187 Hinc
1475 2157 1528 2187 vel
1544 2157 1617 2187 Hac
1628 2163 1667 2185 ne

223 2199 331 2238 degen.
354 2199 488 2230 Deinde
501 2199 650 2229 nonnulli
661 2202 691 2229 et
707 2209 768 2238 pro
782 2203 817 2229 ut
829 2210 842 2236 ;
864 2203 899 2229 et
915 2200 962 2229 sic
978 2199 1116 2239 quidem
1135 2200 1230 2238 vulg.
1246 2200 1401 2229 meliores
1418 2203 1532 2229 autem
1547 2195 1668 2235 scripti

221 2243 355 2273 tin—46
379 2241 512 2272 Nostrae
526 2240 727 2271 membranae
740 2249 815 2272 cum
830 2240 963 2270 Bersm.
979 2241 1069 2279 quod,
1094 2249 1156 2280 pro
1171 2251 1228 2279 quo
1238 2251 1248 2270 .-
1272 2245 1308 2272 et
1330 2240 1398 2280 legi
1413 2241 1540 2281 potest,
1553 2240 1588 2268 ut
1602 2237 1665 2268 sint

876 2328 1015 2360 NOTAE

266 2407 308 2436 36
330 2403 461 2444 Breues]
485 2403 598 2435 Nocte
614 2402 765 2444 adeoque
789 2402 916 2444 aliquid
1012 2406 1053 2435 42
1076 2401 1203 2442 Partes]
1228 2401 1283 2433 Ad
1299 2400 1444 2434 officium
1461 2405 1569 2444 tuum,
1584 2401 1666 2436 mihi

223 2454 398 2495 excogites
413 2464 477 2495 quo
495 2453 688 2494 Imperator
707 2451 867 2484 flectatur
881 2457 918 2484 et
969 2453 1207 2484 succurrendo.

223 2504 339 2537 mitius
355 2503 555 2535 faciatmihi
571 2503 720 2534 exilium.
769 2532 775 2542 ,
1011 2505 1051 2534 43
1075 2502 1230 2542 Persona]
1254 2502 1324 2534 Pro
1347 2502 1482 2534 nomine
1509 2505 1546 2534 et
1575 2501 1667 2535 fama

265 2557 307 2585 37
334 2553 434 2593 Velle]
464 2553 505 2584 Id
529 2558 591 2591 est,
620 2553 692 2586 siue
719 2552 831 2585 studio
858 2555 917 2584 aut
971 2553 1095 2594 posuit.

226 2613 307 2634 cura
323 2604 525 2644 approbare.
1012 2607 1052 2635 45
1077 2604 1169 2635 Hanc
1179 2604 1356 2644 degeneres]
1379 2603 1596 2645 Degenerare
1607 2603 1666 2636 ho-

266 2656 306 2685 41
327 2653 470 2695 Vincere]
501 2654 619 2694 Opera
633 2655 669 2685 ct
689 2652 869 2696 diligentia
885 2652 919 2684 in
971 2663 1098 2694 norem,
1140 2654 1359 2695 propinquos,
1395 2655 1538 2696 palmas,
1572 2652 1666 2695 apud

223 2712 278 2737 me
289 2703 441 2744 juvando
457 2704 540 2736 alios
555 2714 728 2746 superare.
969 2704 1076 2737 bonos
1093 2708 1249 2737 auctores
1264 2703 1434 2739 invenias:
1458 2714 1534 2747 quae
1547 2702 1666 2737 locuti-
