1877 3193
229 163 344 206 2594
722 173 761 202 P.
794 171 952 201 ovmn
987 169 1200 200 NAsoms

232 266 539 320 succedatque
559 266 646 307 tuis
667 264 786 306 orbis
806 262 1059 304 moderator
1078 262 1276 304 habenis.
1625 265 1682 306 75

289 333 420 384 Quod
439 346 606 374 mecum
627 331 786 386 populi
806 334 911 372 vota
928 334 1161 386 precantur
1175 330 1308 372 idem.

230 452 341 484 ultima
355 456 492 492 tempora
506 452 580 482 vitae
596 455 657 482 ινα»
667 462 677 482 .·
707 454 739 483 et
753 452 894 483 succedat
909 452 1083 483 moderator
1098 451 1180 483 orbis
1203 450 1267 483 suis
1281 449 1369 482 loris.
1416 448 1506 485 Quod
1520 448 1602 481 idem
1613 451 1686 481 vota

228 496 335 538 populi
349 498 439 526 orant
454 504 580 525 mecum.

843 567 1040 580 OOOOOOOOO
1042 568 1080 580 Ν

230 639 293 672 pro
306 631 398 671 vulg.
421 634 636 662 maneas.—75
664 631 740 662 Tuis
762 632 897 672 plurimi
913 637 999 664 vett.
1014 632 1071 663 alii
1088 642 1163 664 cum
1188 632 1278 672 vulg.
1293 630 1369 663 saeeis.
1408 630 1491 662 Mox
1509 638 1571 670 pro
1586 629 1687 660 mode-

229 673 433 714 rator,quod
456 673 616 703 exhibent
641 674 777 712 plurimi
803 674 901 710 editi,
921 684 1005 705 unus
1023 675 1089 706 Ha.
1108 675 1299 706 moderamen
1325 673 1448 705 habet:
1484 673 1524 704 P.
1551 675 1587 704 et
1602 680 1688 703 unus

229 715 364 748 Thuan.
379 716 578 746 moderandus
588 726 601 752 ;
624 719 659 745 et
671 715 872 746 veterrimus
886 715 943 746 Sa.
958 718 1144 749 moderatus.

892 811 1032 842 NOTAE

275 895 316 923 ⁷5
343 891 435 931 Tuis]
457 892 566 922 Vetus
587 890 706 929 lectio,
732 890 808 930 suis,
838 900 933 922 revo-
986 891 1049 923 hac
1065 890 1288 933 decerpimus.
1320 894 1432 923 Vovet
1449 892 1607 924 nimirum
1622 891 1690 923 Po-

234 942 356 981 canda,
371 951 469 982 quam
481 941 675 972 excluserat
688 942 819 973 clariss.
829 941 935 973 Hein-
987 941 1058 981 eta,
1075 946 1124 981 ut,
1140 945 1318 983 postquam
1335 941 1560 973 Germanicus
1579 941 1690 973 Caesa-

233 991 273 1022 sii
302 990 499 1030 auctoritas,
521 996 705 1032 utcumque
723 991 865 1023 vetustis
881 1001 937 1022 ex-
987 993 1032 1024 ris
1047 991 1208 1034 auspiciis
1225 992 1330 1023 multa
1346 991 1514 1032 praeclara
1533 991 1690 1030 gesserit,

233 1041 437 1082 emplaribus
455 1042 545 1073 nixa.
582 1041 723 1073 Nullum
740 1043 830 1073 enim
853 1042 935 1074 satis
988 1053 1031 1075 ex
1043 1052 1119 1075 sese
1136 1047 1171 1075 et
1186 1042 1327 1074 arbitrio
1342 1041 1480 1083 proprio
1495 1041 1612 1072 orbem
1627 1046 1689 1072 ter-

234 1091 392 1123 idoneum
409 1101 542 1124 sensum
565 1101 607 1123 ex
626 1092 695 1132 illa,
714 1092 877 1134 optimum
895 1102 938 1125 ex
988 1104 1101 1126 rarum
1117 1099 1227 1135 regat.

682 1471 727 1519 E
744 1471 1106 1522 PISTOLA
1159 1473 1252 1520 Vl.

800 1634 1125 1702 GRAECINO.

795 1801 1155 1834 ARGUMENTUM.

241 1897 300 1928 Αυ
326 1897 523 1929 Graecinum
551 1897 700 1930 scribens
725 1898 851 1938 Poeta,
877 1909 955 1931 eum
978 1903 1096 1931 monet
1123 1908 1165 1931 ne
1193 1899 1322 1931 crimen
1354 1898 1533 1930 admissum
1565 1900 1695 1940 culpet,

284 1950 559 1992 quandoquidem
575 1951 753 1992 praeterita
767 1953 892 1983 mutari
918 1962 986 1984 non
1010 1957 1164 1994 possunt.
1207 1952 1308 1984 Illum
1330 1957 1501 1993 postremo
1518 1958 1644 1993 monet,
1660 1958 1699 1984 ut

283 2003 381 2034 malit
396 2002 460 2034 sibi
475 2004 572 2045 lapso
587 2013 688 2045 opem
704 2004 853 2046 aliquam
869 2004 975 2047 ferre,
987 2010 1027 2038 ut
1040 2004 1135 2048 facit,
1147 2015 1247 2048 quam
1262 2015 1303 2038 ea
1316 2004 1478 2038 damnare
1492 2015 1566 2048 quae
1584 2006 1697 2048 potius

284 2055 480 2087 excusanda
495 2061 585 2088 sunt.

246 2163 332 2224 CA
343 2193 505 2223 RMINE
528 2183 800 2235 Graecinum,
823 2186 900 2238 qui
922 2200 1115 2239 praesens
1133 2200 1245 2229 voce
1266 2188 1453 2236 solebat,

301 2247 461 2289 Tristis
483 2249 539 2289 ab
562 2249 750 2290 Euxinis
773 2251 902 2291 Naso
925 2253 1088 2293 salutat
1110 2253 1254 2305 aquis.

290 2359 376 2392 Naso
391 2365 525 2402 moestus,
540 2362 592 2403 qui
604 2366 799 2394 consueverat
809 2365 941 2396 salutem
955 2365 1055 2396 dicere
1066 2374 1147 2405 voce,
1158 2374 1225 2396 cum
1240 2365 1371 2405 adesset,
1385 2365 1499 2396 salutat
1517 2364 1698 2397 Graecinum

855 2441 1087 2453 moaaemve

291 2487 356 2524 Qui
378 2487 495 2520 Heius.
511 2488 607 2521 dedit
622 2498 665 2521 ex
689 2490 744 2522 Sa.
768 2494 804 2522 et
824 2490 867 2523 P.
883 2500 945 2531 pro
971 2491 1062 2531 vulg.
1090 2500 1189 2532 quem.
1228 2490 1315 2523 Tum
1332 2491 1457 2523 Tliuan.
1470 2502 1519 2532 pr.
1534 2502 1584 2523 ore
1598 2493 1697 2525 sol.—

902 2579 1042 2611 NOTAE

289 2642 309 2670 2
335 2640 487 2681 Euxinis]
507 2641 619 2672 'soniis
640 2651 764 2683 nempe
789 2641 952 2674 exulabat
1006 2642 1117 2675 duam„

252 2689 360 2731 Nam,
389 2691 431 2722 ad
459 2690 563 2723 Ponti
590 2691 718 2726 Euxini
748 2701 839 2724 oram
864 2692 952 2724 oeci-
