1863 3193
685 201 927 234 TRISTIUM
962 202 1060 233 LIB.
1093 196 1146 233 lf.

1526 193 1642 237 2295

183 293 281 336 Nec
302 298 430 337 nocet
449 288 631 344 auctori,
653 296 827 337 mollem
847 297 921 351 qui
941 296 1044 338 fecit
1064 295 1299 348 Achillem,

242 362 480 416 Infregisse
502 361 597 402 suis
618 362 748 403 fortia
766 364 886 405 facta
904 364 1062 406 modis.

183 429 213 470 J
219 432 343 471 unxit
363 429 577 471 Aristides
598 428 775 470 Milesia
795 431 978 472 crimina
997 445 1147 473 secum
1165 446 1175 473 :

241 497 403 538 Pulsus
424 496 641 537 Aristides
661 510 743 538 nec
765 502 907 539 tamen
927 499 1034 539 urbe
1055 510 1150 540 sua.

186 563 298 614 Nec,
319 565 395 618 qui
417 564 652 618 descripsit
670 566 891 619 corrumpi
914 565 1084 605 semina
1104 568 1307 616 matrum,

1558 566 1643 607 415

242 632 427 680 Eubius,
450 632 637 685 impurae
659 631 862 673 conditor
881 631 1092 673 historiae.

186 698 285 740 Nec
304 699 376 752 qui
398 700 649 752 composuit
668 711 811 752 nuper
831 698 1100 753 Sybaritida,
1122 698 1254 750 fugit:

241 766 339 807 Ncc
361 780 460 821 quae
483 768 743 808 concubitus
763 779 851 806 non
873 771 1047 807 tacuere
1069 778 1188 806 suos.

183 833 382 888 Suntque
402 847 455 875 ea
475 834 705 876 doctorum
726 834 1019 875 monumentis
1040 833 1186 874 mixta
1205 832 1411 884 virorum,

240 900 587 955 Muneribusque
609 901 786 942 Ducum
805 902 985 955 publica
1003 901 1123 942 facta
1143 904 1311 954 patent.

1556 899 1642 942 420

182 1027 289 1065 Neque
301 1026 386 1057 obest
401 1026 592 1067 auctori,qui
598 1026 680 1063 fecit
693 1028 756 1058 suis
766 1028 954 1059 carminibus
967 1031 1120 1058 amantem
1136 1027 1288 1057 Achillem
1302 1025 1504 1057 intermisisse
1513 1025 1642 1065 egregia

171 1068 328 1105 facinora.
375 1069 532 1099 Aristides
546 1071 711 1109 composuit
723 1071 854 1102 crimina
870 1071 999 1103 Milesia
1013 1081 1022 1100 .·
1046 1079 1138 1109 neque
1153 1073 1254 1100 tumen
1270 1069 1428 1099 Aristides
1442 1069 1554 1108 ejectus
1565 1068 1642 1099 urbe

179 1121 244 1141 suu.
292 1112 397 1150 Neque
413 1111 533 1142 Eubius
546 1113 681 1152 scriptor
702 1114 804 1153 turpis
820 1114 971 1149 bistmioe,
999 1113 1051 1151 qui
1074 1112 1177 1142 docuit
1193 1112 1309 1142 semina
1324 1114 1460 1141 matrum
1473 1110 1640 1150 corrumpi.

182 1154 287 1193 Neque
303 1154 441 1184 exulavit
456 1154 508 1194 qui
531 1155 693 1195 descripsit
719 1165 814 1194 nuper
829 1156 1013 1195 Sybaritidu
1026 1164 1036 1189 ;
1060 1164 1114 1184 nec
1130 1163 1198 1193 quae
1212 1163 1272 1184 non
1288 1153 1410 1183 silentio
1433 1154 1643 1192 proetermise-

182 1200 253 1227 runt
277 1206 344 1227 suos
366 1197 551 1227 concubitus.
596 1199 701 1236 Atque
725 1207 760 1227 eu
787 1201 859 1228 sunt
885 1198 977 1227 mista
1003 1195 1209 1227 monumentis
1234 1197 1393 1226 doctorum
1418 1195 1552 1226 virorum
1565 1205 1574 1225 .-
1609 1198 1641 1226 et

791 1289 869 1300 ΝΝ
871 1288 985 1299 aeaeaeaeae
987 1289 1025 1299 Ν

177 1360 320 1396 apparet
346 1365 388 1386 ex
416 1355 565 1387 lectione
594 1354 729 1386 diversa
755 1354 887 1396 antiqui
912 1355 1051 1396 codicis,
1075 1355 1132 1396 qui
1148 1355 1280 1395 neg-lecti
1295 1354 1422 1395 pudoris
1436 1353 1548 1393 habet,
1562 1364 1640 1396 quae

176 1400 286 1439 glossa
301 1399 356 1429 τοῦ
369 1399 542 1439 proeteriti:
566 1399 654 1429 male
670 1399 807 1429 Merula
824 1398 865 1429 ad
883 1402 1017 1438 tempus
1046 1399 1259 1438 praeteritum
1287 1397 1405 1437 refert,
1426 1407 1490 1439 quo
1507 1397 1640 1438 aliquid

177 1441 374 1472 obscoenum
391 1441 464 1482 quis
491 1441 656 1482 gesserit:
678 1441 841 1481 praepositi
863 1450 970 1471 unus:
996 1441 1108 1471 hubent
1134 1440 1311 1472 Bemens!
1336 1441 1554 1471 Erum—413
1579 1441 1642 1471 Ta-

176 1494 254 1524 naq.
281 1484 389 1515 Faber
416 1484 576 1515 emendat
604 1484 729 1523 finxit,
759 1484 812 1514 vel
837 1483 960 1514 Panxu
975 1483 1019 1514 A.
1044 1484 1090 1514 M.
1106 1493 1148 1514 cr.
1165 1483 1295 1514 chartis.-
1320 1483 1374 1514 cui
1403 1483 1538 1513 minime
1563 1492 1641 1513 con-

174 1527 279 1557 sentit
310 1526 431 1557 Heius.
493 1527 533 1557 In
563 1526 760 1567 quibusdam
790 1526 889 1557 codd.
920 1526 1058 1557 carmina
1090 1531 1206 1563 extat;
1244 1525 1333 1556 unde
1369 1525 1490 1556 Heins.
1517 1525 1640 1556 minori

176 1570 313 1610 negotio
339 1569 571 1610 retingendum
595 1569 770 1599 commode
796 1573 894 1608 putat
924 1568 1017 1599 Lusit
1043 1568 1084 1600 A.
1111 1568 1160 1599 M.
1187 1568 1323 1599 carmine
1342 1567 1440 1606 foedo.
1486 1568 1526 1599 In
1555 1568 1640 1599 Bus-

177 1611 310 1643 lidianis
339 1612 557 1651 membranis,
576 1612 691 1650 Jungic
724 1611 763 1642 ,1.
794 1611 841 1641 Μ.
869 1611 1008 1641 carmina
1033 1621 1130 1641 sucro.
1165 1611 1227 1642 Be.
1258 1612 1307 1641 M.
1337 1611 1487 1641 carmina.
1521 1610 1640 1641 Burm.

178 1664 244 1685 non
269 1655 340 1685 liaec
367 1655 548 1694 intelligit3
583 1659 618 1685 et
646 1654 735 1694 conj.
761 1653 879 1684 szxit
906 1654 948 1684 A.
979 1654 1026 1684 M.
1049 1654 1182 1684 crimina
1207 1663 1326 1690 scenoe;
1362 1653 1395 1683 id
1413 1658 1478 1692 est,
1495 1652 1639 1683 lascivos

178 1701 214 1727 et
239 1697 426 1736 impudicos
450 1706 559 1728 mores
585 1697 793 1728 Milesiorum
820 1696 964 1727 inseruit
991 1701 1027 1727 et
1055 1696 1191 1727 miscuit
1215 1695 1337 1726 fabulis
1362 1696 1451 1725 suis:
1481 1694 1540 1726 sed
1560 1695 1642 1735 quia

177 1747 339 1779 nusquam
375 1740 504 1780 reperit
536 1738 724 1770 Aristidem
762 1738 894 1770 fabulas
938 1738 1109 1776 docuisse,
1150 1739 1267 1770 haeret.
1324 1737 1486 1769 Francius
1525 1737 1640 1769 Traxit

178 1781 232 1811 vel
269 1781 382 1812 Vexit:
422 1782 510 1813 idem
537 1787 573 1813 et
603 1787 782 1813 notaverat
812 1777 1062 1812 Brou'kbusium
1091 1782 1178 1812 velle
1215 1781 1327 1812 Vinxit
1354 1781 1397 1812 A.
1427 1781 1475 1816 M,
1504 1780 1639 1810 crimina

176 1826 377 1854 socco.—4l5
402 1824 521 1855 Heius.
547 1825 682 1864 legebat
709 1825 761 1864 qui
785 1825 1004 1865 praescripsit,
1022 1825 1076 1855 vel
1096 1824 1244 1865 prcecepit
1273 1826 1463 1854 corn—410
1487 1823 1528 1854 In
1551 1823 1639 1854 Mss.

177 1865 270 1896 varie
301 1874 424 1895 nomen
455 1866 625 1905 scribitur,
662 1867 771 1904 Ebius,
800 1867 916 1906 Ebous,
944 1866 1079 1903 Eubous,
1118 1867 1258 1903 Eubilus,
1282 1866 1405 1901 Etuus;
1444 1865 1477 1895 in
1508 1866 1639 1896 Bersm.

177 1907 327 1938 Eubulus.
364 1908 447 1938 Tum
462 1912 532 1939 tres
544 1908 621 1938 libri
634 1908 800 1938 immundoe
815 1911 1009 1939 cond.—417
1036 1910 1104 1939 Pro
1116 1919 1213 1949 nuper
1222 1908 1339 1939 Heius.
1357 1908 1446 1947 conj.
1462 1911 1640 1947 turpem.—

178 1952 241 1980 413
254 1950 400 1982 Quidam
415 1950 539 1981 babent
556 1951 598 1980 Et
607 1950 658 1990 qui
673 1950 796 1981 concub.
811 1951 869 1980 sed
884 1961 952 1990 quoe
965 1960 1007 1981 ex
1023 1951 1214 1990 Hamburg.
1226 1955 1261 1981 ct
1276 1950 1348 1980 aliis
1362 1950 1480 1980 Heius.
1497 1948 1642 1988 recepit.

180 1993 301 2024 Barth.
321 1993 354 2024 in
369 2002 434 2023 uno
453 1992 537 2024 Cod.
566 1993 696 2033 reperit
712 1993 778 2023 Nec
795 1993 848 2032 qui
872 2003 899 2023 c.
917 2003 946 2023 n.
974 1996 1054 2023 tacet
1082 1994 1180 2023 AEtna
1196 1995 1382 2022 suos—419
1404 1991 1484 2024 Jun.
1503 1997 1539 2022 et
1567 1996 1637 2022 tres

835 2076 974 2108 NOTAE

220 2155 280 2184 411
308 2152 448 2192 Mollem]
480 2152 851 2184 Briseidisamatorem.

222 2205 285 2233 412
308 2201 492 2242 Infregisse]
519 2203 657 2234 Dicitur
672 2213 751 2234 vcro
766 2202 880 2233 Achil-

175 2253 237 2291 lcs,
254 2251 298 2283 ob
321 2257 455 2292 raptam
477 2253 538 2283 sibi
566 2253 608 2283 ab
625 2253 880 2293 Agamemnone

174 2301 343 2342 Briseida,
357 2302 445 2333 bello
459 2303 671 2343 abstinuisse,
683 2308 785 2345 atque
795 2303 880 2334 adeo

176 2352 279 2384 fortia
295 2352 389 2384 facta
405 2352 596 2393 infregisse.

219 2407 282 2434 413
308 2403 479 2443 Aristides]
506 2403 658 2434 Milesius
676 2403 788 2434 Poeta
803 2402 880 2442 fuit,

178 2454 234 2494 qui
263 2453 438 2484 Milesiaca
462 2453 634 2493 poemata,
656 2458 690 2484 et
714 2454 758 2484 de
780 2453 879 2483 rebus

178 2504 355 2544 impudicis
367 2504 503 2544 scripsit
518 2513 524 2532 :
541 2504 582 2534 de
594 2514 660 2544 quo
674 2504 878 2535 Plutarchus

179 2557 214 2583 et
231 2554 407 2585 Lucianus.

224 2603 364 2642 Milesia]
391 2605 618 2643 Milesiorum,
630 2605 762 2635 deliciis
777 2608 879 2645 atque

178 2651 318 2683 lascivia
355 2651 605 2694 infamatorum,
642 2655 699 2696 qui
735 2655 880 2695 denique

180 2702 340 2733 Miletum
356 2700 624 2736 florentissimam
637 2705 743 2737 Ionia:
761 2705 879 2737 urbem

180 2751 418 2793 perdiderunt.

978 2154 1039 2183 415
1064 2150 1207 2190 Semina]
1246 2149 1362 2191 Atque
1378 2149 1463 2181 adeo
1487 2149 1642 2180 immatu-

936 2211 1008 2232 rum
1026 2200 1143 2231 t'mtum
1162 2200 1251 2239 ejici.

978 2254 1042 2282 416
1060 2250 1194 2292 Eubius]
1208 2250 1294 2283 Quis
1306 2250 1359 2281 hic
1373 2248 1492 2289 fuerit,
1504 2249 1640 2281 aliunde

936 2312 1002 2334 non
1020 2303 1110 2334 novi.

977 2357 1040 2386 417
1073 2353 1135 2389 Qui
1164 2353 1346 2394 composuit]
1390 2351 1643 2390 Hemitheonis,

936 2407 971 2435 et
997 2404 1176 2436 Misthonis
1207 2404 1460 2444 Sybaritarum,
1486 2402 1642 2442 turpissi-

935 2464 1134 2496 morumque
1160 2454 1379 2494 scriptoriun,
1396 2453 1549 2483 meminit
1577 2452 1640 2481 Lu-

935 2506 1064 2537 cianus.

974 2559 1037 2587 417
1073 2553 1271 2595 Sybaritidu]
1315 2552 1392 2583 Fuit
1420 2551 1558 2592 Sybaris
1582 2561 1640 2592 op-

935 2606 1051 2646 pidum
1091 2603 1256 2634 Calabriae
1297 2602 1388 2632 inter
1419 2603 1572 2633 Cratliim
1604 2605 1640 2632 et

933 2655 1088 2697 Sybarim
1102 2653 1235 2693 fluvios,
1252 2652 1349 2693 eujus
1364 2653 1483 2684 incolae
1499 2652 1640 2684 lascivia

935 2705 1073 2747 perditi.

978 2758 1040 2786 418
1089 2753 1182 2793 Quce]
1240 2753 1366 2786 Quales
1400 2753 1564 2785 Philoenis
1602 2756 1638 2781 et
