1877 3193
558 195 710 227 EPls'r.
746 195 811 226 Ex
846 196 1005 226 PoNTo
1039 197 1136 228 me.
1169 197 1198 228 1.
1228 186 1272 227 6.
1526 187 1640 231 2537

190 289 394 344 Quidque
416 291 558 332 facis?
589 292 795 345 lacrymis
816 305 929 345 opus
951 300 1035 341 est,
1055 304 1141 332 non
1161 291 1387 344 sanguine,
1411 289 1526 332 dixit
1544 304 1554 332 :

246 360 377 413 Saepe
397 373 474 414 per
488 360 568 400 has
589 360 703 400 flecti
726 360 948 412 Principis
968 361 1036 399 ira
1055 360 1181 401 solet.

190 425 406 477 Quamvis
429 431 494 468 est
513 428 641 480 igitur
661 429 831 468 meritis
853 427 1050 467 indebita
1071 427 1254 476 nostris,

246 494 411 547 Magna
430 498 575 535 tamen
595 508 700 548 spes
721 499 789 535 est
808 495 853 533 in
871 493 1070 533 bonitate
1092 493 1192 533 Dei.

189 560 280 612 Qui
301 575 352 602 ne
374 559 561 602 difficilis
580 562 686 602 mihi
708 562 780 610 sit,
803 560 1023 610 Graecine,
1044 572 1251 613 precare:

246 629 405 670 Confer
424 634 468 669 et
488 628 535 669 in
555 632 706 671 votum
728 633 776 670 tu
796 641 978 682 quoque
999 627 1136 669 verba
1156 640 1312 668 meum.

188 695 326 749 Inque
344 696 578 738 Tomitana
592 696 772 750 jaceam
794 696 1036 737 tumulatus
1057 707 1204 744 arena,

243 763 292 803 Si
315 768 357 804 te
377 777 462 804 non
483 765 611 805 nobis
633 764 719 805 ista
738 776 902 805 vovere
920 763 1072 815 liquet.

187 828 306 871 Nam
325 832 448 884 prius
470 832 687 885 incipiant
708 836 848 871 turres
871 830 1009 870 vitare
1030 829 1264 879 columbae,

239 896 380 939 Antra
401 899 521 949 ferae,
542 898 732 952 pecudes
755 897 966 950 gramina,
989 909 1164 949 mergus
1190 909 1360 950 aquas·,

1593 427 1650 468 45

1590 766 1646 806 50

185 1016 280 1057 agis?
302 1019 421 1059 inquit:
456 1031 531 1061 opus
555 1024 599 1051 est
615 1020 759 1061 fletibus,
785 1030 845 1051 non
860 1030 981 1051 cruore.
1027 1019 1117 1060 Soepe
1142 1020 1319 1059 indignatio
1347 1019 1551 1060 Imperatoris
1575 1022 1652 1052 solet

186 1061 300 1091 molliri
313 1072 371 1102 per
387 1063 463 1095 illos.
511 1064 646 1094 Tametsi
664 1073 736 1103 ergo
752 1066 796 1094 est·
812 1063 951 1093 indebita
978 1063 1093 1093 nostris
1118 1064 1251 1102 meritis,
1277 1066 1380 1094 tamen
1396 1067 1441 1094 est
1458 1073 1572 1103 magna
1585 1073 1652 1103 spes

185 1103 218 1133 in
234 1102 372 1135 bonitate
388 1106 463 1136 Dei.
510 1107 573 1141 Qui
599 1116 636 1136 ne
660 1107 702 1137 sit
729 1106 807 1137 mihi
831 1107 937 1143 durus,
960 1108 1061 1142 orato,
1081 1106 1252 1141 Graecine;
1275 1109 1306 1136 et
1330 1109 1366 1136 tu
1392 1106 1487 1135 etiam
1512 1105 1650 1144 conferto

184 1155 268 1177 voces
283 1147 317 1177 in
332 1148 518 1179 desiderium
533 1159 644 1180 meum.
692 1150 834 1188 Namque
841 1149 966 1186 jaceam
977 1148 1113 1187 sepultus
1128 1148 1161 1177 in
1174 1148 1299 1187 pulvere
1319 1148 1490 1186 Tomitana,
1507 1149 1567 1178 nisi
1582 1158 1652 1179 con-

183 1191 244 1219 stet
259 1192 290 1221 te
314 1194 461 1230 exoptare
475 1191 562 1222 nobis
577 1192 648 1222 ista.
696 1192 780 1222 Num
795 1190 940 1220 columba>
956 1193 1030 1220 ante
1056 1190 1204 1229 incipient
1224 1189 1341 1229 fugere
1356 1193 1472 1230 turres,
1488 1190 1570 1227 ferae
1585 1200 1654 1230 spe·

793 1268 1027 1279 omaew

183 1316 238 1355 inj.
274 1317 440 1349 Nonnulli
472 1317 574 1348 etiam
600 1317 921 1357 injectam...manum,
949 1317 1003 1348 vel
1029 1316 1404 1355 injectas...m‹1nus.——43
1428 1319 1493 1350 Ms.
1522 1319 1652 1350 Bersm.

186 1359 271 1394 Quid
290 1359 399 1397 facis3
422 1359 493 1391 hinc
510 1361 585 1391 lucr.
604 1366 640 1391 et
656 1361 746 1392 Mor.
762 1370 838 1391 cum
856 1370 907 1401 pr.
927 1360 994 1391 Ed.
1010 1360 1060 1390 hic
1081 1360 1156 1392 lucr.
1174 1370 1258 1392 unus
1275 1360 1333 1391 lib.
1347 1370 1407 1398 en,·
1431 1361 1471 1392 P.
1488 1372 1526 1397 o;
1551 1362 1591 1393 R.
1608 1365 1651 1394 et.

182 1404 267 1433 -44
289 1403 420 1434 Thuan.
436 1403 528 1443 flect.
548 1403 683 1434 miminis
709 1404 834 1435 ivn—47
860 1404 945 1434 Mss.
974 1404 1105 1433 Bersm.
1143 1403 1241 1438 Quem
1256 1413 1317 1440 ne;
1341 1408 1376 1434 et
1403 1404 1490 1435 alter
1516 1404 1652 1436 Thuan.

184 1445 274 1485 Quae,
298 1449 337 1476 ut
361 1446 403 1476 ad
426 1445 615 1478 bonitatem
642 1445 823 1477 referatur.
862 1446 947 1477 Mox
975 1445 1181 1476 Feschianus
1213 1447 1254 1476 G.
1271 1446 1397 1481 [abortu
1421 1446 1510 1487 quod
1529 1447 1652 1478 Heius.

182 1487 399 1528 placen—48
425 1489 515 1520 Mor.
545 1499 632 1529 quoq.
660 1492 730 1519 vota
754 1498 864 1519 meum.
901 1487 1023 1518 Heius.
1050 1492 1150 1527 putat
1178 1491 1212 1517 tu
1236 1492 1292 1518 tua
1316 1488 1421 1526 rerba,
1447 1489 1501 1519 vel
1524 1492 1653 1519 tota.—

183 1533 225 1561 49
249 1531 376 1562 Locum
392 1532 480 1561 hunc
507 1532 670 1570 Mycillus
693 1531 857 1560 asterisco
873 1530 1020 1567 notavit,
1047 1529 1138 1569 quod
1156 1530 1350 1569 suspicione
1365 1530 1498 1561 mendae
1516 1540 1582 1561 non
1598 1540 1652 1562 ca-

182 1578 268 1604 reat.
312 1575 321 1590 ‘
346 1574 450 1603 Nulla
467 1583 547 1603 vero
572 1571 756 1602 difficultas
773 1572 806 1601 in
821 1571 871 1602 his
890 1571 1024 1602 verbis:
1056 1572 1280 1612 jurisjurandi
1305 1572 1394 1603 enim
1409 1577 1445 1603 et
1462 1573 1652 1605 devotionis

183 1619 236 1646 est
253 1614 418 1646 formula:
444 1615 535 1646 Mori
550 1615 604 1645 hic
622 1618 657 1645 et
682 1614 841 1644 tumulari
870 1623 990 1652 voveo,
1007 1614 1034 1644 si
1060 1623 1125 1644 non
1157 1614 1306 1655 credam,
1333 1619 1367 1646 te
1395 1615 1475 1646 mihi
1503 1615 1652 1647 reditum

183 1667 319 1688 vovere.
365 1658 483 1687 Malim
515 1662 628 1687 tamen
649 1658 782 1697 Jamque
809 1657 984 1694 Tomitana,
1002 1660 1040 1686 ut
1067 1657 1181 1688 statim
1204 1657 1267 1688 sibi
1282 1662 1428 1688 mortem
1446 1662 1653 1698 praesentem

182 1699 415 1741 imprecetur)
440 1700 641 1731 Burm.——50
664 1700 754 1731 Mor.
771 1708 831 1730 sex
850 1699 907 1730 alii
923 1703 957 1730 et
973 1700 1102 1731 Bersm.
1120 1700 1174 1730 ist.
1198 1709 1316 1731 movere
1339 1701 1477 1741 liq.—51
1503 1701 1556 1731 Ex
1572 1700 1657 1733 duo-

837 1786 977 1819 NOTAE

225 1851 342 1891 Passa]
379 1850 467 1883 Quia
494 1851 536 1881 ad
568 1851 702 1882 laetiora
730 1851 887 1883 converti

183 1910 282 1942 posse
300 1900 413 1932 omnia
428 1911 504 1941 spes
517 1902 678 1932 morituro
696 1901 812 1933 suasit.

224 1954 266 1982 42
302 1952 431 1991 Arcuit]
461 1951 668 1982 Fortissimis
697 1951 887 1992 quibusque

183 2001 406 2033 Etlmicorum
421 2032 423 2034 ,
439 2003 578 2033 solenne
613 2002 679 2034 fuit
709 2002 743 2032 in
777 2006 888 2032 morte

182 2050 376 2091 perfugium
402 2052 563 2084 adversus
580 2062 695 2084 omnes
722 2062 888 2084 aerumnas

183 2111 258 2133 suas
273 2112 447 2143 quaerere3
473 2104 620 2135 maxime
635 2113 715 2135 vero
738 2113 799 2144 per
813 2113 888 2135 eam

181 2161 254 2183 sese
282 2153 324 2183 ab
355 2152 493 2184 infensis
521 2154 674 2194 tyrannis
701 2153 886 2185 vindicare.

180 2202 303 2243 Neque
333 2212 481 2243 unquam
510 2204 622 2241 aliter,
647 2203 711 2234 nisi
735 2203 810 2233 Deo
831 2203 887 2243 ju-

179 2251 297 2293 bente,
315 2253 490 2294 quisquam
514 2254 651 2290 sentiat,
679 2253 733 2284 cui
762 2253 884 2294 aliquis

178 2312 294 2334 sensus
309 2304 457 2343 virtutis,
474 2308 533 2334 aut
550 2313 640 2335 sanae
657 2304 778 2334 mentis
795 2303 884 2334 mica

181 2353 312 2394 reliqua
340 2352 456 2385 suerit.
517 2354 623 2386 Quasi
654 2363 734 2384 vero
763 2353 884 2385 alienae

179 2403 347 2443 superbiae
364 2408 466 2445 atque
493 2404 691 2435 crudelitati
708 2405 802 2445 quasi
819 2404 886 2435 vic-

182 2451 294 2484 timam
312 2459 370 2486 aut
387 2454 568 2485 ludibrium
586 2465 659 2486 sese
675 2455 764 2486 ultro
778 2464 886 2486 reser-

180 2505 323 2543 vaverit,
338 2505 392 2536 cui
418 2505 452 2535 in
469 2505 539 2536 fata
556 2516 616 2536 sua
632 2506 789 2537 licuerit?
817 2506 884 2537 Pu-

182 2551 328 2582 dendum
344 2554 458 2594 itaque
475 2555 553 2595 fuit,
578 2557 668 2587 inter
685 2556 776 2587 viros
800 2566 884 2597 prae-

182 2602 313 2640 sertim,
330 2603 385 2642 qui
404 2604 490 2633 viros
505 2614 578 2635 esse
596 2607 834 2646 gloriarentur,
851 2607 883 2637 in

182 2650 378 2691 deploratis,
393 2652 568 2683 mulierum
588 2664 692 2695 more,
709 2656 882 2698 conqueri.

181 2700 280 2732 Istud
293 2699 442 2731 dedecus
457 2705 495 2732 ut
507 2701 646 2742 effugiat
659 2705 764 2746 Naso,
776 2717 795 2737 a
805 2708 885 2747 Spe,

182 2751 258 2783 miti
284 2751 420 2793 quidem
448 2751 508 2783 sed
536 2754 772 2793 potentissima
798 2757 885 2798 Dea,

943 1851 1151 1891 prohibitum
1166 1859 1214 1891 se,
1231 1860 1273 1882 ne
1290 1850 1403 1892 gladio
1427 1850 1543 1882 finiret
1560 1851 1653 1883 dolo-

944 1910 1028 1940 rem,
1045 1901 1311 1941 ingeniosissime
1331 1905 1488 1932 testatur.

990 1951 1169 1991 Continuit]
1208 1952 1256 1983 Ut
1286 1952 1378 1991 hinc,
1418 1956 1453 1982 et
1491 1952 1644 1992 proxime

944 2003 1174 2043 praecedentis
1191 2003 1223 2033 vi
1250 2004 1354 2042 vocis,
1381 2003 1563 2043 intelligas,
1589 2013 1650 2036 sae-

945 2053 1020 2093 pius
1049 2052 1111 2083 sibi
1139 2053 1304 2084 violentas
1332 2062 1450 2084 manus
1477 2054 1651 2086 Nasonem

943 2103 1113 2134 intentare
1142 2103 1325 2144 cupivisse,
1350 2103 1413 2134 nisi
1438 2103 1523 2144 Spes
1548 2104 1652 2136 obsti-

942 2152 1051 2185 tisset.

983 2207 1024 2235 43
1048 2204 1227 2245 Lacrymz's]
1250 2204 1441 2245 Aptissima
1466 2205 1547 2245 Spei
1575 2214 1651 2236 ora-

941 2254 1001 2294 tio,
1018 2258 1054 2285 et
1071 2254 1216 2285 Nasonis
1240 2254 1389 2295 lepidum
1410 2259 1650 2287 commentum.

940 2304 1095 2346 Namque
1126 2304 1325 2336 stultissime
1356 2305 1414 2335 ille
1447 2305 1648 2344 sanguinem

940 2364 1035 2385 suum
1053 2353 1256 2395 profuderit,
1270 2355 1327 2396 qui
1346 2354 1501 2394 lacrymis
1519 2354 1647 2393 aliquid

940 2414 1063 2445 parare
1081 2404 1243 2445 potuerit.

981 2457 1023 2485 46
1063 2454 1143 2493 Dei]
1181 2453 1346 2494 Augusti:
1383 2461 1480 2492 quem
1509 2450 1645 2491 quidem

939 2506 1150 2547 iniquissimo
1182 2505 1293 2535 animo
1331 2503 1445 2540 toties,
1472 2502 1530 2542 qui
1561 2511 1646 2533 nun-

940 2565 1039 2596 quam
1059 2554 1191 2591 debuit,
1209 2552 1418 2583 sanctissimo
1435 2551 1569 2583 nomine
1587 2562 1645 2593 ap.

940 2606 1102 2646 pellatum
1121 2603 1232 2632 video.

982 2657 1023 2684 49
1047 2652 1158 2692 Inque]
1182 2651 1311 2681 Vitium
1337 2653 1390 2681 est
1417 2651 1644 2691 proculdubio

938 2704 1001 2735 hoc
1018 2703 1050 2733 in
1067 2703 1151 2733 loco.
1189 2701 1304 2733 Quare
1321 2710 1383 2741 pro
1398 2701 1499 2744 inque,
1511 2712 1642 2744 numque

938 2754 972 2785 in
989 2752 1286 2794 Interpretatione
1301 2753 1448 2794 reposui.
