1877 3193
518 161 672 192 Emsr.
706 160 773 191 Ex.
809 160 967 191 PON'ro
1002 161 1098 191 mn.
1131 160 1194 191 ιν.
1225 150 1267 190 9.
1504 152 1618 194 2721

165 253 252 296 Illa
272 255 392 308 quies
411 255 575 305 animo,
603 269 733 309 quam
754 259 801 296 tu
821 255 998 296 laudare
1020 254 1210 303 solebas,

224 321 306 362 Ille
326 326 452 363 vetus
474 322 604 363 solito
625 327 793 375 perstat
813 323 857 362 in
878 335 950 362 ore
971 322 1123 375 pudor.

166 388 242 430 Sic
263 403 344 442 ego
366 404 461 431 sum
480 392 623 444 longe,
641 391 704 431 sic
725 391 810 440 hic,
831 391 907 430 ubi
926 390 1138 429 barbarus
1156 388 1311 439 hostis,

224 457 286 498 Ut
305 458 397 500 sera
418 459 519 512 plus
541 459 717 499 valeant
737 458 906 509 legibus
928 469 1064 504 arma,
1086 456 1218 507 facit;

167 522 283 565 Rem
304 530 433 578 queat
451 530 499 566 ut
518 526 681 565 nullam
702 529 769 565 tot
782 524 894 577 jam,
917 522 1137 569 Graecine,
1159 536 1234 575 per
1255 537 1394 564 annos

225 591 427 632 Foemina
446 592 500 631 de
521 592 662 639 nobis,
686 592 820 639 virve,
843 602 1005 643 puerve
1029 589 1167 642 queri.

168 657 271 699 Hoc
289 659 407 708 facit,
430 664 476 699 ut
495 660 650 699 misero
670 659 847 700 faveant
867 658 1102 710 adsintque
1123 656 1312 698 Tomitae
1333 671 1343 708 ;

224 725 340 766 Haec
364 727 570 778 quoniam
591 727 721 766 tellus
743 725 1026 766 testificanda
1046 724 1152 764 mihi
1172 729 1254 764 est.

168 790 243 832 Illi
264 806 349 841 me,
372 793 477 847 quia
499 793 608 834 velle
629 793 794 842 vident,
817 791 1043 832 discedere
1065 791 1232 831 malunt
1250 804 1260 831 z

224 858 448 912 Respeotu
466 861 646 914 cupiunt
663 860 734 900 hic
757 864 900 900 tamen
921 873 1019 900 esse
1041 860 1125 900 sui.

167 923 266 966 Nec
288 927 390 967 mihi
413 926 676 968 credideris:
709 932 862 968 extant
883 927 1072 976 decreta,
1092 925 1250 978 quibus
1270 937 1351 966 nos

223 992 409 1044 Laudat,
430 999 471 1036 et
490 995 703 1035 immunes
726 994 907 1047 publica
929 1007 1028 1034 cera
1049 993 1168 1033 facit.

165 1058 439 1102 Conveniens
460 1062 633 1102 miseris
653 1062 752 1104 haec
775 1075 1027 1115 quanquam
1049 1060 1188 1113 gloria
1207 1072 1292 1100 non
1313 1063 1392 1108 esf,

221 1127 437 1169 Proxima
457 1129 562 1171 dant
581 1129 707 1170 nobis
729 1130 895 1183 oppida
913 1142 1066 1170 munus
1088 1127 1215 1168 idem.

1566 523 1622 565 95,

1539 862 1620 900 104)

164 1259 199 1286 tu
213 1266 407 1288 consueveras
418 1257 562 1297 probare,
588 1257 641 1288 illa
656 1259 837 1289 verecundia
862 1259 989 1298 antiqua
1001 1261 1160 1298 permanet
1177 1258 1207 1288 in
1224 1259 1310 1289 vultu
1324 1263 1454 1290 assueto.
1502 1260 1552 1290 Ita
1569 1271 1624 1299 ego

163 1307 230 1330 sum
247 1300 347 1338 longe,
362 1299 408 1330 itu
423 1300 483 1338 hic,
498 1299 650 1337 ubiferus
666 1300 762 1330 hostis
766 1300 863 1338 facit,
880 1304 913 1331 ut
924 1311 1011 1331 arma
1027 1301 1164 1330 crudelia
1178 1301 1248 1340 plus
1254 1301 1373 1340 possint
1389 1302 1518 1341 legibus,
1533 1303 1625 1333 Gree-

164 1342 243 1379 cine,
259 1345 291 1371 ul
308 1342 390 1372 nulla
399 1341 531 1379 foemina
548 1345 602 1373 aut
618 1343 764 1378 maritus,
785 1346 838 1373 aut
855 1353 930 1383 puer
944 1343 1036 1382 possit
1056 1343 1200 1382 conqueri
1223 1345 1260 1374 de
1276 1344 1361 1374 nobis
1375 1354 1408 1375 re
1429 1346 1491 1376 ulla
1505 1355 1562 1385 per
1578 1349 1624 1376 tot

154 1382 225 1421 jam
240 1393 345 1414 annos.
391 1384 480 1414 Istud
494 1393 595 1414 causa>
618 1387 676 1424 est,
701 1389 736 1416 ut
753 1385 881 1417 Tomitae
908 1386 980 1416 bene
1004 1386 1129 1425 cupiant
1154 1385 1247 1424 mihi,
1273 1389 1303 1416 et
1321 1387 1431 1424 jin-ent
1456 1388 1599 1418 miserum
1613 1399 1624 1424 ,·

163 1426 405 1466 quandoquidem
420 1426 484 1457 haec
499 1430 585 1458 terra
596 1430 642 1458 est
654 1428 730 1458 mihi
745 1428 778 1458 in
794 1431 902 1460 testem
918 1429 1063 1458 vocanda.
1110 1428 1165 1458 Illi
1180 1429 1297 1458 malunt
1314 1439 1361 1459 me
1375 1430 1446 1460 hinc
1458 1431 1625 1471 proficisci,

163 1468 235 1508 quia
251 1472 380 1499 cernunt
403 1479 450 1499 me
475 1479 597 1508 cupere,
623 1472 731 1500 vovent
757 1474 860 1501 tamen
882 1471 932 1500 hic
954 1479 1016 1500 esse
1040 1480 1095 1500 sua
1119 1479 1222 1500 causa.
1269 1471 1378 1510 Neque
1392 1471 1533 1502 habueris
1548 1473 1625 1503 mihi

153 1510 276 1551 fidem.-
296 1515 458 1551 supersimt
475 1513 599 1542 decreta
613 1510 721 1551 quibus
744 1512 856 1542 tabulae
871 1521 1040 1542 communes
1055 1521 1108 1542 nos
1130 1512 1264 1551 probant
1278 1516 1307 1542 et
1321 1517 1473 1552 proestunt
1489 1518 1626 1544 exemtus

163 1554 246 1584 omni
261 1563 359 1584 onere.
408 1553 542 1584 Tametsi
558 1554 623 1585 Itaec
643 1554 746 1593 gloria
760 1563 820 1584 non
836 1559 879 1585 est
896 1554 1077 1585 conveniens
1100 1554 1286 1594 infelicibuS,
1310 1556 1418 1586 vicina:
1440 1556 1529 1587 urbes
1542 1566 1625 1597 prce-

773 1625 1011 1637 eeeeeeeeeeee

163 1673 308 1701 ess.—91
335 1670 376 1701 In
393 1671 541 1710 vulgatis
557 1674 632 1702 erat
654 1671 738 1711 quies
759 1671 856 1701 animi
882 1674 948 1702 est:
970 1675 1004 1701 at
1033 1670 1129 1702 multi
1142 1670 1258 1702 delent
1282 1669 1320 1701 τὸ
1344 1676 1400 1710 est,
1423 1677 1457 1703 et
1482 1679 1553 1714 opt.
1579 1675 1622 1705 V.

164 1712 269 1743 habet
285 1713 398 1744 animo.
441 1714 524 1744 Tum
542 1714 607 1744 Ms.
630 1714 758 1744 Bersm.
786 1723 876 1753 quem
912 1716 1046 1744 tu.—-92
1069 1714 1156 1744 Tres
1181 1713 1256 1745 libri
1277 1718 1375 1745 restat
1405 1725 1466 1755 pro
1490 1720 1624 1756 perstat.

167 1757 255 1786 —93
279 1756 410 1786 Versus
447 1761 638 1796 suspectus.
671 1756 872 1787 Heins.-95
898 1756 1067 1788 Re...nuna
1090 1757 1255 1788 meliores.
1282 1757 1395 1788 Heius.
1441 1758 1514 1798 Ego
1542 1759 1624 1790 nihil

164 1802 279 1828 muto:
304 1807 380 1828 nam
398 1802 433 1828 et
449 1798 498 1829 ita
515 1799 644 1830 Noster
659 1808 736 1830 mox
753 1800 849 1838 Eleg.
867 1807 917 1829 Χι.
933 1801 965 1830 6.
988 1801 997 1816 ‘
1015 1799 1182 1831 Sensisses
1205 1800 1308 1837 ultra,
1326 1800 1416 1840 quod
1432 1810 1624 1842 quererere,

164 1840 245 1870 nihil
260 1839 280 1870 ι’
305 1845 341 1871 et
356 1841 455 1881 Eleg.
471 1850 549 1872 xw.
564 1844 617 1873 27.
640 1842 650 1859 ‘
668 1841 799 1881 Frigus,
813 1843 877 1873 Sec.
893 1851 1017 1881 queror
1029 1841 1051 1872 :⁹
1075 1847 1110 1873 et
1129 1842 1177 1873 ita
1192 1842 1338 1882 optimus
1355 1843 1494 1884 quisque
1511 1843 1623 1874 latini-

164 1883 246 1914 tatis
260 1888 392 1914 auctor.
438 1883 526 1915 vide
555 1883 598 1915 ad
626 1884 770 1916 Petron.
798 1894 874 1924 cap.
900 1887 952 1915 91.
998 1884 1062 1915 Res
1085 1886 1185 1915 nullas
1201 1885 1294 1916 ‚lunii
1323 1885 1442 1916 codex.
1466 1886 1623 1916 Bur-m.—

164 1928 204 1956 97
228 1925 324 1956 Leid.
339 1930 375 1956 et
391 1925 478 1956 editi
496 1926 648 1957 nonnulli
665 1925 745 1957 Haec
763 1927 945 1964 sacil.—--99
971 1927 1053 1962 Quia
1069 1927 1189 1958 Heius.
1206 1927 1303 1958 dedit
1328 1937 1370 1957 ex
1394 1928 1530 1968 scriptis
1560 1938 1621 1969 pro

164 1968 257 2007 vulg.
274 1969 337 2007 qui.
382 1968 479 1999 Idem
494 1969 598 1999 etiam
615 1969 720 2000 vellet
736 1970 851 2000 ἀίει-θα.
868 1969 1000 2005 malint‚·
1026 1975 1062 1999 et
1088 1970 1121 1999 in
1147 1979 1216 2010 seq.
1239 1980 1285 2000 VS.
1309 1970 1444 2009 cupiant.
1488 1971 1621 2002 Deinde

165 2009 256 2041 Mor.
282 2012 375 2042 Serv.
403 2016 439 2042 et
465 2021 516 2052 pr.
547 2012 611 2042 Ed.
638 2011 766 2043 habent
792 2021 850 2042 ess.
887 2014 1056 2042 sum—101
1092 2012 1211 2042 Heius.
1240 2012 1358 2043 mallet
1388 2014 1457 2043 Neu
1486 2014 1620 2044 milii.—

167 2054 227 2084 103
254 2052 374 2085 Heins.
397 2054 571 2095 rescripsit
586 2054 650 2084 haec
665 2064 742 2085 cum
759 2063 826 2085 uno
843 2053 885 2085 V.
903 2057 939 2084 et
961 2053 1134 2086 'rwisdem
1159 2054 1211 2085 vel
1227 2055 1312 2095 legit
1327 2065 1380 2086 ea.-
1403 2060 1503 2096 putat
1517 2057 1621 2088 etiam

814 2141 955 2174 NOTAE

163 2203 281 2234 simam
296 2208 428 2235 mutata
441 2209 504 2237 est.

206 2257 246 2284 91
274 2254 496 2295 Quiesanimo]
514 2255 618 2287 Bonae
635 2255 758 2287 mentis
775 2260 866 2287 tran·

163 2305 324 2346 quillitas,
353 2316 427 2347 quae
454 2306 490 2337 in
515 2307 643 2338 vultum
671 2312 707 2338 et
733 2316 866 2338 omnem

165 2356 333 2387 actionem
364 2355 580 2389 diffunditur.
625 2358 702 2391 Qua
727 2357 865 2399 quidem

165 2405 292 2438 virtute
311 2407 365 2438 vix
389 2407 480 2438 aliud
506 2409 611 2449 pluris
632 2407 751 2448 facias,
767 2410 866 2441 modo

167 2456 246 2488 satis
260 2457 340 2498 quid
364 2458 421 2490 ille
437 2458 581 2490 voluerit
606 2459 732 2501 quidve
754 2459 865 2493 dicam

166 2504 345 2548 intelligas.

209 2559 250 2588 92
275 2558 394 2598 Pudor]
433 2558 501 2592 Qui
522 2558 566 2591 de
584 2569 621 2592 se
644 2561 808 2601 modeste,
821 2561 863 2593 de

167 2607 242 2638 aliis
259 2605 346 2637 bene
359 2607 488 2638 sentire
500 2610 690 2650 quempiam
705 2611 844 2643 indicat.

210 2659 251 2687 93
288 2656 414 2697 Hostis]
469 2656 581 2697 Getae,
620 2658 764 2702 scilicet,
799 2671 864 2693 non

166 2706 347 2740 Tounitani.

254 2760 373 2802 Delph.
387 2763 416 2792 et
437 2759 511 2793 ναν.
526 2761 610 2794 Clas.

864 2764 960 2796 ovid.

961 2208 1003 2237 98
1027 2206 1108 2237 Haec
1122 2206 1279 2246 quoniam]
1317 2206 1420 2238 Quasi
1442 2206 1535 2237 dicat
1556 2215 1621 2237 non

919 2256 999 2287 satis
1023 2255 1163 2287 idoneos
1186 2265 1260 2287 esse
1290 2261 1396 2287 testes
1426 2256 1621 2287 'tomitanos

920 2307 977 2347 qui
994 2305 1036 2337 de
1053 2306 1266 2347 exquisitiori
1278 2316 1338 2337 sua
1351 2306 1621 2346 virtutejudica-

918 2360 1006 2388 rent.

964 2409 1025 2439 102
1060 2406 1228 2446 Immunes]
1268 2406 1322 2437 Ab
1352 2406 1442 2437 omni
1469 2405 1619 2437 civitatis

920 2467 1023 2489 onere
1039 2461 1074 2488 et
1090 2457 1226 2488 tributis
1239 2460 1392 2486 exemtos
1408 2454 1503 2485 facit.

965 2506 1060 2546 Cera]
1094 2508 1170 2538 Qua
1194 2506 1313 2536 tabula!
1338 2504 1379 2534 ad
1403 2504 1620 2536 scribendum

918 2556 1153 2593 illinebantur,
1183 2554 1238 2585 vel
1267 2555 1369 2585 etiam
1394 2554 1620 2596 Reipublicae‚

918 2607 1029 2649 sigilla
1045 2605 1321 2637 continebantur.

963 2660 1022 2689 103
1042 2656 1243 2696 Conveniens]
1272 2656 1433 2689 Miserum
1446 2655 1534 2687 enim
1549 2657 1619 2697 glo-

920 2708 1001 2740 riari
1019 2717 1084 2740 non
1100 2707 1214 2739 decet.

1458 2766 1476 2791 8
1500 2763 1531 2792 K
