1863 3193
624 141 866 173 'rms'rmM
901 140 997 170 [ΑΒ.
1031 140 1084 170 11.
1475 126 1587 168 ‘2271

133 240 271 282 Nulla
289 239 467 294 quidem
485 250 594 279 sano
617 238 790 289 gravior
809 235 1057 288 mentisque
1078 233 1245 287 potenti

193 308 338 349 Poena
357 311 437 355 est,
457 317 590 358 quam
612 309 734 344 tanto
758 303 1043 356 displicuisse
1064 301 1173 342 viro.
1507 297 1592 340 140

136 374 222 416 Sed
244 375 355 414 solet
373 372 582 412 interdum
606 371 697 411 fieri
722 370 939 423 placabile
961 381 1118 409 numen
1138 381 1147 408 ε

194 441 327 482 Nube
349 439 454 479 solet
474 438 608 491 pulsa
629 436 842 477 candidus
866 438 925 476 ire
948 435 1057 475 dies.

135 508 243 549 Vidi
265 519 344 559 ego
367 506 612 558 pampineis
633 507 855 545 oneratam
881 503 1046 543 vitibus
1068 501 1251 551 ulmum,

197 574 312 624 Quae
335 572 478 612 fuerat
499 584 622 611 saevo
643 571 824 611 fulmine
845 575 965 610 tacta
988 568 1135 609 Jovis.

139 641 245 696 Ipse
266 641 366 680 licet.
388 652 562 692 sperare
584 644 734 689 vetes3
767 637 1068 691 sperabimus:
1101 639 1234 689 atque
1510 633 1595 674 145

199 707 300 748 Hoc
322 720 456 746 unum
479 706 588 755 fieri,
612 711 654 746 te
678 705 948 758 prohibente,
971 706 1132 757 potest.

141 775 251 828 Spes
269 774 375 814 mihi
397 786 553 826 magna
575 774 706 822 subit,
731 786 831 814 cum
852 777 908 822 te,
930 771 1160 811 mitissime
1183 770 1396 822 Princeps
1415 782 1425 821 ;

196 840 308 894 Spes
330 841 450 889 mihi,
473 842 664 893 respicio
687 853 786 881 cum
808 853 906 880 mea
927 839 1033 888 fata,
1055 837 1191 879 cadit.

140 907 208 948 Ac
229 909 365 948 veluti
386 908 524 947 ventis
547 907 814 960 agitantibus
837 919 1018 958 aequora
1036 917 1122 944 non
1143 908 1210 945 est

199 974 405 1026 AEqualis
424 973 586 1021 rabies,
610 973 933 1024 continuusque
953 971 1098 1021 fur0r3
1517 966 1601 1008 150

143 1041 228 1082 Sed
249 1041 379 1081 modo
401 1039 642 1089 subsidunt,
664 1039 985 1091 intermissique
1006 1037 1228 1085 silescunt,

200 1107 395 1160 Vimque
414 1111 542 1159 putes
564 1107 664 1147 illos
687 1105 952 1158 deposuisse
973 1115 1097 1143 suam
1115 1115 1126 1151 ;

143 1174 217 1215 Sic
238 1174 411 1222 abeunt,
435 1173 704 1224 redeuntque
724 1173 823 1220 mei,
848 1171 1108 1221 variantque
1130 1169 1334 1210 timores:

200 1241 257 1281 Et
278 1252 405 1292 spem
428 1238 634 1290 placandi
656 1238 851 1290 dantque
871 1240 1120 1289 negantque
1140 1235 1222 1276 tui.

141 1359 222 1390 cium
236 1357 334 1396 majus
355 1357 478 1396 integro
494 1361 524 1388 et
548 1357 645 1388 animi
668 1358 811 1397 compoti,
838 1367 928 1397 quam
954 1355 1146 1396 displicuisse
1171 1358 1259 1385 tanto
1284 1354 1362 1385 viro.
1414 1354 1524 1384 Verum
1549 1364 1605 1385 nu-

141 1412 208 1432 men
236 1401 311 1432 solet
339 1410 553 1440 nonnunquam
579 1400 658 1441 fieri
681 1400 846 1440 placabile:
881 1401 947 1431 dies
975 1400 1050 1430 solet
1084 1400 1248 1438 procedere
1274 1407 1367 1436 mirus
1394 1396 1503 1427 nebula
1543 1397 1606 1427 dis-

138 1445 231 1484 jecta.
280 1444 347 1482 Ego
377 1442 440 1473 viai
466 1443 581 1473 ulmum
611 1452 749 1482 pressam
772 1443 890 1473 vitibus
918 1442 1103 1482 pampineis,
1138 1451 1205 1481 (111ae
1232 1440 1343 1478 fuerat
1377 1439 1443 1470 icta
1471 1438 1605 1476 fulmine

142 1486 220 1517 irati
255 1486 355 1516 Jovis.
403 1486 585 1524 Quanquam
615 1489 650 1515 tu
682 1485 842 1524 prohibeas
876 1495 1010 1524 sperare,
1043 1493 1127 1523 oeque
1160 1483 1360 1523 sperabimus
1407 1483 1478 1512 Hoc
1512 1491 1606 1512 unam

141 1531 241 1569 potest
258 1528 337 1568 fieri
362 1531 393 1558 te
419 1528 630 1558 interdicente.
678 1529 799 1566 Magna
825 1537 892 1567 spes
919 1527 995 1557 mihi
1018 1526 1143 1565 incidit,
1168 1526 1318 1564 Princeps
1346 1524 1509 1562 lenissime,
1538 1533 1608 1554 cum

143 1574 174 1601 te
210 1571 353 1607 intueor;
389 1580 456 1609 spes
491 1570 567 1600 mihi
606 1570 725 1600 incidit
759 1580 826 1600 cum
859 1571 993 1600 intueor
1021 1578 1118 1599 meam
1152 1571 1275 1598 sortem.
1333 1567 1377 1596 Et
1407 1568 1487 1596 sicut
1516 1565 1608 1596 soevi-

146 1614 191 1643 tia
233 1623 293 1643 non
329 1616 374 1643 est
415 1612 554 1652 oeqaalis,
594 1622 688 1652 neque
730 1612 862 1651 impetus
902 1612 1066 1642 continuus
1104 1610 1205 1640 ventis
1246 1608 1442 1640 turbantibus
1483 1607 1609 1643 nutrici,-

145 1656 196 1685 sed
225 1656 381 1685 interdum
408 1658 641 1694 componuntur,
665 1658 694 1684 et
719 1664 775 1693 per
798 1655 876 1685 vices
899 1655 1070 1694 quiescant,
1094 1657 1123 1683 el
1146 1653 1252 1682 credas
1287 1652 1355 1681 illos
1377 1650 1514 1680 omisisse
1543 1649 1607 1680 rim

146 1707 253 1733 suam,·
276 1697 323 1727 ita
350 1697 408 1728 mei
430 1707 558 1737 pavores
584 1697 745 1727 discedunt
767 1700 797 1727 et
822 1699 998 1736 recurrunt,
1024 1699 1116 1735 alque
1133 1695 1305 1735 fluctuant,
1328 1697 1360 1724 et
1384 1702 1468 1733 spem
1478 1691 1608 1730 faciunt

762 1781 994 1792 eeeeeeeeeeee

150 1842 283 1875 Deinde
310 1842 457 1884 quinque
482 1848 552 1874 sunt
569 1846 643 1876 data
659 1845 741 1876 verb.
774 1854 833 1875 sex
857 1848 923 1876 tua.
968 1843 1036 1876 Sed
1061 1843 1165 1875 {Non
1192 1842 1289 1882 capio
1315 1841 1387 1872 haec
1411 1840 1528 1877 verba,
1544 1848 1609 1869 nec

151 1886 286 1917 Heinsii
316 1886 580 1916 correctionem:
616 1897 691 1916 nam
719 1888 810 1917 verba
836 1888 910 1917 dare
935 1891 989 1917 est
1015 1885 1150 1924 fallere,
1166 1885 1340 1924 decipere,
1366 1883 1450 1913 utin
1468 1882 1550 1912 locis
1567 1881 1609 1911 al)

151 1928 296 1960 Heinsio
314 1927 486 1965 adductis,
503 1933 537 1957 et
557 1928 670 1958 multis
688 1929 770 1958 aliis.
817 1929 908 1960 Quid
937 1938 1017 1967 ergo
1043 1932 1106 1965 est,
1129 1937 1227 1967 pauca
1248 1926 1340 1956 verba
1355 1925 1497 1962 fortunae
1510 1920 1610 1954 clare?

152 1971 327 2011 Crispinus
355 1970 508 2009 exponit,
528 1971 673 2008 ‘paucae
703 1979 802 2000 voces
832 1975 910 1999 suut
940 1971 1123 2007 assignatae
1151 1969 1234 1999 sorti
1262 1967 1370 2004 πυκνί
1399 1976 1475 2006 qua:
1506 1965 1612 1996 verba.

153 2015 224 2054 ipse
253 2013 356 2044 credo
384 2022 449 2042 non
474 2012 700 2051 intelligebat,
728 2022 804 2042 cum
834 2011 1024 2041 scriberet:
1060 2019 1170 2050 neque
1198 2010 1286 2039 euim
1304 2009 1424 2039 Latina
1441 2012 1610 2046 sunt,nec

152 2055 233 2096 quid
250 2055 356 2086 velint
375 2055 494 2095 aliquis
511 2054 610 2084 facile
635 2054 779 2085 diceret.
827 2054 927 2083 Forte
953 2053 1141 2091 scripse-rit,
1166 2053 1246 2082 Pars
1261 2062 1374 2091 quoque
1383 2050 1524 2088 fortunoe
1539 2052 1611 2080 sunt

153 2102 208 2129 tua
223 2097 314 2128 verba
331 2107 423 2127 mese:
449 2097 541 2127 mitia
558 2097 615 2127 illa
638 2096 754 2133 verba,
776 2102 811 2126 et
828 2095 997 2126 sententia
1015 2095 1131 2132 lenior,
1147 2104 1213 2133 qua
1238 2104 1289 2123 me
1308 2103 1370 2123 non
1389 2094 1534 2130 exulem,
1551 2092 1611 2122 sed

154 2141 343 2179 relegatum
373 2139 501 2176 dixisti,
528 2149 606 2178 pars
634 2144 710 2169 sunt
738 2137 915 2169 felicitatis
945 2137 979 2167 in
1007 2138 1069 2167 hoc
1090 2136 1176 2166 tristi
1203 2145 1277 2165 meo
1300 2134 1393 2165 sato:
1421 2144 1613 2174 quanquam

155 2182 301 2213 nondum
317 2181 397 2211 mihi
425 2182 457 2211 in
485 2182 638 2211 hocloco
661 2180 848 2211 satisfacio.
877 2180 1094 2210 Burm.-—l39
1117 2179 1173 2209 Sic
1201 2187 1241 2207 ex
1272 2178 1336 2208 Ms.
1364 2187 1452 2207 corr.
1483 2178 1611 2207 Ber-sm.

154 2225 232 2255 olim
250 2223 417 2255 edebatur
431 2233 514 2254 sance
527 2233 616 2262 graus.
634 2223 760 2263 mentia.
774 2223 904 2262 potenti.
930 2223 1012 2253 Lov.
1033 2221 1132 2260 samoe
1150 2230 1209 2261 pro
1226 2222 1426 2250 sanan—140
1455 2218 1612 2249 Barthius

154 2266 298 2298 Advers.
316 2275 356 2297 1¹.
372 2270 404 2297 5.
421 2275 463 2296 ex
481 2265 547 2296 suis
562 2265 655 2296 libris
674 2266 805 2306 profert
822 2265 920 2295 Poena
942 2265 984 2295 sit
1010 2274 1045 2294 ac
1061 2265 1250 2294 tanl.—l4·2
1274 2263 1368 2293 Unus
1388 2262 1506 2292 Heius.
1533 2263 1613 2301 puls.

154 2310 268 2340 clarior
280 2310 426 2340 ire—144
452 2309 707 2347 CastigatiorcS,
724 2313 810 2338 teste
829 2307 946 2338 Heius.
964 2306 1186 2337 mvi....10ris.-
1210 2306 1324 2335 Burni.
1343 2314 1421 2334 vero
1440 2305 1612 2343 vulgatam

155 2352 364 2382 retinendam
384 2356 491 2391 putat.
519 2351 612 2382 Leid.
634 2352 737 2381 etiam
764 2353 845 2380 secta
863 2359 921 2389 pro
947 2352 1147 2380 tacta—1:15
1177 2349 1278 2385 Lege,
1296 2347 1496 2386 Spernbz'mas
1508 2356 1613 2385 aeque.-

157 2394 370 2425 nihilominus
388 2394 597 2433 sperabimus
613 2405 618 2423 :
639 2399 763 2433 praeter
780 2402 905 2423 morem
924 2391 1037 2423 Ovidii
1053 2392 1083 2422 iu
1103 2390 1220 2421 ultimo
1240 2400 1333 2420 versu
1353 2400 1435 2419 nova
1454 2388 1613 2428 periodus

159 2435 289 2477 incipit.
335 2437 457 2467 Posset
473 2437 575 2467 etiam
605 2436 683 2475 legi,
709 2435 898 2476 sperabimus
924 2444 1035 2475 usque:
1062 2435 1118 2464 τοῦ
1134 2443 1169 2464 us
1185 2433 1299 2463 ultima
1316 2432 1444 2471 syllaba
1463 2432 1493 2461 iu
1510 2439 1613 2469 spera-

159 2477 256 2509 bimus
272 2479 426 2510 iteranda
443 2478 507 2509 fuit
524 2489 542 2509 a
560 2478 711 2516 librario,
727 2488 823 2518 quam
848 2477 975 2507 solenni
994 2486 1109 2508 errore
1127 2476 1249 2506 omisit.
1275 2475 1385 2505 Heius.
1436 2474 1495 2502 Be.
1511 2481 1614 2511 spera·

161 2519 271 2559 bimus,
284 2522 502 2560 inquit—147
529 2522 679 2561 Princeps
699 2521 813 2551 Heius.
833 2521 980 2559 reposuit
1006 2529 1046 2549 ex
1075 2519 1268 2548 melioribus
1291 2526 1350 2555 pro
1381 2516 1465 2548 vulg.
1496 2516 1614 2546 Coesar.

162 2564 268 2592 —148
290 2563 368 2594 Jun.
396 2569 429 2594 et
458 2565 556 2594 Voce.
575 2564 674 2602 sata,-
711 2563 765 2594 alii
786 2563 997 2600 factm-149
1022 2562 1114 2592 Editi
1144 2560 1279 2599 quidam
1313 2559 1353 2587 l-Jt
1382 2557 1485 2587 relati.
1523 2556 1612 2587 Tum

164 2602 258 2634 Leid.
283 2613 342 2634 non
366 2611 410 2636 est
439 2616 468 2637 ιι.
493 2607 566 2637 aera
591 2606 702 2637 ventis.
751 2605 852 2636 Multi
884 2605 986 2635 etiam
1011 2603 1129 2642 scripti
1160 2602 1293 2632 aiJra.——
1311 2603 1365 2630 151
1406 2601 1499 2629 huus
1527 2599 1613 2630 liber

163 2645 365 2685 intermiwiq.
377 2648 543 2687 liquescunt
559 2659 570 2685 ;
593 2649 681 2679 unde
699 2648 818 2679 Heius.
836 2647 912 2678 olim
930 2647 1020 2686 conj.
1037 2647 1205 2685 quiescunt,
1222 2648 1258 2674 ut
1274 2648 1327 2673 est
1349 2643 1382 2672 in
1400 2642 1464 2673 Ms.
1482 2643 1612 2674 Bersm.

164 2687 224 2720 sed
242 2687 358 2719 Burin.
376 2693 474 2728 putat
489 2691 535 2721 nil
551 2701 636 2731 opus
659 2693 850 2723 esse—153
874 2690 943 2721 Mei
966 2699 1008 2720 ex
1025 2693 1109 2720 vett.
1127 2686 1258 2719 Ciofan.
1276 2685 1429 2727 profert;
1452 2684 1508 2716 alii
1526 2684 1612 2716 ηιὶΙιί,
