1863 3193
614 182 857 213 Tuis'rmM
892 182 989 212 [ΑΒ.
1022 181 1097 212 111.
1128 171 1170 212 4.
1505 169 1619 212 2:333

167 279 278 320 Ante
301 277 512 319 volebatis
529 289 539 327 ;
571 276 766 329 gratique
787 281 882 317 erat
902 276 1036 317 instar
1055 274 1249 325 honoris,

221 345 436 387 Versibus
459 345 500 384 in
522 344 686 384 nostris
707 345 886 384 nomina
907 348 1052 384 vestra
1071 343 1174 396 legi.

165 411 298 463 Quod
320 411 525 467 quoniam
547 415 615 450 est
636 423 815 464 anceps,
838 413 953 452 intra
972 424 1069 451 mea
1089 414 1270 464 pectora
1289 419 1506 462 quemque

221 480 460 533 Alloquar:
490 482 533 518 et
552 478 657 518 nulli
679 491 817 519 causa
835 478 1003 519 timoris
1023 489 1113 517 er0.
1566 475 1619 514 70

167 546 264 588 Nec
286 560 406 586 meus
428 545 594 586 indicio
612 545 836 586 latitantes
858 557 1010 585 versus
1030 543 1199 583 amicos

223 614 464 655 Protrahet.
511 612 695 654 Occulte
715 613 753 653 si
776 613 874 665 quis
896 611 1074 661 amavit,
1096 614 1224 652 amet.

165 682 301 735 [Scite
318 686 480 729 tamen,
503 680 706 733 quamvis
724 681 858 733 longa
876 679 1048 731 regione
1067 682 1265 718 remotus

222 748 397 797 Absim,
419 760 498 788 vos
520 748 665 788 animo
686 760 855 802 semper
875 746 1030 786 adesse
1050 744 1184 796 meo.]

166 813 236 865 Et,
257 827 388 867 quam
411 814 598 867 quisque
620 816 781 867 potest,
804 813 955 865 aliqua
974 811 1096 852 mala
1115 815 1264 853 nostra
1282 812 1424 855 levate
1442 827 1452 854 ε
1567 815 1623 855 75

223 882 380 923 Fidam
402 881 599 935 projecto
622 893 730 920 neve
750 884 906 932 negate
928 892 1117 921 manum.

165 949 389 1002 Prospera
407 948 471 989 sic
492 947 621 987 vobis
642 951 818 987 maneat
841 946 1058 987 Fortuna:
1089 959 1170 987 nec
1191 959 1386 1001 unquam

224 1016 427 1057 Contacti
447 1014 579 1054 simili
601 1018 715 1054 sorte
736 1014 896 1066 rogetis
916 1026 1060 1067 opem.

166 1144 231 1176 bus.
276 1144 374 1175 Prius
387 1145 579 1185 cupiebatis;
601 1149 692 1185 atque
714 1149 781 1176 erat
806 1145 907 1176 decori
934 1148 1036 1175 vestra
1059 1143 1184 1174 nomina
1207 1142 1271 1181 legi
1295 1143 1330 1174 in
1356 1147 1460 1175 nostro
1475 1146 1622 1177 carmine.

168 1188 258 1221 Quod
273 1189 516 1227 quandoquidem
541 1191 585 1218 est
607 1188 744 1225 dubium,
768 1187 949 1226 compellabo
973 1187 1109 1225 singulos
1134 1186 1218 1216 intra
1243 1195 1297 1215 cor
1319 1196 1439 1224 meum;
1462 1198 1558 1227 neque
1573 1198 1624 1219 ero

166 1230 304 1268 cuiquam
320 1240 410 1260 cerusa
424 1232 532 1260 metus.
578 1230 684 1268 Neque
697 1238 819 1259 carmen
831 1238 928 1259 meum
942 1229 1050 1267 prodet
1067 1228 1181 1258 indicio
1192 1228 1305 1258 amicos
1320 1230 1458 1260 latentes.
1503 1229 1540 1260 Si
1555 1231 1625 1270 quis

167 1272 244 1302 clam
258 1272 382 1309 ditexit,
409 1271 533 1309 diligat.
580 1271 755 1309 Intelligz‘te
780 1273 894 1310 tamen,
921 1280 972 1301 tos
997 1281 1116 1311 semper
1138 1275 1305 1310 praesentes
1330 1281 1393 1302 esse
1418 1271 1521 1303 animo
1547 1282 1625 1311 meo,

165 1314 287 1344 tametsi
303 1313 400 1343 absim
415 1313 545 1344 dissitus
561 1313 658 1343 vastis
680 1313 866 1351 regionibus.
917 1314 961 1343 Et
975 1317 1120 1353 quantum
1136 1313 1268 1352 singulis
1291 1314 1362 1344 licet
1377 1314 1508 1345 minuite
1522 1315 1624 1355 aliqua

165 1359 270 1385 nostra
293 1356 394 1390 ιηαία,·
416 1365 491 1386 neve
514 1359 651 1386 recusate
666 1359 781 1386 certam
796 1366 920 1386 manum
934 1357 1060 1397 afflicto.
1105 1355 1160 1386 Sic
1177 1355 1312 1393 fortuna
1324 1360 1441 1396 perstet
1456 1357 1540 1388 vobis
1553 1367 1624 1397 pro-

164 1397 265 1437 pitiffi
288 1407 382 1438 neque
397 1407 531 1438 unquam
542 1399 660 1439 petatis
676 1399 828 1429 auxilium
845 1399 945 1440 afflati
960 1399 1056 1429 simili
1071 1398 1256 1437 infortunio.

776 1493 1012 1504 eeeeeeeeeee

167 1568 221 1589 rue
247 1562 346 1589 caute
375 1563 411 1589 et
439 1558 626 1598 prudenter
652 1557 849 1597 officiosum,
876 1568 919 1589 ne
949 1567 1089 1589 noceam
1116 1557 1226 1590 officio
1250 1568 1337 1590 meo.
1383 1559 1436 1589 Ita
1456 1558 1625 1591 Ammian.

169 1601 323 1632 Marcell.
342 1610 429 1631 xvu.
447 1604 478 1631 2.
503 1602 512 1617 ‘
530 1602 606 1633 Quo
624 1610 685 1630 nec
716 1600 851 1638 fortior,
877 1610 939 1631 nec
968 1601 1101 1632 cautior
1117 1601 1293 1642 quisquam
1312 1601 1431 1642 patriae
1448 1600 1513 1632 fuit
1527 1601 1546 1633 ι’
1570 1602 1626 1633 ubi

169 1643 395 1682 Lindenborg.
427 1647 523 1673 notat
551 1643 630 1673 alibi
663 1643 789 1673 dixisse
821 1643 1058 1674 Marcellinum
1097 1644 1290 1674 ‘cautiores
1328 1643 1401 1674 sui!
1437 1645 1626 1684 compressit

170 1686 271 1715 etiam
290 1694 383 1714 unus.
410 1685 608 1715 Barim—67
635 1686 696 1715 Be.
723 1689 909 1726 gratumque
926 1696 951 1716 e.
976 1685 1000 1715 i.
1016 1686 1138 1717 amoris.
1184 1687 1325 1717 Plurimi
1350 1686 1452 1717 etiam
1470 1687 1525 1716 alii
1549 1697 1624 1717 cum

170 1727 314 1765 vulgatis
329 1727 441 1756 artioris
458 1727 619 1757 exhibent
635 1739 642 1765 ;
666 1728 789 1759 honoris
804 1728 921 1759 Heius.
939 1729 1071 1768 recepit
1087 1738 1129 1758 ex
1147 1738 1214 1759 uno
1230 1730 1370 1760 V.—71.
1386 1731 1427 1759 72
1453 1730 1530 1759 Duo
1550 1729 1626 1760 libri

170 1770 220 1800 ,Ve
232 1778 293 1809 pro
311 1770 377 1799 Nec
391 1779 400 1802 ,·
412 1774 447 1799 et
465 1780 541 1799 mox
555 1770 746 1800 Protrahat:
770 1772 832 1802 Be.
848 1771 949 1801 etiam
969 1771 1160 1801 Protrahac:
1186 1771 1322 1811 plurimi
1340 1772 1517 1802 Protrahit.
1541 1772 1625 1802 Mox

170 1821 255 1842 unus
271 1811 355 1841 liber
370 1812 460 1850 sicut,
488 1818 522 1842 et
541 1812 637 1843 Leid.
661 1813 758 1852 siquis
783 1813 1005 1844 ‹ummah—73
1032 1814 1143 1844 Etiam
1160 1814 1222 1844 hoc
1239 1813 1408 1844 distichon
1434 1814 1627 1853 importune

171 1854 224 1884 hic
251 1853 387 1883 videtur
413 1854 629 1885 inculcatum.
656 1855 857 1887 Heins.-—74
881 1856 958 1886 Duo
986 1855 1066 1886 libri
1093 1866 1186 1896 semp.
1213 1857 1310 1886 inesse
1335 1859 1497 1886 mea—75
1524 1857 1627 1890 Quam

171 1895 292 1927 Heius.
310 1895 407 1925 dedit
430 1905 470 1925 cx
490 1896 659 1936 plerisque
676 1901 760 1927 vett.
786 1907 848 1936 pro
875 1899 963 1936 vulg.
989 1907 1068 1936 qua.-
1093 1899 1101 1915 ‘
1116 1908 1183 1937 qua
1209 1897 1334 1938 potest'
1364 1898 1435 1927 scil.
1452 1903 1626 1937 quantum.

170 1937 307 1969 Deinde
324 1947 385 1977 pro
403 1947 468 1975 oro,
485 1938 572 1977 quod
592 1938 624 1967 in
649 1938 847 1978 quibusdam
866 1940 965 1969 editis
982 1944 1091 1977 extat,
1117 1940 1201 1978 Opt.
1225 1941 1267 1970 V.
1295 1949 1368 1969 cum
1394 1940 1459 1969 alio
1475 1939 1627 1978 ejusdem

171 1980 395 2011 Bibliothecae
425 1985 459 2010 et
490 1981 553 2010 Ro.
570 1981 695 2019 aliqua,·
719 1990 825 2021 neque
854 1981 952 2010 aliter
977 1985 1048 2019 opt.
1080 1981 1208 2011 P.—78
1233 1981 1329 2011 Leid.
1357 1980 1532 2018 sim.forte
1560 1990 1627 2020 rog.

172 2023 260 2053 Tum
276 2032 361 2063 opem
376 2032 418 2053 ex
436 2022 556 2053 Comb.
576 2022 763 2063 Hamburg.
793 2028 829 2053 ct
855 2023 927 2053 aliis
955 2023 1123 2053 nonnullis
1150 2024 1265 2063 placet
1292 2023 1410 2054 Heius.
1438 2032 1509 2063 prae
1537 2024 1627 2064 vulg.

172 2066 264 2095 idem.

831 2148 970 2180 NOTAE

173 2229 360 2257 currerent.
927 2224 1135 2255 inculcatum
1163 2224 1224 2255 hoc
1251 2223 1416 2255 distichon
1445 2223 1629 2256 arbitratus

214 2279 256 2307 69
280 2274 414 2315 Auceps]
436 2275 501 2305 Seu
527 2274 709 2305 amicorum
727 2274 872 2305 Nasonis
928 2279 979 2305 est
996 2275 1124 2305 clariss.
1143 2274 1315 2304 Heinsius.

174 2325 377 2356 desiderium
400 2329 551 2363 spectes,
575 2334 633 2353 seu
661 2323 702 2354 ad
727 2323 872 2363 Augusti
970 2328 1012 2355 76
1039 2324 1192 2363 Ριηὶεεεο]
1224 2324 1392 2364 Neglecto
1416 2327 1520 2365 atque
1548 2334 1629 2356 con-

175 2375 319 2406 animum
337 2373 478 2405 referas.
930 2379 1049 2405 ternio.

215 2427 257 2454 72
284 2423 465 2462 Protruhet]
494 2425 560 2454 Per
587 2423 653 2453 vim
683 2424 715 2453 in
742 2423 874 2463 pericu·
970 2428 1012 2455 78
1038 2425 1196 2465 Contacti]
1219 2424 1267 2454 Ut
1292 2425 1419 2463 exules,
1442 2429 1477 2454 et
1492 2424 1630 2454 calami-

176 2474 243 2504 lum
259 2474 416 2505 adducet.
456 2474 575 2514 Neque
602 2473 694 2504 istud
720 2473 792 2504 sine
815 2473 873 2503 ali·
927 2476 1054 2506 tatibus
1070 2475 1176 2505 omnis
1204 2474 1337 2513 generis
1359 2472 1491 2510 afflicti,
1506 2473 1630 2504 amico-

178 2532 243 2563 qua
258 2523 290 2553 iu
307 2526 476 2555 Caesarem
490 2523 617 2554 invidia
632 2524 799 2563 prolatum
812 2527 873 2554 est.
929 2535 1002 2557 rum
1018 2535 1116 2566 opem
1133 2525 1314 2565 implorare
1329 2522 1507 2563 cogamini.

220 2574 261 2602 78
285 2573 383 2612 Scite]
417 2575 493 2605 Non
528 2574 585 2605 abs
615 2584 651 2606 re
681 2574 875 2615 importune
