1863 3193
568 135 810 167 'rmsrium
846 135 944 166 mu.
975 136 1008 167 ι.
1038 124 1082 166 8.
1440 125 1555 170 2239

99 235 221 278 Orba
238 237 418 289 parente
438 245 520 274 suo
538 231 807 286 quicumque
827 231 1054 272 volumina
1074 229 1242 284 tangis3
1498 233 1557 275 35

158 303 247 344 His
265 303 418 344 saltem
440 306 584 342 vestra
602 300 724 340 detur
743 300 790 339 in
809 298 931 340 Urbe
952 299 1092 340 locus.

103 369 291 424 Quoque
310 368 447 421 magis
465 367 634 416 faveas,
653 380 742 408 non
763 371 865 407 sunt
882 367 977 408 haec
1000 367 1118 407 edita
1140 367 1195 406 ab
1218 366 1332 419 ipso,

159 437 248 479 Sed
266 436 391 489 quasi
413 435 466 475 de
488 435 656 476 domini
676 434 824 476 funere
845 438 971 488 rapta
991 435 1073 475 sui.

104 502 327 557 Quicquid
347 502 390 542 in
409 502 478 542 his
501 503 624 555 igitur
645 502 744 543 vitii
764 501 872 543 rude
894 514 1068 542 carmen
1087 500 1284 550 habebit,

168 568 493 619 Emendaturus,
515 569 553 609 si
570 568 789 619 licuisset,
809 582 943 610 eram.
1504 570 1562 612 40

103 697 168 738 quis
181 697 285 737 tangis
299 695 415 729 libellos
429 697 594 727 destitutos
608 706 660 728 suo
673 700 776 737 patre,
802 699 987 729 concedatur
1001 697 1113 728 saltem
1128 697 1176 728 his
1191 697 1277 727 sedes
1291 697 1326 727 in
1345 700 1450 728 vestra
1467 696 1562 729 Urbe.

104 742 148 771 Et
163 750 220 780 quo
234 740 335 779 magis
341 738 464 778 faveas,
490 739 523 769 hi
537 750 597 770 non
611 743 683 770 sunt
708 741 786 771 editi
800 740 838 771 ab
853 741 932 781 ipso,
958 742 1012 771 sed
1036 740 1123 780 quasi
1149 740 1263 771 sublati
1288 749 1328 771 ex
1343 749 1418 780 rogo
1433 740 1561 771 domini.

102 782 530 856 ᾗῖῗςιιιιίιῑῇἔῖῗὲπεῗὶηοεεεωη
536 782 666 824 suisset,
691 793 775 814 eram
789 787 984 815 correcturus
1004 783 1148 824 quicquid
1164 782 1197 814 in
1212 783 1262 814 leis
1276 791 1381 814 versus
1395 792 1454 814 non
1470 791 1563 823 expo·

721 909 955 920 mm

107 958 208 990 cutio.
251 958 332 990 Vid.
349 958 391 990 ad
408 959 539 990 Nucem
559 969 606 990 vs.
625 961 699 990 139.
723 959 922 990 Barim—35
948 958 1052 989 Multi
1079 957 1199 998 scripti
1218 962 1253 989 et
1267 958 1329 989 Ed.
1346 959 1478 990 Bersm.
1505 958 1563 989 vol.

104 1001 299 1032 cernis.-—36
322 1002 396 1033 Pal.
412 1003 525 1033 dextra
542 1011 602 1042 pro
626 1004 827 1033 vestrm—38
850 1001 919 1032 Pro
935 1001 1049 1040 faveas
1078 1005 1269 1041 agnoscunt
1285 1000 1397 1038 foveas
1419 1005 1564 1041 quatuor

106 1044 193 1074 libri.
239 1044 374 1075 Deinde
398 1044 453 1075 alii
476 1044 628 1076 scribunt
643 1055 703 1075 non
727 1044 792 1074 hsce
816 1047 902 1075 sunt.
947 1045 1031 1074 Mox
1047 1045 1112 1081 ipso
1129 1051 1171 1073 ex
1199 1042 1395 1073 melioribus
1412 1044 1565 1082 reposuit

109 1085 224 1118 Heius.
240 1095 299 1127 pro
316 1087 404 1127 vulg.
421 1087 571 1118 illm-40
593 1087 724 1127 Scripti
745 1085 910 1126 potiores,
926 1090 1016 1117 teste
1035 1085 1153 1116 Heius.
1170 1094 1272 1116 eram:
1296 1085 1387 1126 vulg.
1406 1088 1504 1116 erant.

574 1491 899 1541 ELEGIA
954 1493 1099 1541 VIII.

663 1665 1024 1698 ARGUMENTUM.

118 1765 309 1795 Quuawun
321 1763 433 1795 Po'eta
449 1773 693 1805 eum‚quocum
710 1764 767 1795 diu
783 1763 999 1795 familiariter
1014 1764 1161 1803 vixerat,
1173 1761 1286 1794 subita
1301 1761 1411 1803 poetae
1425 1765 1574 1793 conster-

161 1807 297 1846 uatio'ne
315 1820 350 1845 et
362 1817 455 1846 exilii
472 1817 567 1847 ruina
581 1816 684 1848 fidem
700 1822 863 1849 mutasse.
887 1818 972 1849 Mox
989 1823 1103 1848 tamen
1119 1816 1201 1848 illud
1216 1816 1388 1856 admonet,
1401 1819 1437 1846 ut
1458 1816 1490 1846 in
1505 1813 1572 1846 fide

161 1873 371 1908 permaneat,
388 1877 453 1909 quo
469 1869 542 1909 ejus
559 1869 705 1902 officium
722 1871 861 1903 laudare
879 1876 993 1913 queat.

120 1985 183 2041 IN
210 2003 345 2054 caput
365 1999 455 2040 alta
477 2012 600 2040 suum
620 1999 816 2039 labentur
837 2000 893 2040 ab
915 2012 1091 2053 aequore
1111 2003 1223 2040 retro

179 2068 408 2109 Flumina:
441 2065 667 2107 conversis
688 2065 854 2119 Solque
872 2067 1063 2105 recurret
1081 2065 1223 2117 equis.

163 2185 279 2225 Magni
294 2185 393 2226 fluvii
409 2188 491 2216 retro
508 2183 688 2223 ferentura
714 2185 794 2216 mari
818 2184 852 2215 in
875 2193 945 2215 suos
961 2182 1088 2221 fontes;
1111 2186 1141 2214 et
1156 2182 1210 2214 Sol
1233 2186 1387 2223 recurret,
1413 2182 1496 2223 equis
1510 2192 1580 2213 con-

732 2273 770 2285 Ν
773 2272 969 2284 OOOOOOOOOO

168 2331 184 2362 1
209 2328 373 2361 Francius
389 2329 550 2369 malebat,
572 2332 665 2361 acta:
685 2328 745 2361 sed
763 2333 860 2360 recte
876 2328 954 2368 alta,
969 2337 1057 2370 quae,
1083 2327 1244 2369 rapidiori
1270 2337 1368 2359 cursu
1397 2330 1433 2359 et
1457 2326 1579 2368 maj0ri

785 2423 925 2455 NOTAE

168 2501 185 2529 1
211 2498 329 2540 Caput]
372 2499 497 2530 Fontes
526 2502 563 2530 et
592 2499 826 2539 scaturigines.
882 2498 1062 2530 artificium
1079 2498 1142 2530 hoc
1159 2502 1210 2529 est
1227 2496 1372 2529 Nasonis
1389 2495 1582 2535 maximum,

129 2548 180 2579 Ex
195 2558 235 2580 eo
251 2542 340 2591 quod
356 2550 483 2582 amicus
499 2550 636 2592 quidam
656 2550 759 2582 fidem
775 2560 827 2582 er·
880 2548 971 2590 quod
1002 2548 1186 2589 arguendo,
1223 2547 1403 2578 maximam
1434 2549 1582 2577 testatur

129 2605 173 2638 ga
194 2597 335 2631 Poetam
349 2605 502 2641 tempore
518 2600 661 2633 adverso
674 2606 826 2632 mutave·
882 2610 956 2632 sese
979 2601 1012 2631 in
1029 2610 1070 2631 eo
1086 2600 1195 2631 amico
1216 2599 1399 2629 collocasse
1411 2597 1583 2637 fiduciam,

129 2652 195 2687 rat,
210 2649 319 2690 omnia
333 2651 435 2682 etiam
460 2649 596 2682 ἀδύνατα
622 2656 658 2682 et
684 2650 829 2683 incredi·
881 2655 919 2682 ut
936 2651 998 2682 hac
1015 2649 1113 2681 laude
1130 2649 1173 2681 ad
1186 2648 1331 2682 officium
1344 2648 1549 2681 retrahatur.

128 2699 211 2731 bilia
222 2700 357 2731 evenire
371 2710 470 2743 posue
485 2701 674 2735 contendit.
712 2702 831 2744 Atque
