1877 3193
538 188 693 220 ENST.
729 189 794 219 Ex
829 189 989 220 ΡοΝΤο
1023 190 1119 221 mn,
1152 190 1185 220 1.
1210 178 1250 220 8.
1507 178 1620 221 2549

165 283 268 337 Ipse
286 296 380 337 ego,
400 296 453 325 ne
474 285 617 326 solitis
637 285 842 327 insistant
861 290 1042 340 pectora
1058 287 1188 337 curis,

224 350 395 392 Ducam
415 353 628 394 ruricolas
650 355 732 395 sub
749 354 856 407 juga
872 355 1022 407 panda
1041 355 1193 396 boves.

164 418 221 460 Et
242 417 409 460 discam
425 419 575 460 Getici
595 433 694 474 quae
715 423 856 461 norint
877 422 1010 460 verba
1021 421 1226 473 juvenci:
1565 419 1621 459 5ο

220 485 444 527 Assuetas
464 487 551 527 illis
573 488 870 540 adjiciamque
889 487 1042 526 minas.

165 553 270 607 Ipse
289 567 416 595 manu
437 555 643 607 capulum
665 555 805 606 pressi
824 553 1079 593 moderatus
1100 553 1232 593 aratri

221 621 436 674 Experiar
455 623 576 661 mota
598 633 803 673 spargere
823 633 968 661 semen
989 621 1134 661 humo.

163 688 262 730 Nec
282 689 474 729 dubitem
496 688 639 741 longis
659 701 843 742 purgare
865 688 1085 740 ligonibus
1105 700 1235 729 arva:

218 756 275 796 Et
295 756 413 806 dare,
435 769 547 809 quas
567 756 718 797 sitiens
742 756 967 797 combibat
984 755 1149 805 hortus,
1171 767 1325 809 aquaS.
1566 754 1622 795 60

162 822 290 864 Unde
311 824 389 864 sed
409 825 493 864 hoc
513 825 656 873 nobis,
676 824 902 864 minimum
924 837 1033 877 quos
1053 823 1161 864 inter
1183 828 1225 864 et
1244 823 1410 864 hostem

219 891 468 932 Discrimen
487 904 634 931 murus
656 891 897 944 clausaque
919 895 1048 945 porta
1068 890 1178 931 facit
1193 892 1212 931 ’ἒ

161 956 222 999 At
241 959 321 999 tibi
338 958 534 999 nascenti
555 959 691 1011 (quod
715 962 807 999 toto
826 962 1004 1011 pectore
1023 959 1165 1010 laetor)

220 1025 266 1068 N
269 1031 392 1066 erunt
412 1026 571 1066 fatales
589 1027 715 1067 fortia
736 1026 814 1067 fila
836 1027 961 1069 Deae.

158 1165 284 1196 pascere
298 1166 378 1187 oves.
428 1158 498 1197 Ipse
514 1167 568 1196 ego
583 1168 620 1188 ne
636 1168 687 1188 cor
701 1158 854 1188 inhoereat
868 1159 952 1189 curis
966 1158 1156 1198 quotidianis
1175 1168 1268 1197 agam
1282 1161 1388 1189 tauros
1401 1159 1552 1189 ruricolas
1567 1158 1621 1189 sub

161 1209 254 1229 curta
261 1200 354 1238 juga.
405 1200 446 1229 Et
468 1200 584 1230 discam
609 1210 695 1230 voces
717 1210 792 1240 quas
815 1202 902 1231 bores
921 1201 1027 1231 Getici
1042 1206 1240 1240 cognoscant,
1265 1205 1296 1231 et
1317 1202 1428 1232 addam
1444 1202 1544 1232 minas
1558 1202 1621 1231 illis

153 1241 340 1279 familiares.
388 1242 457 1281 Ipse
472 1246 578 1272 tenens
592 1251 683 1272 manu
693 1243 805 1272 stivam
818 1243 961 1282 prehensi
975 1244 1088 1282 aratri,
1102 1243 1225 1273 tentabo
1237 1253 1382 1282 spargere
1395 1253 1495 1273 semen
1512 1245 1543 1273 in
1558 1247 1622 1273 ter-

159 1293 227 1314 ram
241 1285 407 1314 subactam.
456 1284 560 1323 Neque
583 1283 712 1316 abnuam
728 1294 898 1324 repurgare
922 1295 1015 1323 agros
1037 1286 1135 1324 longis
1149 1286 1249 1316 ratris
1261 1296 1270 1320 ;
1294 1290 1324 1316 et
1341 1286 1410 1324 jam
1426 1287 1499 1316 aare
1514 1295 1621 1325 aquas,

159 1335 233 1365 quas
245 1326 352 1356 hortus
366 1326 474 1355 sitiens
489 1325 660 1356 absorbeat.
711 1327 822 1357 Verum
838 1328 916 1357 uncte
929 1327 983 1358 hoc
996 1327 1093 1367 nobis,
1113 1329 1280 1368 intorques
1292 1332 1321 1358 et
1337 1329 1451 1358 hostem
1468 1338 1574 1358 murus
1589 1332 1620 1358 et

161 1368 309 1399 obseratoe
335 1368 431 1398 valrae
451 1367 578 1406 faciunt
599 1369 745 1408 exiguam
770 1368 978 1402 distantiam?
1023 1371 1068 1402 At
1084 1371 1162 1402 Dea(⁷
1171 1370 1290 1408 fatales
1306 1372 1406 1412 (quod
1420 1373 1539 1410 gaudeo
1558 1375 1622 1402 toto

774 1466 1007 1478 eeoeaeeeeoeeo

151 1520 235 1560 fuga
252 1520 300 1559 gl.
316 1521 370 1552 col.
388 1531 491 1551 manu.
523 1521 612 1551 Mor.
630 1520 735 1551 habet
746 1524 831 1551 terra
846 1531 908 1561 pro
922 1520 1111 1560 gleba.—53
1128 1521 1194 1551 Ms.
1207 1521 1339 1551 Bcrsm.
1358 1521 1446 1561 Soepe
1462 1531 1510 1560 eg.
1536 1522 1619 1552 Mox

161 1563 244 1603 Arg.
267 1564 320 1593 sol.
336 1564 487 1593 desistant
500 1566 579 1602 pect.
604 1567 639 1592 et
656 1563 733 1592 Pol.
757 1563 1010 1593 instarent.—54
1026 1563 1129 1593 Multi
1144 1574 1237 1593 curra
1255 1573 1316 1603 pro
1327 1566 1527 1603 pantica—55
1546 1565 1620 1595 Ma-

161 1606 218 1636 lim
243 1605 350 1635 norint
379 1605 484 1645 [vulg.
512 1605 638 1644 norunt]
664 1614 739 1635 cum
757 1615 824 1635 uno
840 1606 1030 1636 Vaticano:
1057 1610 1092 1635 et
1120 1615 1217 1636 versu
1247 1606 1470 1646 praecedenti,
1498 1608 1619 1638 Ducere

158 1657 220 1688 pro
243 1647 376 1684 Ducam,
399 1647 425 1676 si
454 1657 516 1687 per
540 1648 685 1687 scriptos
705 1648 839 1678 codices
865 1649 981 1687 liceat,
1005 1647 1172 1679 referatur
1189 1648 1230 1679 ad
1247 1649 1284 1678 τὸ
1299 1650 1402 1687 velim,
1426 1649 1515 1690 quod
1533 1659 1619 1690 prae-

160 1694 323 1721 cesserat.
347 1689 546 1719 Heins.—57
570 1690 624 1720 Sa.
642 1690 717 1721 Pol.
736 1696 769 1720 et
786 1691 880 1722 multi
898 1691 952 1721 alii
968 1702 1034 1732 cap.
1055 1691 1160 1731 prensi
1176 1692 1255 1722 mod.
1302 1693 1355 1722 Ex
1373 1692 1464 1722 libris
1483 1693 1524 1722 V.
1543 1692 1619 1723 Cio-

159 1731 254 1763 t'anus
271 1730 403 1772 profert
419 1733 612 1767 moderatus;
636 1732 668 1762 iu
685 1734 776 1773 vulg.
794 1735 989 1771 moderator;
1013 1739 1047 1764 et
1062 1735 1182 1764 Douza
1198 1735 1475 1765 modernam—59
1492 1734 1531 1764 In
1549 1735 1620 1775 qui-

158 1775 302 1806 busdam
318 1774 456 1814 scriptis
478 1775 588 1805 herbas
605 1785 664 1815 pro
681 1780 856 1807 arum—60
881 1777 920 1807 In
939 1777 1090 1817 plurimis
1106 1776 1193 1808 Edd.
1227 1778 1271 1807 Et
1297 1780 1387 1815 dare,
1410 1787 1484 1818 quas
1509 1778 1618 1808 sitiens

148 1817 220 1855 J‘am
235 1817 321 1847 bibat
348 1817 378 1847 Ιι.
405 1827 431 1848 α.
462 1818 470 1833 ‘
486 1818 646 1848 Meliores
664 1828 791 1857 omnes,
817 1820 859 1849 Et
884 1821 959 1850 dare
979 1821 1062 1859 jam,
1087 1820 1196 1851 sitiens
1221 1830 1295 1859 quas
1320 1820 1405 1850 bibat
1429 1821 1459 1850 Ιι.
1480 1830 1508 1851 a.
1534 1830 1618 1850 unus

159 1866 272 1891 tamen
298 1860 411 1890 vatic.
435 1870 509 1899 quas
533 1861 642 1891 sitiens
667 1861 841 1892 combibat)
875 1862 994 1894 Heius.
1041 1863 1112 1893 Nos
1142 1863 1343 1893 Vaticanum
1374 1868 1409 1893 et
1440 1864 1618 1901 Excerpta

157 1903 268 1934 Vossii
291 1903 399 1933 secuti
427 1912 559 1933 sumus:
590 1904 636 1933 ita
662 1903 771 1944 Epist.
786 1913 847 1935 xv.
870 1906 879 1921 ‘
899 1905 1009 1936 Grata
1026 1906 1120 1945 prius
1144 1905 1310 1945 lacrymas
1327 1905 1488 1935 combibit
1512 1905 1618 1936 herba

158 1955 250 1976 meas
261 1947 280 1976 :¹
304 1955 394 1985 saepe
413 1945 603 1975 Columella
624 1946 686 1976 hoc
711 1946 813 1977 verbo
831 1947 960 1978 utitur:
985 1948 1083 1978 ebibet
1101 1957 1182 1978 unus
1199 1947 1317 1978 codex.
1347 1948 1430 1978 Post
1446 1948 1508 1978 hoc
1526 1947 1616 1977 aliud

159 1988 328 2019 distichon
344 1989 518 2018 interserit
541 1989 667 2019 Moreti
692 1988 791 2027 liber,
822 1990 923 2029 thue
937 1991 1026 2029 solet,
1048 1990 1174 2020 nimium
1190 1990 1217 2020 si
1236 1989 1341 2027 fontis
1364 1991 1449 2020 rii-us
1470 1990 1614 2029 abundet,

158 2031 319 2061 Diducam
348 2031 452 2061 studio
482 2041 519 2062 ne
546 2034 616 2061 sata
642 2032 715 2062 loeta
743 2035 863 2071 gravet.
910 2033 1071 2064 Deducam
1096 2034 1216 2064 saltem
1243 2032 1434 2073 legendum.
1457 2033 1617 2064 Burin.-

821 2129 960 2161 NO'rAE

157 2211 278 2242 aspera
292 2206 327 2233 et
340 2207 515 2243 praerupta
532 2203 625 2244 sequi
639 2214 646 2234 :
672 2203 762 2234 unde
777 2212 859 2244 pen-
954 2207 995 2234 58
1020 2204 1126 2245 Mota]
1157 2203 1282 2235 Aratro
1298 2204 1444 2234 inversa.

156 2252 238 2283 dere
253 2251 424 2284 videntur.
954 2258 996 2286 59
1019 2254 1153 2294 Longis]
1191 2256 1269 2286 Non
1286 2259 1427 2295 propter
1443 2254 1614 2295 capulum,

197 2303 320 2344 Liceat]
350 2303 448 2335 Dixit
472 2308 574 2335 antea
597 2305 690 2336 Naso
714 2304 770 2336 vix
797 2306 858 2336 'ro-
912 2309 950 2337 ut
966 2305 1325 2346 aliicensuerunt‚sed
1339 2309 1481 2346 propter
1496 2304 1615 2336 dentes

154 2353 288 2384 mitanis
304 2354 407 2385 licere
423 2359 556 2394 portam
569 2359 627 2386 aut
639 2355 775 2395 moenia,
786 2355 860 2387 hos·
912 2357 1043 2398 longoS.

155 2405 238 2435 tium
254 2410 361 2443 metu,
376 2406 506 2445 egredi.
955 2410 995 2438 61
1021 2406 1107 2447 Hoc]
1152 2407 1201 2438 Ut
1216 2406 1318 2437 liceat
1333 2407 1467 2437 hortum
1493 2404 1614 2442 colere,

199 2458 239 2485 52
264 2457 384 2497 Nixus]
416 2458 595 2488 Pastorum
613 2467 720 2489 more.
912 2459 976 2490 &c.

198 2508 238 2534 55
264 2506 396 2547 Norint]
421 2508 563 2539 Scilicet
577 2509 705 2540 habent
718 2508 856 2540 bubulci
953 2511 995 2539 64
1032 2506 1161 2546 Fortia]
1207 2507 1292 2539 Quae
1319 2504 1410 2534 nulla
1442 2503 1613 2534 calamitas

158 2563 252 2584 suum
269 2555 392 2595 quique
406 2558 538 2588 modum
553 2563 588 2589 et
603 2559 740 2600 propria
753 2559 857 2590 verba
909 2557 1056 2597 frangat.
1103 2556 1193 2587 Nihil
1207 2559 1319 2585 autem
1332 2563 1415 2594 opus
1426 2554 1495 2593 jam
1512 2554 1611 2584 toties

155 2604 275 2645 quibus
293 2604 324 2633 in
349 2605 491 2636 diversis
507 2608 699 2646 regionibus
721 2609 855 2640 diverse
911 2608 1060 2647 repetita
1096 2605 1138 2636 de
1166 2604 1299 2643 Parcis,
1330 2613 1412 2644 quius
1442 2603 1611 2635 hominnm

155 2656 258 2685 boves
275 2652 316 2684 ad
332 2663 416 2693 opus
433 2662 590 2694 urgeant,
606 2663 665 2688 aut
681 2664 812 2699 regant.
912 2657 1025 2698 partui
1043 2659 1144 2696 atque
1161 2655 1241 2685 sorti
1257 2664 1404 2695 pracesse
1425 2655 1611 2693 voluerunt,

199 2707 238 2735 57
265 2703 431 2744 Capulum]
456 2704 592 2737 stivam.
622 2707 666 2738 Le
680 2710 804 2741 manche
819 2710 856 2740 dc
911 2707 1021 2738 denuo
1037 2705 1219 2736 inculcare.

156 2756 184 2785 Ia
199 2755 339 2786 charrae.
