1863 3193
178 158 291 202 2364
663 173 705 202 P.
739 172 897 203 ovlml
931 172 1142 203 NAsoms

180 262 526 319 Impositamque
548 266 635 308 sibi
656 268 731 321 qui
750 280 838 308 non
858 269 966 308 bene
988 268 1166 322 pertulit
1187 266 1350 309 Hellen

236 331 454 386 Tempora
470 335 694 376 nocturnis
715 348 844 388 aequa
864 336 1016 376 diurna
1035 335 1155 377 facit.

179 397 208 438 J
212 411 283 439 am
303 400 463 451 violam
485 403 693 455 puerique
714 403 859 454 legunt
878 403 1127 456 hilaresque
1148 403 1322 456 puellae,
1602 401 1630 441 5

238 464 427 507 Rustica
447 482 578 520 quam
599 470 720 510 nullo
742 475 854 510 terra
874 475 1043 511 serente
1064 471 1184 523 gerit.

180 532 402 587 Prataque
424 537 669 589 pubescunt
690 539 905 577 variorum
927 537 1035 578 flore
1057 538 1267 587 colorum,

238 601 513 656 Indocilique
533 605 697 657 loquax
718 609 885 656 gutture
908 610 1059 647 vernat
1077 607 1189 647 avis,

182 667 331 722 thue
352 670 481 710 malae
504 671 666 710 crimen
687 673 838 712 matris
860 673 1051 725 deponat
1071 672 1275 722 hirundo,

240 737 333 777 Sub
355 738 552 778 trabibus
574 750 709 778 cunas
732 753 954 792 parvaque
971 745 1085 782 tecta
1104 742 1231 782 facit.
1579 740 1634 780 10

177 834 370 874 proeteritis:
393 838 483 874 atque
498 835 554 865 ille
580 837 633 874 qui
660 836 738 865 male
759 836 845 866 vexit
870 836 983 867 Hellen
1008 837 1067 867 sibi
1082 837 1257 877 impositam
1271 837 1356 875 fucit
1372 841 1509 877 tempora
1524 838 1636 868 diurna

179 876 272 915 paria
283 877 448 907 nocturnis.
495 879 587 908 Nunc
607 879 694 917 pueri
722 881 751 908 et
772 879 881 918 puelloe
895 881 1012 909 alacres
1037 883 1166 919 carpunt
1189 881 1294 919 violas,
1315 889 1390 919 quas
1405 884 1488 910 terra
1505 880 1637 918 agrestis

181 917 302 957 profert
313 919 393 949 nullo
409 921 533 950 colente.
579 920 623 950 Et
636 923 729 960 prata
740 924 812 950 sunt
827 921 939 952 vestita
946 921 1082 962 floribus
1097 923 1286 952 diversorum
1300 923 1446 960 colorum,
1461 926 1551 962 atque
1566 932 1637 952 ares

180 961 318 998 garrulae
347 962 509 992 lasciviunt
538 963 692 993 inerudito
714 966 854 1002 gutture.
900 965 946 994 Et
974 967 1009 994 ut
1039 965 1170 995 hirundo
1195 964 1327 1004 effugiat
1348 965 1494 1004 probrum
1509 965 1639 995 immitis

182 1002 306 1043 matris,
328 1004 424 1035 struit
439 1005 526 1035 nidos
541 1004 595 1036 sub
611 1005 710 1045 tignis
722 1009 753 1037 et
767 1005 930 1037 humilibus
945 1007 1044 1038 tectis.
1093 1008 1170 1038 Tum
1199 1007 1303 1047 herba,
1318 1017 1384 1047 quoe
1410 1007 1532 1038 delituit
1556 1010 1638 1037 tecta

793 1081 1027 1092 eeeeeeeeeeee

184 1130 252 1160 qua.
276 1121 346 1151 Pro
364 1122 491 1152 Maeotis
507 1122 627 1153 Heins.
656 1124 745 1164 conj.
776 1124 886 1155 Bootis
916 1125 970 1156 vel
999 1126 1122 1156 Boi-eis.
1147 1124 1214 1155 Alii
1240 1124 1349 1155 aliter.
1388 1124 1519 1154 Bersm.
1536 1121 1639 1154 habet

186 1163 322 1202 Longior
337 1164 473 1203 antiquis
498 1174 527 1194 v.
543 1165 656 1196 meavit
682 1166 712 1195 Ιι.
741 1167 935 1197 Gronovius
960 1168 1095 1206 Largior
1123 1168 1264 1198 Antoecis
1286 1168 1384 1198 instat
1399 1166 1512 1197 Athois
1527 1165 1556 1196 h.
1582 1165 1639 1196 ubi

186 1206 304 1236 Burm.
334 1207 450 1236 mallet
480 1208 642 1238 Anteae-tis
662 1218 760 1248 quam
781 1209 936 1240 Antoecis:
962 1211 1123 1249 Mycillus
1157 1210 1290 1240 Tardior
1316 1210 1452 1249 antiquis
1476 1219 1503 1239 v.
1525 1208 1640 1239 recedit

186 1248 218 1278 h.
243 1246 312 1278 Alii
329 1249 447 1279 volunt
470 1250 608 1288 Longior
623 1260 641 1280 u
656 1251 741 1280 vobis
757 1261 844 1281 versa
871 1252 998 1281 Maeotis
1023 1252 1053 1281 h.
1083 1252 1136 1282 vel
1165 1252 1294 1282 Tar-(lior
1309 1252 1445 1291 antiquis
1464 1261 1491 1281 v.
1513 1251 1642 1281 Maeotz's

187 1290 216 1321 Ιι.
241 1291 306 1329 vel,
330 1295 367 1321 ut
384 1292 555 1331 Francius,
580 1292 718 1331 Longior
742 1293 898 1324 Euxinis:
923 1294 1068 1334 denique
1085 1295 1199 1324 Burni.
1228 1294 1317 1333 conj.
1343 1294 1481 1331 Longior
1506 1292 1643 1332 antiquis

186 1333 266 1371 visa,
292 1332 429 1371 fugatur
445 1335 540 1365 h.-3
565 1335 641 1365 Duo
668 1336 707 1366 P.
731 1339 765 1365 et
790 1336 873 1366 alius
898 1336 1095 1367 Hostem—5
1125 1336 1244 1366 Violam
1271 1345 1314 1366 ex
1342 1336 1417 1366 Pol.
1444 1335 1517 1366 Pal.
1544 1335 1639 1365 Med.

189 1379 225 1405 et
253 1376 293 1406 V.
324 1376 379 1406 alii
402 1377 507 1407 violas.
533 1378 614 1408 Lov.
644 1378 719 1408 Jam
751 1379 903 1419 violasque
929 1380 1033 1417 legunt
1058 1379 1225 1418 puer·i.—-G
1255 1378 1312 1408 Sic
1341 1388 1382 1407 ex
1413 1381 1497 1407 vett.
1525 1377 1642 1408 Burni.

187 1426 236 1448 vs.
253 1417 408 1456 refingit:
434 1420 513 1449 olim
539 1420 704 1450 edebatur
728 1421 876 1461 Ruraque
905 1431 969 1460 quse
995 1422 1076 1451 nullo
1092 1425 1166 1451 nato
1188 1423 1306 1451 serente
1329 1421 1452 1450 vehunt.
1480 1420 1538 1450 Pr.
1564 1419 1641 1450 Pol.

188 1459 322 1490 Rustica
337 1471 404 1500 quoe
426 1462 508 1492 nullo
524 1465 610 1492 terra
624 1466 741 1493 serente
756 1464 861 1500 venit;
887 1468 922 1494 et
945 1464 991 1494 sic
1009 1473 1059 1503 pr.
1085 1464 1123 1494 V.
1145 1473 1195 1503 pr.
1218 1463 1293 1493 Pal.
1309 1467 1344 1493 et
1368 1467 1512 1503 quatuor
1528 1462 1641 1492 melio-

188 1511 256 1540 res,
282 1503 344 1533 nisi
369 1504 457 1543 quod
484 1508 559 1534 nata
586 1514 647 1544 pro
675 1508 758 1535 terra
788 1506 969 1536 exhibent:
1006 1506 1142 1546 quidam
1176 1506 1308 1535 Rustica
1339 1514 1413 1544 quas
1441 1505 1523 1535 nullo
1558 1507 1643 1534 terra

188 1548 307 1575 serente
332 1545 427 1584 vehit,
459 1547 511 1576 vel
544 1548 649 1585 gerit:
687 1548 840 1578 nonnulli
865 1548 966 1578 etiam
1003 1549 1159 1588 Pomaque
1188 1557 1255 1587 quoe
1281 1548 1362 1578 nullo
1402 1550 1485 1577 terra
1523 1550 1643 1577 serente

188 1586 283 1625 vehit,
299 1587 352 1618 vel
379 1588 697 1628 Ruraque...vehunt:
722 1600 807 1621 unus
831 1591 934 1621 etiam
949 1592 1064 1621 colente
1083 1600 1141 1630 pro
1157 1593 1286 1621 serente.
1310 1589 1429 1620 Heius.
1446 1593 1546 1629 putat
1562 1589 1642 1619 scri—

191 1628 336 1660 bendum
370 1631 498 1662 Rustica
524 1642 615 1671 quum
637 1633 717 1663 nullo
742 1636 826 1663 terra
861 1637 979 1664 serente
1003 1634 1164 1664 dedit.—-8
1194 1633 1263 1663 Pro
1288 1635 1397 1662 vernat
1421 1632 1478 1661 Fr.
1506 1636 1541 1662 et
1564 1635 1641 1662 octo

190 1671 245 1702 alii
261 1675 387 1710 cantat;
410 1674 472 1705 Be.
490 1679 524 1704 et
541 1679 610 1705 tres
627 1675 874 1715 aliigarrit.—9
899 1676 939 1706 P.
956 1676 1043 1708 crim.
1059 1675 1191 1706 volucris
1214 1676 1280 1715 dep.
1304 1675 1398 1705 Unus
1416 1674 1518 1705 etiam
1534 1673 1644 1704 matris

852 1755 989 1786 NOTAE

191 1833 257 1854 non
288 1827 356 1854 tam
369 1824 410 1855 ob
427 1830 618 1864 correptam
633 1824 893 1865 diphthongum,

192 1874 379 1914 cujusmodi
415 1875 505 1915 apud
542 1875 623 1905 alios
661 1875 892 1913 inveniuntur,

191 1933 290 1966 quam
306 1924 349 1955 ob
376 1924 665 1956 constructionem
682 1930 717 1956 et
734 1934 868 1955 sensum
883 1936 891 1963 ;

191 1978 230 2004 ut
244 1979 440 2015 corruptum
459 1984 531 2005 esse
552 1976 661 2006 locum
679 1975 892 2006 confidenter

190 2024 242 2054 vir
258 2034 337 2055 sane
353 2025 567 2056 doctissimus
584 2026 792 2066 pronuntiet.
820 2025 891 2056 Ali-

193 2075 273 2115 quid
284 2085 355 2107 esse
367 2075 488 2115 fateor,
498 2077 585 2116 quod
599 2086 665 2106 non
677 2077 758 2106 satis
768 2077 891 2107 leniter

192 2123 288 2156 fluit:
314 2131 466 2156 ceterum
494 2136 554 2156 cur
582 2126 663 2156 illud
692 2126 780 2155 idem
808 2125 890 2155 ferri

191 2184 259 2206 non
289 2176 395 2215 possit
425 2185 489 2205 non
519 2185 581 2213 ego
612 2175 746 2215 quidem
780 2175 890 2205 video.

194 2223 314 2255 Poetae
329 2224 425 2254 valde
442 2225 543 2263 longa
560 2225 628 2254 visa
651 2228 702 2254 est
718 2225 833 2264 hyems
859 2225 891 2254 iu

194 2274 294 2314 plaga
310 2274 456 2304 Boreali.
502 2275 585 2304 Cum
613 2274 758 2313 denique
775 2283 891 2304 mense

193 2324 322 2355 Martio
340 2325 551 2355 solverentur
568 2324 672 2360 nives,
685 2333 810 2363 Verque
834 2324 890 2353 ud-

194 2377 335 2404 ventare
368 2374 588 2413 intelligeret,
613 2373 678 2403 duo
704 2373 807 2403 menti
835 2373 891 2403 ob-

193 2422 428 2462 versabantur,
445 2422 582 2452 taedium
605 2422 747 2461 hyemis,
769 2422 891 2453 deinde

195 2473 503 2513 verisjiicuuditas.
550 2472 612 2508 Do,
629 2472 684 2502 illo
709 2471 829 2512 obiter,
857 2477 892 2502 et

194 2523 290 2564 quasi
317 2533 377 2562 per
402 2522 652 2562 parenthesim;
686 2523 718 2552 in
745 2522 806 2553 hue
830 2523 888 2552 im-

194 2578 355 2604 moratur.
381 2573 516 2603 Maeotis
529 2578 641 2602 autem
655 2573 695 2603 ab
710 2573 766 2603 illo
780 2574 891 2613 hyems

195 2623 334 2662 dicitur,
357 2634 431 2664 quae
448 2624 640 2654 Mareoticum
660 2623 829 2665 paludem,
845 2630 893 2655 at-

197 2682 262 2714 que
309 2673 394 2703 adeo
433 2674 622 2713 proximum
663 2674 822 2716 Pontum,
859 2679 894 2706 et

196 2722 371 2765 Scythicas
387 2723 543 2764 regiones
559 2723 751 2758 infestabat.

990 1828 1007 1856 3
1035 1826 1098 1860 Qui
1114 1825 1187 1865 non]
1215 1824 1315 1856 Aries
1340 1828 1405 1864 est,
1429 1824 1471 1856 de
1497 1834 1561 1865 quo
1572 1824 1644 1864 jam

945 1876 1080 1916 saepius,
1111 1876 1168 1916 qui
1199 1875 1360 1906 Phrixum
1387 1880 1488 1915 atque
1520 1874 1644 1905 Hellen

946 1938 1007 1967 per
1024 1928 1286 1969 Hellespontum
1308 1927 1470 1964 vehebat;
1494 1925 1547 1956 cui
1572 1925 1645 1966 qui-

946 1978 1022 2008 dem
1039 1978 1095 2008 illa
1118 1988 1193 2009 cum
1210 1987 1277 2008 non
1301 1977 1387 2007 bene
1413 1976 1585 2006 insisteret
1611 1976 1646 2006 in

945 2038 1037 2059 mare
1047 2028 1188 2066 decidit,
1197 2027 1286 2068 quod
1298 2027 1338 2057 ab
1347 2036 1387 2057 ea
1399 2026 1646 2066 Hellespontus

945 2078 1057 2108 dictus
1075 2083 1137 2108 est.
1182 2077 1378 2108 Translatus
1393 2081 1445 2107 est
1462 2080 1575 2106 autem
1591 2076 1647 2106 ille

945 2128 1033 2158 aries
1051 2128 1141 2159 inter
1153 2128 1279 2165 sidera;
1296 2136 1395 2167 quem
1412 2126 1468 2156 Sol
1486 2135 1561 2156 cum
1577 2125 1649 2156 adit

946 2186 1010 2205 non
1027 2178 1114 2207 veris
1139 2178 1238 2207 modo
1263 2176 1345 2207 facit
1370 2176 1517 2214 initium,
1534 2174 1593 2205 sed
1610 2179 1646 2205 et

947 2234 1084 2254 vernum
1102 2226 1355 2265 mquinoctium.

989 2278 1008 2304 8
1043 2274 1189 2312 Indocili]
1231 2273 1390 2302 Indocto.
1437 2272 1527 2302 Aves
1559 2273 1645 2303 enini

946 2333 1010 2353 non
1027 2323 1089 2353 nisi
1115 2333 1133 2352 a
1150 2328 1271 2353 natura
1288 2322 1434 2360 edoctae,
1448 2332 1521 2362 quae
1548 2332 1646 2363 agros

946 2373 1176 2413 frequentant.

994 2422 1124 2461 ls'ernut]
1155 2422 1252 2452 Veris
1266 2432 1362 2452 sensu
1378 2422 1519 2453 lascivit.

989 2477 1008 2503 ¹.)
1024 2472 1130 2512 Mala]
1142 2473 1230 2502 Mala
1242 2477 1349 2502 mater
1361 2472 1486 2503 dicitur
1496 2473 1647 2514 hirundo,

945 2523 1023 2563 quia
1032 2523 1177 2559 Procne,
1188 2532 1259 2562 qun·
1271 2522 1302 2551 in
1313 2532 1386 2552 eam
1399 2532 1493 2553 avem
1504 2527 1649 2564 mutata,

948 2574 1037 2613 Itym
1054 2572 1158 2602 tilium
1172 2571 1360 2611 interfecit,
1373 2573 1528 2613 putrique
1540 2573 1646 2605 Tereo

949 2622 1154 2663 epulandum
1181 2622 1358 2661 apposuit:
1391 2627 1428 2654 ut
1460 2622 1588 2656 dictum
1612 2623 1647 2655 in

949 2675 1090 2705 Metam.

995 2726 1034 2756 10
1060 2722 1178 2765 sunus]
1209 2722 1345 2757 Nidum.
