1863 3193
240 146 355 188 2262
729 157 769 186 P.
804 154 939 185 ovlm
992 153 1204 186 NAsonis

246 250 482 305 Musaque,
504 262 633 303 quam
653 249 807 298 movit,
827 251 992 289 motam
1015 261 1193 302 quoque
1212 248 1352 289 leniet
1370 250 1506 291 iram:

302 319 499 360 Exorant
518 330 700 368 magnos
719 316 910 356 carmina
930 329 1050 370 saepe
1072 316 1211 357 Deos.

243 386 350 440 Ipse
373 397 547 438 quoqne
571 383 796 424 Ausonias
816 383 970 424 Caesar
991 387 1242 437 matresque
1262 396 1485 437 nurusque

300 451 504 493 Carmina
526 451 744 503 turrigerae
769 451 914 491 dicere
931 451 1070 504 jussit
1091 450 1196 504 Opi.

241 517 269 561 J
274 523 447 560 usserat
469 521 512 558 et
534 518 705 558 Phoebo
727 518 814 558 dici
832 532 842 570 3
874 532 962 571 quo
982 521 1172 572 tempore
1190 519 1319 561 ludos

300 586 437 634 Fecit,
460 597 570 638 quos
593 589 700 625 aetas
723 586 885 639 aspicit
903 600 991 627 una
1013 587 1164 627 semel.

243 652 331 694 His
352 666 505 706 precor
525 653 737 705 exemplis
758 657 833 693 tua
852 666 981 703 nune,
1002 654 1228 694 mitissime
1249 652 1415 704 Caesar,

299 720 400 761 Fiat
417 721 472 760 ab
497 720 666 772 ingenio
687 720 859 761 mollior
878 720 945 760 ira
964 733 1079 760 meo.

241 786 325 828 Illa
345 787 521 841 quidem
534 788 658 841 justa
677 792 754 836 est,
777 801 855 829 nec
876 800 946 828 me
966 788 1175 828 meruisse
1195 788 1375 840 negabo.

298 855 399 895 Non
420 855 531 895 adeo
552 859 702 895 nostro
725 855 839 906 fugit
860 856 916 894 ab
939 868 1013 895 ore
1034 855 1190 907 pudor.

1637 518 1694 560 25

1637 854 1694 896 30

238 994 333 1020 remia
351 985 577 1022 Teutln·antz'a;
599 989 629 1016 et
656 985 750 1016 Musa
772 985 915 1016 mulcebit
937 986 1018 1017 iram
1038 996 1129 1026 quam
1144 985 1311 1016 excitavit:
1333 993 1437 1015 versus
1453 983 1589 1024 flectunt
1613 994 1694 1025 saepe

238 1037 366 1064 magnos
381 1029 475 1060 Deos.
520 1030 590 1068 Ipse
602 1029 696 1059 etiam
713 1029 820 1059 Caesar
826 1029 921 1066 jussit
936 1032 1094 1059 matronas
1107 1032 1197 1069 atque
1209 1029 1327 1068 puellas
1343 1027 1440 1058 Italas
1453 1030 1579 1057 cantare
1592 1037 1696 1058 versus

243 1070 305 1107 Opi
326 1070 494 1107 turriferoe.
539 1072 564 1100 J
567 1074 683 1101 usserat
709 1072 802 1101 etiam
817 1071 939 1100 cantari
952 1071 1103 1111 Apollini,
1125 1081 1181 1111 quo
1198 1074 1330 1110 tempore
1337 1069 1417 1107 fecit
1433 1070 1531 1108 ludos,
1546 1079 1620 1118 quos
1635 1080 1696 1101 una

240 1115 316 1142 (etas
330 1112 414 1142 videt
429 1114 528 1143 semel.
577 1113 653 1151 Oro,
677 1113 779 1142 uthis
805 1113 964 1151 exemplis,
991 1114 1097 1143 Coesar
1122 1114 1285 1151 lenissime,
1301 1114 1370 1150 jam
1386 1115 1441 1142 tua
1463 1112 1512 1142 ira
1526 1112 1695 1143 delimatur

240 1163 305 1183 meo
330 1154 463 1193 ingenio.
510 1155 569 1185 Illa
585 1155 706 1195 quidem
721 1158 766 1185 cst
785 1154 874 1193 justa
885 1165 896 1190 ,·
919 1164 1011 1194 neque
1027 1155 1178 1195 diffitebor
1204 1165 1250 1185 me
1264 1155 1392 1193 dignum
1408 1164 1471 1185 esse
1482 1165 1492 1185 .·
1514 1155 1696 1186 verecundia

850 1238 1086 1249 eeeeeeeeeeee

241 1290 306 1319 imo
323 1300 370 1321 vs.
388 1291 578 1322 leniat—*21
607 1292 708 1327 Quam
724 1293 893 1331 meliores,
910 1297 999 1324 teste
1017 1293 1136 1324 Heius.
1164 1293 1219 1323 alii
1241 1303 1318 1332 quse.
1365 1293 1458 1323 Unus
1483 1292 1584 1322 etiam
1609 1292 1695 1323 liber

241 1342 327 1372 quoq.
348 1333 445 1374 finiat
468 1335 594 1365 ir.—26
617 1336 706 1365 Mor.
735 1339 787 1366 zet.
812 1335 925 1375 accipit
951 1339 1087 1367 iam—27
1113 1336 1208 1365 Unus
1236 1335 1293 1366 lib.
1310 1345 1401 1373 nunc,
1414 1334 1588 1372 justissime
1614 1336 1694 1365 C.—

242 1376 282 1404 25
306 1375 354 1405 Ab
376 1376 501 1415 ingenio
526 1387 615 1413 meo,·
639 1378 711 1409 scil.
739 1382 859 1408 contra
883 1388 936 1408 me
954 1379 1061 1409 virum
1080 1378 1296 1417 ingeniosum.
1323 1376 1446 1416 Ciosan.
1496 1378 1571 1407 Non
1590 1376 1695 1417 probo

242 1416 327 1448 hanc
344 1419 618 1458 explicationem,
645 1430 755 1460 neque
781 1421 885 1451 verba
911 1421 943 1450 id
967 1420 1158 1461 significare
1182 1430 1279 1459 posse
1299 1426 1393 1460 puto.
1437 1419 1613 1459 Crispinus
1636 1429 1695 1450 ex-

241 1458 357 1499 plicat,
374 1459 468 1491 flecti
483 1466 517 1492 te
534 1462 675 1501 patiaris
693 1463 775 1493 meis
792 1463 1010 1501 carminibus,
1023 1468 1059 1494 ut
1072 1468 1107 1494 tu
1126 1464 1214 1493 Deos
1232 1464 1300 1493 tuis
1314 1462 1518 1493 carminibus
1530 1463 1692 1502 placasti:

243 1502 369 1532 rectius
386 1507 493 1535 certe.
538 1504 604 1534 Sed
619 1505 791 1546 ingenium
806 1516 913 1543 snum,
931 1516 996 1546 qno
1013 1507 1129 1545 periit,
1146 1516 1180 1536 se
1192 1506 1345 1545 jactasse
1363 1505 1493 1536 Caesari
1509 1514 1574 1535 non
1588 1509 1693 1545 puto:

243 1553 347 1583 qnare
365 1545 543 1585 legendum
562 1552 657 1586 puto,
685 1547 761 1578 Fiat
785 1548 823 1578 ab
840 1549 964 1586 ingenio
980 1549 1098 1579 mollior
1114 1549 1164 1579 ira
1179 1551 1230 1578 luo
1244 1560 1254 1579 :
1276 1548 1337 1587 ira,
1363 1557 1461 1589 qnam
1480 1556 1543 1587 ego
1558 1557 1612 1577 me
1628 1556 1696 1577 me-

242 1585 345 1616 ruisse
361 1586 484 1628 fateor,
501 1589 632 1620 mollior
647 1589 721 1629 fiat,
746 1591 822 1631 quia
849 1596 885 1620 tu
902 1596 1025 1621 natura
1051 1596 1085 1622 et
1103 1591 1252 1621 moribus
1268 1600 1302 1621 es
1326 1591 1416 1621 mitis
1433 1595 1468 1621 et
1485 1591 1633 1620 clemens
1650 1589 1694 1620 ad

241 1630 432 1669 exemplum
447 1631 608 1664 Deorum.
655 1632 776 1664 Posset
793 1634 908 1672 etiam,
924 1637 953 1664 et
977 1634 1101 1673 ingenio
1116 1644 1155 1665 m.
1181 1634 1203 1665 i.
1218 1637 1282 1673 tuo,
1299 1633 1465 1674 exemplis
1488 1634 1641 1664 Deorum
1657 1636 1694 1663 et

891 1734 1034 1765 NOTAE

242 1812 306 1841 pen
323 1801 425 1833 filiam
451 1802 602 1844 Telepho
627 1805 783 1836 Herculis
800 1805 868 1837 filio
886 1806 942 1837 de-

240 1850 391 1891 spondit,
420 1861 564 1893 eumque
595 1854 731 1895 reliquit
765 1856 860 1895 regni
890 1857 940 1887 sui

241 1911 484 1934 successorem.

284 1954 325 1981 20
358 1951 473 1983 Vulnus
502 1955 662 1994 opemque]
697 1955 775 1986 Jam
815 1956 937 1995 saepius

238 2000 327 2032 hunc
341 2002 525 2042 Telephum
542 2002 684 2034 Achillis
708 2005 806 2036 hasta
823 2006 937 2036 vulne-

239 2055 358 2090 ratum,
371 2051 590 2093 ejusdemque
604 2053 757 2092 rubigine
770 2059 937 2094 sanatum,

239 2100 392 2131 vidimus.

281 2152 322 2179 24
349 2148 424 2188 Opi]
449 2149 536 2189 Ops,
556 2159 630 2189 quae
659 2155 694 2181 et
711 2151 838 2191 Cybele
857 2152 938 2182 dici-

241 2204 308 2237 tur,
325 2199 432 2238 Rhea,
455 2200 550 2229 Bona
573 2200 659 2240 Dea,
683 2201 809 2241 Magna
829 2203 937 2233 Deum

239 2255 359 2289 mater,
391 2251 530 2291 ipsaque
560 2256 612 2282 est
642 2253 755 2292 ΤΝ-να,
785 2254 938 2293 plurimis

240 2300 378 2340 insuper
395 2301 553 2340 insignita
568 2302 766 2334 nominibus.
799 2303 938 2334 'l'urrita

240 2350 355 2389 ctiam,
381 2350 458 2391 qnia
490 2351 628 2381 turritas
652 2352 751 2382 nrbes
779 2353 936 2384 sustinet.

242 2399 354 2429 Roma:
380 2400 412 2429 in
437 2400 571 2431 Palatio
588 2402 750 2441 templum
770 2412 863 2432 sunm
880 2403 934 2433 lia-

240 2449 325 2489 buit,
347 2450 377 2479 in
394 2450 490 2490 cujus
508 2451 666 2482 honorem
685 2452 752 2482 ludi
776 2453 935 2493 instituti,

241 2508 379 2538 quorum
394 2510 506 2529 curam
525 2501 687 2540 gerebant
705 2502 829 2532 J'L'diles
842 2512 937 2532 curu-

241 2548 299 2577 les.
343 2549 493 2579 Maximo
520 2555 629 2581 sumtu
660 2556 760 2592 atque
790 2553 936 2592 superbo

241 2602 404 2636 apparatu
431 2599 691 2632 celebrabantur
720 2602 936 2642 Megalenses

242 2646 290 2676 illi
308 2654 366 2685 per
378 2657 437 2677 sex
454 2648 525 2679 dies
540 2659 558 2679 a
575 2650 686 2689 pridie
701 2661 807 2682 nonas
825 2652 934 2693 April.

241 2699 479 2737 matronasque
503 2704 669 2739 spectata:
698 2702 874 2742 pudicitiae
900 2704 935 2735 in

995 1808 1044 1839 his
1073 1809 1217 1847 psallere
1242 1808 1412 1839 memoriae
1444 1809 1614 1849 proditum
1631 1813 1693 1842 est.

996 1858 1080 1888 Cum
1109 1859 1220 1898 itaque
1249 1858 1348 1888 Italia
1366 1857 1512 1898 Augusti
1537 1863 1692 1898 tempore

994 1908 1083 1938 same
1116 1913 1339 1948 premeretur,
1368 1917 1435 1938 non
1460 1908 1518 1939 abs
1544 1918 1580 1938 re
1603 1909 1692 1941 illius

993 1958 1191 1996 credideris,
1227 1962 1265 1988 ut
1303 1957 1501 1988 mortalibus
1529 1958 1692 1991 redderet

993 2008 1070 2037 Dea
1085 2007 1244 2037 alimenta
1270 2007 1364 2046 vitae,
1387 2008 1418 2038 in
1439 2008 1600 2039 curandis
1620 2009 1692 2049 ejus

993 2056 1168 2087 sacrifieiis
1183 2057 1382 2088 collocatam
1399 2058 1545 2098 aliquam
1561 2068 1691 2090 curam.

1034 2109 1074 2136 25
1098 2107 1256 2146 Jusserat]
1288 2107 1342 2138 Ad
1375 2109 1540 2147 praeconis
1569 2108 1693 2141 alludit

993 2157 1284 2193 consuetudinem,
1309 2157 1365 2196 qui
1388 2157 1429 2187 ad
1453 2158 1607 2188 ludorum
1630 2167 1691 2189 sae-

992 2204 1155 2233 cularinm
1185 2205 1382 2243 spectacula
1413 2211 1602 2237 convocato
1632 2217 1690 2247 po-

993 2253 1083 2292 pulo,
1110 2254 1158 2284 ita
1187 2254 1345 2285 dicebat:
1380 2257 1389 2272 ‘
1409 2255 1481 2286 Hos
1511 2257 1605 2287 ludos
1635 2259 1690 2299 qui

992 2301 1114 2333 facturi
1137 2308 1213 2334 sunt
1234 2314 1331 2335 nemo
1349 2310 1496 2336 vestrum
1515 2307 1611 2347 vidit,
1626 2318 1689 2340 nec

992 2353 1122 2384 visurus
1139 2354 1212 2385 est!

1034 2403 1162 2443 Phwlm]
1181 2403 1329 2443 Apollini
1340 2406 1689 2449 etDiaiia*,tauqi1an1

992 2453 1065 2483 Diis
1091 2455 1254 2484 malorum
1280 2455 1528 2496 depulsoribus,
1548 2464 1583 2489 et
1607 2461 1688 2491 vitae

991 2507 1093 2543 atque
1109 2504 1348 2536 incolumitatis
1367 2507 1577 2547 pias-idibus,
1589 2519 1688 2540 caue-

994 2553 1094 2584 batur
1111 2563 1246 2584 carmen
1274 2556 1448 2593 saecularo,
1473 2557 1557 2587 ludis
1581 2558 1687 2598 quiin

991 2604 1122 2634 illorum
1144 2605 1300 2635 honorem
1328 2611 1404 2645 post
1432 2607 1440 2622 ⁴
1458 2607 1608 2639 undenos
1630 2608 1688 2640 de·-

990 2653 1059 2683 cies
1072 2663 1132 2693 per
1149 2655 1262 2685 annos'
1282 2655 1529 2696 referebantur,
1541 2658 1687 2692 docente

989 2704 1147 2746 Horatio,
1159 2705 1191 2736 iu
1203 2706 1339 2747 egregio
1350 2706 1407 2738 illo
1421 2707 1583 2749 carmine,
1595 2708 1685 2749 quod
