1877 3193
846 182 959 214 uns.
1515 174 1627 216 2817

179 275 323 330 thue
342 274 554 329 repertori
574 276 728 317 nocuit
749 276 961 330 pugnacis
989 276 1150 327 lambi,

232 342 307 384 Sic
327 343 385 384 sit
402 343 448 383 in
469 343 653 383 exitium
672 343 819 396 lingua
836 346 1037 397 proterva
1057 350 1197 384 tuum.

176 409 325 464 thue
345 423 500 463 parum
521 410 669 450 stabili
692 411 768 462 qui
787 410 981 450 carmine
1002 410 1119 451 laesit
1138 408 1355 460 Athenas,

234 477 410 518 Invisus
430 489 600 530 pereas,
619 476 850 517 deficiente
873 477 990 516 cibo.

175 542 293 584 Utve
312 544 418 597 lyrae
439 548 566 584 vates
585 543 718 583 fertur
739 542 924 593 periisse
947 552 1127 591 severae,

233 609 383 651 Causa
402 611 460 651 sit
478 609 603 650 exitii
624 609 808 648 dextera
828 606 939 646 laesa
959 606 1043 648 tui.

1543 412 1631 455 525

172 738 301 778 perinde
313 738 357 769 sit
372 739 405 769 in
423 738 591 778 perniciem
605 741 690 769 tuam
705 748 742 768 ac
756 737 910 769 inventori
924 736 1023 767 lambi
1038 736 1200 776 pugnacis.
1246 737 1291 767 Et
1306 737 1386 768 sicut
1401 739 1453 770 ille
1468 739 1520 780 qui
1534 739 1632 771 insec-

175 783 261 811 tatus
276 784 321 812 est
336 781 475 812 Athenas
490 790 578 811 versu
594 780 786 811 claudicante
810 781 952 811 moriaris·
974 780 1102 817 int-isus,
1127 779 1283 809 alimentis
1303 781 1525 821 deficientibus.
1574 783 1633 814 Vel

174 827 208 854 nt
224 823 312 854 aiunt
325 824 451 864 poetam
465 825 541 863 lyroe
556 824 706 854 mordacis
718 823 886 862 interiisse,
900 824 1013 853 dextra
1025 831 1084 853 seu
1100 820 1184 852 fides
1199 823 1273 852 loesa
1289 823 1330 854 sit
1343 833 1434 854 caasa
1449 827 1511 855 tuoe
1524 825 1633 858 cludis.

788 906 904 918 ocem
907 907 1022 918 eeeeee

176 961 218 993 ad
236 961 349 993 Laert.
365 961 449 992 citat
467 961 538 992 Non
554 959 728 1001 profutnrae
743 961 940 992 conch—524
965 961 1006 991 R.
1032 964 1067 991 et
1083 961 1149 992 Ms.
1170 961 1302 991 Bersm.
1320 961 1353 991 in
1368 961 1496 992 exilium
1511 963 1634 1003 ling.—

176 1007 238 1035 425
263 1004 339 1034 Non
357 1014 491 1044 possum
507 1014 572 1034 non
589 1005 838 1035 communicare
855 1013 928 1034 cuin
946 1003 1054 1034 doctis
1072 1004 1151 1034 viris
1166 1004 1398 1043 conjecturam
1413 1004 1557 1045 Heinsii,
1572 1006 1633 1037 sed

178 1047 232 1077 cui
249 1046 322 1087 ipse
337 1056 403 1077 non
421 1047 562 1077 multum
579 1046 695 1078 fidisse
711 1047 860 1084 videtur,
877 1046 956 1086 quia
972 1046 1113 1084 margini
1129 1046 1256 1077 codicis
1270 1047 1451 1086 ascriptam
1467 1052 1588 1087 postea
1600 1049 1634 1079 in

177 1098 275 1120 curas
291 1089 458 1120 secundas
474 1098 540 1120 non
557 1090 675 1120 retulit
689 1100 697 1127 ;
723 1088 956 1129 suspicabatur
971 1088 1025 1119 liic
1040 1088 1269 1119 Stesichorum
1295 1089 1417 1129 notari,
1439 1095 1473 1120 et
1491 1100 1552 1130 per
1568 1100 1635 1121 car-

178 1141 245 1162 men
256 1141 368 1171 parum
382 1132 492 1162 stabile
515 1132 659 1172 intelligi
681 1133 755 1171 ejus
772 1131 1054 1172 vituperationem
1074 1131 1230 1169 Helenae,
1247 1131 1344 1172 cujus
1362 1132 1484 1162 deinde
1501 1133 1637 1163 Palino-

177 1174 267 1204 diam
284 1174 428 1205 cecinit:
452 1174 590 1213 legebat
614 1184 693 1205 vero
723 1175 825 1214 thue
845 1183 955 1214 parum
969 1173 1074 1204 stabili
1087 1174 1136 1204 cui
1148 1174 1282 1204 carmine
1297 1175 1370 1204 loesa
1386 1174 1527 1205 Lacoena.
1566 1174 1633 1205 Sed

175 1216 250 1247 haec
267 1217 399 1256 longius
422 1227 441 1247 a
464 1217 615 1257 vestigiis
646 1217 784 1256 scriptae
807 1216 965 1247 lectionis
989 1216 1127 1246 abeunt.
1169 1217 1225 1246 De
1250 1216 1378 1247 Eubaeo
1403 1218 1505 1247 etiam
1531 1217 1633 1248 Pario

179 1258 427 1299 suspicabatur,
442 1259 498 1300 qui
516 1260 696 1290 Scazontas
713 1260 745 1290 in
762 1258 915 1289 Athenas
932 1259 1115 1297 scripserat
1130 1269 1138 1288 ε
1162 1258 1219 1288 sed
1232 1258 1419 1289 Athenaeus
1434 1259 1491 1289 lib.
1512 1267 1569 1289 xv.
1585 1262 1636 1291 16.

178 1300 344 1331 Parodias
360 1302 532 1341 scripsisse
550 1302 608 1333 ait.
631 1302 689 1332 Vs.
707 1311 778 1342 seq.
795 1302 913 1331 invitus
933 1310 1038 1339 pereas
1062 1301 1150 1331 alter
1166 1300 1290 1331 Petav.
1314 1302 1533 1331 Burm.—527
1558 1301 1637 1332 Pet.

180 1343 310 1374 Dicitur
326 1347 418 1383 utque
434 1345 511 1384 lyroe
523 1347 608 1374 rates
617 1345 758 1384 periisse.
782 1343 941 1382 Quinque
957 1343 1047 1372 Utve.
1062 1343 1104 1373 R.
1124 1343 1166 1372 Ut
1177 1343 1294 1380 linguae
1308 1345 1370 1372 vat.
1401 1342 1534 1373 Deinde
1550 1353 1634 1374 nnus

177 1394 292 1416 sonorae
305 1395 367 1426 pro
388 1395 515 1425 severae,
540 1386 630 1426 quod
654 1385 796 1416 Heinsio
819 1393 884 1415 non
898 1383 1223 1425 displicebat.—52s
1253 1384 1280 1416 Ι.
1304 1385 1380 1417 exit.
1394 1385 1511 1416 semina
1530 1385 1636 1417 hes.—

835 1473 976 1505 NOTAE

179 1553 286 1585 temni
301 1552 447 1592 videret,
462 1552 496 1583 in
513 1552 688 1584 ardentem
710 1561 828 1593 pyram
845 1561 882 1582 se

179 1604 339 1645 conjecit.
357 1602 530 1644 Consulas,
541 1603 567 1633 si
583 1602 881 1644 placet,illustriss.

176 1654 336 1693 Salvagn.

222 1705 284 1734 521
308 1703 367 1733 Ille
401 1702 476 1742 non]
533 1702 766 1734 Callisthenen
798 1702 884 1734 dicit

180 1752 393 1794 Olynthium,
410 1762 509 1793 quem
526 1752 721 1784 Alexander
737 1753 881 1793 Magnus

180 1803 222 1834 ad
238 1802 413 1844 prodenda
426 1803 598 1833 memoriae
616 1808 714 1843 gesta
728 1803 883 1835 Asiatica

180 1853 327 1892 accivit3
351 1852 474 1883 deinde
497 1857 657 1893 tanquam
675 1854 882 1894 conjuratio-

181 1903 232 1934 nis
248 1902 434 1940 conscium,
447 1902 534 1943 quod
553 1903 713 1935 audacius
736 1903 779 1934 de
798 1904 884 1935 inso-

182 1952 288 1984 tentia
303 1961 368 1993 qua
382 1961 455 1983 sese
472 1951 604 1982 adorari
622 1953 756 1984 volebat
773 1953 884 1994 palam

182 2006 388 2045 loqueretur,
422 2005 588 2035 truncatis
624 2006 796 2043 membris,
826 2005 883 2035 ab·

182 2053 297 2085 scissis
313 2053 462 2093 auribus,
478 2064 516 2084 ac
535 2064 629 2093 naso,
646 2054 810 2096 labiisque
827 2054 884 2085 de-

182 2102 460 2144 formatum,cum
474 2113 555 2135 cane
569 2104 600 2133 in
614 2114 719 2134 cavea
733 2105 884 2136 clausum

183 2152 520 2193 circumferrijnssit‚
534 2153 659 2193 diuque
674 2158 798 2184 tortum
814 2159 883 2184 tan-

183 2202 262 2233 dem
300 2203 449 2234 necavit.
509 2204 708 2244 Quanquam
737 2204 802 2235 alia
831 2204 885 2234 alii

183 2253 405 2293 scripserunt.

226 2306 289 2334 523
302 2303 483 2344 Repertori]
492 2303 711 2334 Archilochus
727 2308 790 2342 cst,
806 2304 885 2344 poc-

184 2356 220 2382 ta
233 2352 361 2392 primus
377 2352 466 2383 inter
487 2363 543 2383 cos
560 2353 615 2393 qui
632 2353 764 2383 lambos
780 2353 886 2393 scrip-

186 2410 273 2433 sere.
324 2402 438 2432 Tanta
463 2402 495 2433 vi
527 2403 603 2433 illos
632 2403 664 2433 in
693 2403 885 2443 Lycamben

186 2460 338 2483 socerum
354 2450 541 2492 distrinxit,
564 2453 653 2493 quod
670 2454 732 2483 sibi
750 2458 885 2492 pactam

186 2501 369 2532 Neobulen
405 2500 503 2530 alteri
533 2503 746 2541 collocasset,
777 2507 814 2531 ut
843 2503 885 2532 ad

186 2552 346 2592 laqueum
368 2550 461 2580 illum
479 2552 692 2591 compulerit.
738 2551 794 2581 Ob
810 2560 885 2581 ver-

187 2609 285 2632 suum
302 2604 414 2630 autem
441 2600 664 2639 petulantiam
691 2602 723 2632 in
749 2601 886 2631 exilium

188 2649 309 2682 missus
324 2659 333 2679 :
366 2658 557 2689 quanquam
586 2659 652 2680 non
682 2651 807 2682 desunt
831 2650 887 2690 qui

189 2698 233 2731 ab
249 2698 336 2730 illius
352 2698 548 2729 domesticis
566 2703 723 2731 necatum
739 2700 865 2732 dicant.

275 2750 391 2792 Delpla.
408 2754 439 2783 et
457 2750 535 2783 Var.
549 2751 635 2783 Clas.

854 2750 952 2783 Ovid-

979 1554 1041 1583 525
1061 1551 1125 1587 Qui
1140 1551 1290 1592 carmine]
1304 1553 1450 1586 Quidam
1467 1553 1509 1585 ad
1524 1553 1638 1587 Anax·

936 1600 1103 1632 andriden
1130 1601 1228 1642 falso,
1257 1603 1312 1634 alii
1343 1603 1385 1634 ad
1413 1603 1637 1638 Aristotelem

936 1652 1106 1692 quendam
1123 1651 1286 1685 referunt.
1332 1653 1485 1685 Alciatus
1508 1660 1541 1686 et
1556 1656 1638 1687 Tur-

935 1702 1043 1733 nebus
1061 1703 1103 1734 de
1120 1703 1338 1744 Hipponacte
1354 1704 1443 1735 hunc
1460 1705 1569 1736 locum
1586 1706 1638 1736 in-

937 1752 1159 1792 telligendum
1188 1752 1413 1792 contendunt,
1437 1754 1492 1794 qui
1514 1755 1640 1786 claudi-

936 1808 1036 1833 cante
1060 1808 1096 1834 et
1124 1813 1240 1843 parurn
1266 1804 1377 1834 stabili
1411 1814 1525 1843 versu,
1559 1806 1638 1837 Sca-

936 1857 1048 1891 zonte,
1065 1853 1208 1892 scilicet,
1225 1853 1257 1883 in
1284 1854 1453 1893 Bupalum
1472 1858 1506 1885 et
1533 1854 1638 1886 Athe-

937 1902 993 1933 nin
1009 1903 1165 1934 invectus
1182 1904 1248 1941 sit3
1272 1913 1338 1943 quo
1366 1903 1398 1933 in
1422 1904 1572 1935 carmine
1593 1914 1637 1935 ne

939 1952 1082 1983 Athenis
1110 1953 1245 1993 quidem
1273 1954 1479 1993 pepercerit.
1525 1952 1639 1995 Atque

938 2003 1010 2033 haec
1038 2004 1208 2043 posterior
1237 2004 1410 2034 sententia
1436 2013 1510 2033 cum
1530 2004 1640 2044 potior

938 2053 1085 2093 videtur,
1116 2054 1198 2084 clar.
1224 2053 1384 2093 Salvagn.
1412 2052 1476 2084 fuit
1504 2063 1638 2095 quoque

938 2103 1140 2145 approbata.

981 2156 1043 2184 527
1067 2153 1161 2194 Lym»
1183 2152 1282 2192 vates]
1318 2152 1473 2184 Alcaeum
1503 2153 1640 2193 poetam

940 2204 1081 2245 lyricum
1112 2213 1188 2234 cum
1225 2203 1346 2234 eodem
1382 2203 1640 2235 accuratissimo

933 2253 1064 2293 juucni,
1081 2259 1119 2283 nt
1144 2253 1217 2292 ipse
1243 2253 1303 2291 ait,
1321 2252 1393 2282 viro
1410 2255 1518 2291 certe,
1533 2252 1641 2283 credi-

940 2304 1046 2334 derim
1083 2302 1238 2342 indicari,
1276 2303 1334 2343 qui
1379 2302 1641 2334 mordacissimis

942 2353 1091 2383 versibus
1120 2352 1291 2384 Pittacum
1331 2351 1518 2390 praecipue,
1546 2352 1642 2383 alios·

941 2413 1004 2444 quc
1022 2403 1055 2432 in
1071 2402 1182 2442 patria
1197 2400 1412 2440 tyrannidem
1429 2406 1642 2442 exercentes,

941 2453 1126 2482 insectatus
1144 2455 1206 2480 est.
1253 2449 1318 2479 Alii
1338 2454 1451 2479 tamen
1473 2450 1515 2480 de
1537 2451 1642 2483 Stesi-

941 2502 1042 2531 choro
1077 2498 1244 2528 maledico
1291 2498 1395 2538 poeta
1431 2500 1638 2541 intelligunt.

941 2550 1070 2581 Fabula
1096 2554 1146 2579 cst
1173 2550 1328 2589 obscura,
1354 2549 1388 2580 in
1413 2560 1480 2591 qua
1503 2553 1640 2593 conjec-

941 2605 1018 2630 tura
1034 2609 1118 2639 opus
1133 2604 1197 2629 est.

983 2652 1046 2679 528
1070 2650 1211 2679 Dextera
1234 2648 1323 2687 laesa]
1363 2650 1432 2680 Per
1463 2650 1638 2686 dexteram

940 2699 1055 2729 laesam
1071 2696 1170 2729 fidem
1189 2698 1355 2739 intellige,
1378 2709 1478 2741 quam
1501 2701 1639 2736 Pittaco

1478 2752 1555 2788 80
