1877 3193
209 174 324 218 2686
704 185 746 215 P.
778 183 938 213 ovmn
972 181 1186 212 NASOle

210 281 348 333 Quid,
368 281 455 321 nisi
478 278 693 328 Pierides,
716 278 877 319 solatia
896 277 1070 328 frigida,
1091 280 1240 328 restat,
1615 278 1672 321 45

267 348 370 390 Non
391 351 499 389 bene
521 349 574 387 de
595 347 725 387 nobis
747 360 844 400 quae
868 358 1055 386 meruere
1077 345 1188 388 Deae
1202 345 1222 385 'l

209 416 272 458 At
292 420 354 467 tu,
374 418 442 457 cui
466 417 626 456 bibitur
648 415 822 455 felicius
845 413 1015 454 Aonius
1037 414 1148 464 fons,

266 486 441 528 Utiliter
462 487 653 527 studi-um
675 484 792 538 quod
814 484 893 524 tibi
917 484 1045 533 cedit,
1068 496 1182 524 ama.

209 554 433 608 Sacraque
456 555 687 595 Musarum
707 553 860 593 merito
884 553 1007 593 cole:
1041 552 1246 606 quodque
1269 550 1486 603 legamus,

267 622 372 662 Huc
395 622 577 675 aliquod
598 634 713 661 curae
730 621 851 660 mitte
874 620 1060 660 recentis
1082 631 1214 673 opus.
1618 618 1675 659 50

208 740 285 771 rem,
299 731 326 761 si
337 732 551 762 concederetur
565 740 620 770 per
634 740 715 760 soeva
732 730 809 760 bella
823 740 834 766 ,⁰
857 729 930 769 quid
945 734 1084 769 superest
1097 730 1159 760 m‘sz‘
1172 731 1287 769 BIusoe,
1303 729 1452 769 languida
1468 730 1591 770 solatia,
1605 739 1674 770 quae

209 775 288 805 Deoe
303 784 362 804 non
378 775 450 804 bene
473 776 647 804 meruerunt
664 774 700 802 de
716 773 803 802 nobis
813 770 829 803 ί)
874 774 919 803 At
936 775 983 810 tu,
997 782 1016 802 α
1032 782 1089 811 quo
1097 772 1172 810 fons
1188 774 1306 804 Annius
1319 774 1443 804 ducitur
1450 773 1590 812 felicius,
1605 783 1676 803 ama

207 817 343 847 studium
359 818 436 857 quod
452 817 509 846 tib-i
526 815 659 846 vertitur
674 816 706 846 in
722 815 922 846 commodum.
970 815 1013 845 Et
1029 815 1091 845 cole
1105 816 1217 846 merito
1231 826 1319 847 sacra
1333 818 1497 847 Musarum
1506 826 1518 853 ,·
1540 819 1571 847 et
1585 815 1676 846 mitte

210 859 269 891 huc
281 861 403 899 aliquod
417 869 491 899 opus
501 869 583 889 curce
599 868 684 889 novoe
700 860 777 898 quod
788 859 934 898 legamus.

827 942 1064 954 eeeeeeeeeeee

210 1007 272 1038 pro
289 998 516 1030 tacitum—45
542 999 656 1030 Restat
673 997 794 1029 Heius.
813 998 933 1029 scribit
949 1007 1024 1029 cum
1042 1000 1188 1039 quatuor
1205 996 1312 1028 Codd.
1331 1006 1393 1037 pro
1418 997 1509 1036 vulg.
1535 1000 1679 1028 restant:

210 1040 277 1072 duo
310 1042 413 1072 etiam
440 1044 694 1081 p1·oestant.-47
718 1042 794 1072 Pol.
814 1051 890 1072 cum
921 1042 1043 1072 lacuna
1071 1040 1122 1070 cui
1148 1040 1267 1070 bibitur
1290 1039 1308 1057 *
1332 1040 1351 1057 *
1378 1039 1509 1077 felicius
1524 1041 1676 1072 amnis.—

210 1086 252 1113 48
276 1085 356 1115 Duo
372 1084 451 1115 libri
468 1085 733 1116 Utilius...eedc1t:
759 1088 828 1116 tres
844 1089 1017 1125 praeterea
1039 1083 1170 1115 Utilius.

253 1236 292 1263 45
320 1234 471 1274 Frigida]
506 1234 597 1267 Quia
624 1244 690 1266 non
721 1245 763 1265 ex
791 1235 915 1275 animo,
1015 1238 1054 1266 47
1081 1234 1214 1275 Aonius]
1239 1233 1476 1274 Hippocrene,
1500 1233 1572 1263 scil.
1602 1242 1676 1273 quae

210 1283 271 1314 sed
303 1288 456 1323 coactus,
483 1285 647 1315 malorum
673 1295 822 1326 suorum,
837 1286 917 1316 scri-
969 1285 1002 1315 in
1020 1285 1169 1324 Boeotia,
1186 1285 1283 1324 cujus
1300 1294 1378 1324 pars
1392 1288 1554 1315 montana
1566 1283 1678 1313 Aonia

211 1333 338 1373 hendo,
355 1333 542 1366 refricabat
558 1335 764 1366 memoriam.
972 1335 1086 1365 dicta:
1120 1339 1222 1376 atque
1250 1334 1292 1364 de
1320 1334 1419 1374 hujus
1449 1333 1555 1364 fontis
1581 1333 1676 1374 aquis

253 1387 296 1415 46
322 1385 392 1415 Non
408 1385 497 1425 bene]
513 1386 602 1418 Quia
619 1395 680 1427 per
694 1385 827 1417 illarum
844 1394 916 1416 car·
972 1384 1083 1425 poctae
1101 1383 1219 1415 bibere
1236 1383 1451 1415 dicebantur.

211 1434 299 1466 mina
316 1435 498 1475 relegatus.

663 1806 1076 1856 EPISTOLA
1133 1809 1232 1856 ΙΙΙ.

646 1972 853 2015 AMICO
888 1972 1235 2016 INSTABILI.

775 2145 1138 2178 ARGUMENTUM.

215 2229 370 2261 ᾹΜιευΜ
395 2238 576 2270 suppresso
604 2230 738 2261 nomine
756 2234 865 2270 taxat,
893 2232 1032 2272 ejusque
1056 2231 1234 2271 perfidiam
1250 2241 1288 2262 ac
1314 2232 1488 2263 levitatem
1513 2230 1677 2270 ostendit,

258 2283 347 2325 quod
363 2293 440 2314 cum
457 2287 559 2314 antea
575 2292 593 2313 a
608 2283 732 2314 teneris
749 2284 851 2322 annis
872 2294 987 2315 secum
1005 2284 1281 2325 conjunctissime
1297 2293 1433 2324 semper
1449 2284 1584 2324 vixerit,
1604 2288 1678 2315 tan-

259 2337 337 2368 dem
353 2337 386 2368 in
402 2335 547 2367 adversa
571 2335 643 2376 ejus
659 2334 795 2367 fortuna
820 2345 887 2367 non
911 2336 1011 2367 modo
1027 2346 1103 2367 enm
1131 2337 1280 2376 deserat,
1295 2336 1353 2367 sed
1371 2337 1472 2368 etiam
1490 2337 1625 2369 simulet
1641 2348 1676 2369 se

260 2401 328 2422 non
343 2400 562 2431 cognoscere.
607 2390 786 2421 Postremo
803 2390 895 2421 illum
909 2395 1025 2422 monet
1041 2394 1077 2421 ut
1094 2390 1238 2422 fortunae
1253 2390 1415 2422 variantis
1429 2390 1676 2423 vicissitudines

259 2449 294 2476 et
311 2444 488 2476 levitatem
507 2449 585 2475 ante
603 2444 718 2476 oculos
736 2449 853 2486 ponat.

217 2547 574 2614 CONQUERAR,
597 2578 650 2605 an
671 2566 872 2606 taceam?
903 2577 1062 2619 ponam
1085 2565 1180 2605 sino
1202 2566 1376 2606 nomine
1396 2566 1589 2608 crimen?

275 2631 348 2671 An
367 2635 531 2683 notum,
553 2633 627 2687 qui
649 2633 726 2683 sis,
749 2633 948 2674 omnibus
970 2645 1067 2674 esso
1087 2633 1254 2674 veliin?

266 2739 454 2781 conquerar,
469 2753 509 2772 un
523 2742 659 2774 sileam?
705 2744 863 2776 -Pouamne
884 2744 1000 2775 crimen
1024 2742 1089 2775 siue
1106 2742 1246 2781 munium
1269 2754 1310 2775 un
1323 2743 1446 2783 cupium
1460 2752 1524 2774 esse
1536 2749 1675 2783 perspec-
