1877 3193
849 204 960 236 [BIS.

1515 195 1629 238 2769

172 300 370 354 Cumque
389 311 470 352 ego
491 310 657 352 quassa
675 310 786 340 meae
806 298 1076 352 complectar
1094 298 1290 341 membra
1310 297 1471 342 carinae
1489 312 1501 352 ;

228 366 463 420 Naufragii
481 366 660 408 tabulas
682 370 847 420 pugnat
866 367 1028 407 habere
1049 368 1148 407 mei.

172 433 228 474 Et
247 434 323 487 qui
344 433 554 475 debuerat
573 435 745 476 subitas
767 434 1020 485 extinguere
1041 434 1258 485 flammas,

226 501 318 541 Hic
337 501 532 554 praedam
552 502 696 542 medio
716 505 863 554 raptor
880 501 935 540 ab
956 500 1054 550 igne
1071 501 1192 551 petit.
1573 499 1629 541 20

170 566 337 608 Nititur
354 572 400 608 ut
421 567 618 620 profugae
641 567 783 607 desint
803 566 1011 606 alimenta
1033 570 1249 619 senectae3

228 635 335 676 Heu
353 640 519 689 quanto
539 635 697 675 nostris
718 633 886 686 dignior
904 633 999 687 ipse
1018 633 1173 674 malis!

172 700 233 743 Di
253 701 407 741 melius
426 701 434 741 !
466 713 651 753 quorum
671 700 802 752 longe
822 700 926 740 mihi
945 699 1168 740 maximus
1189 699 1264 741 ille
1287 705 1370 753 est,

229 767 319 817 Qui
339 771 515 808 nostras
537 767 694 820 inopes
717 767 858 807 noluit
881 779 981 807 esse
1002 767 1114 807 vias.

172 834 293 876 Huic
312 834 440 886 igitur
461 833 638 875 meritas
660 837 816 887 grates,
837 838 1071 887 utcumque
1090 833 1255 885 licebit,
1574 834 1632 876 25

228 901 318 941 Pro
337 904 430 941 tam
449 906 680 942 mansueto
701 905 878 955 pectore
900 913 1070 954 semper
1089 913 1231 954 agam.

170 966 335 1008 Audiet
351 967 447 1009 haec
469 968 658 1010 Pontus:
689 969 827 1010 saciat
847 981 1021 1022 quoque
1041 967 1227 1010 forsitan
1246 969 1380 1020 idem,

225 1034 365 1075 Terra
385 1035 441 1076 sit
461 1038 507 1076 ut
527 1036 707 1090 propior
728 1034 1004 1077 testificanda
1024 1034 1148 1077 mihi.

171 1153 232 1184 tori
252 1153 414 1184 lamentari
431 1154 548 1192 funera
570 1156 676 1186 mariti
690 1156 766 1187 vivi.
811 1156 858 1187 Et
872 1166 940 1187 cum
956 1165 1012 1194 ego
1029 1154 1180 1186 retineam
1191 1157 1298 1194 partes
1313 1155 1430 1186 laceras
1443 1164 1519 1187 meoe
1531 1155 1634 1194 natis,

169 1195 325 1226 contendit
342 1196 480 1227 obtinere
501 1197 621 1228 tabulas
647 1198 707 1229 mei
722 1198 895 1237 naufragii.
942 1199 985 1228 Et
1002 1199 1053 1237 qui
1068 1196 1230 1228 tenebatur
1246 1197 1416 1236 opprimere
1423 1198 1572 1238 flammas
1586 1208 1634 1228 re·

168 1238 324 1277 pentima,
342 1238 370 1267 is
396 1240 503 1278 proedo
532 1240 682 1279 corripuit
712 1241 856 1280 rapinam
881 1250 920 1271 ex
946 1240 1020 1278 igne
1044 1240 1154 1270 medio.
1200 1239 1266 1270 Dat
1291 1249 1415 1278 operam
1436 1243 1471 1271 ut
1486 1241 1635 1271 alimenta

170 1280 270 1311 desint
293 1283 423 1311 senectae
445 1282 529 1312 exuli
540 1292 551 1317 ;
573 1282 629 1312 heu
659 1286 772 1321 quanto
795 1283 861 1322 ipse
881 1283 1008 1321 dignior
1023 1282 1138 1312 nostris
1153 1281 1409 1313 calamitatibus!
1453 1282 1513 1312 Dii
1528 1283 1637 1312 melius

171 1324 442 1363 prospexerunt!
466 1333 595 1362 quorum
623 1324 675 1354 ille
696 1324 773 1354 mihi
798 1325 887 1362 longe
912 1322 1078 1362 maximus,
1100 1323 1153 1363 qui
1178 1323 1276 1353 noluit
1299 1326 1419 1353 nostros
1439 1332 1557 1354 errores
1573 1333 1636 1354 esse

170 1374 292 1404 egenos.
336 1366 482 1404 Adeoque
508 1375 601 1403 agam
620 1375 739 1405 semper
754 1366 801 1396 illi
818 1366 945 1404 gratias
958 1366 1083 1404 dignas,
1110 1364 1290 1404 ubicumque
1310 1365 1449 1404 dabitur,
1462 1375 1519 1405 pro
1534 1366 1636 1398 animo

171 1410 235 1437 tum
249 1405 321 1437 leni.
368 1406 488 1437 Pontus
503 1407 565 1438 ista
580 1406 747 1447 intelliget.
791 1408 975 1444 Idemsorte
991 1408 1084 1439 etiam
1095 1406 1214 1446 faciat,
1230 1410 1265 1437 ut
1281 1410 1366 1438 terra
1376 1407 1578 1448 propinquior
1593 1408 1637 1439 sit

777 1485 1012 1498 eeeemaeaee-‘e

171 1535 256 1564 —20
266 1533 337 1565 Pro
354 1532 418 1563 Hic
429 1532 483 1563 alii
498 1532 542 1563 Is.
559 1533 628 1564 Pro
645 1534 724 1572 petit
741 1532 796 1563 aiii
812 1531 908 1571 rapit,
919 1535 977 1562 aut
988 1532 1157 1563 tulin—22
1170 1532 1236 1563 Ms.
1249 1532 1382 1563 Bersm.
1397 1533 1480 1564 Hem
1488 1537 1635 1574 quantum

173 1579 219 1606 est
231 1585 244 1612 ,-
258 1579 406 1615 quantum
417 1575 521 1605 etiam
538 1575 604 1605 duo
623 1576 662 1605 R.
677 1575 787 1606 Codd.
810 1573 1041 1614 Bersm.conj.
1058 1574 1143 1605 Hem
1158 1578 1284 1614 quanto,
1302 1579 1338 1605 ut
1355 1575 1399 1606 sit
1415 1575 1634 1616 indignantis.

172 1618 255 1648 Mox
267 1617 333 1656 ipse
347 1616 451 1647 habet
473 1616 537 1647 Ed.
552 1617 695 1647 Domitii
711 1626 718 1646 z
736 1616 794 1646 iste
809 1616 978 1655 meliores,
995 1620 1083 1647 teste
1100 1617 1245 1647 Heins.:
1270 1620 1305 1647 at
1320 1617 1371 1647 ille
1386 1618 1559 1656 vulg—23
1572 1620 1635 1650 Est

171 1668 240 1690 non
251 1658 379 1689 habent
396 1659 513 1698 primae
531 1658 619 1689 Edd.
637 1668 700 1688 nee
713 1657 834 1698 scripti
853 1657 960 1690 Codd.
974 1658 1174 1690 Barna—24
1186 1658 1260 1689 Pol.
1274 1663 1309 1689 et
1322 1659 1406 1689 alius
1423 1660 1505 1698 inop.
1520 1671 1580 1691 non
1595 1662 1637 1692 si-

172 1702 221 1732 nit
236 1703 397 1732 essen—25
426 1701 597 1740 Utcumque
621 1701 704 1731 editi
721 1705 756 1731 et
772 1700 870 1731 multi
888 1701 1031 1740 scripti;
1055 1710 1255 1740 quascumque
1278 1701 1418 1731 Domitii
1451 1702 1516 1732 Ed.
1544 1703 1635 1743 quod

173 1752 240 1774 non
257 1743 417 1783 displicet
434 1743 644 1773 Bersmanuo
658 1754 666 1774 :
696 1742 785 1773 forte
813 1751 877 1782 pro
899 1751 1095 1782 quacumque.
1120 1743 1238 1773 Burm.
1283 1743 1324 1773 In
1352 1743 1505 1783 plurimis
1531 1745 1634 1777 editis

174 1785 452 1825 ubicumque—26
477 1786 517 1815 R.
543 1789 608 1815 tum
629 1784 722 1823 felici
743 1787 912 1825 pect.——27
938 1784 1086 1817 Quidam
1114 1785 1237 1815 Audiat
1252 1784 1319 1825 hoc,
1335 1786 1389 1815 vel
1406 1785 1489 1816 hoec:
1514 1787 1634 1819 Heins.

173 1827 311 1859 volebat
335 1827 453 1859 Audiet
469 1827 535 1859 has.
557 1828 640 1859 Tum
660 1827 763 1865 faciet
789 1826 874 1858 editi
899 1827 1051 1868 plurimi,
1067 1830 1104 1858 et
1116 1826 1268 1859 nonnulli
1291 1827 1507 1869 scripti.—28
1530 1829 1636 1862 Multi

835 1923 975 1956 NOTAE

172 1988 285 2020 omnia
294 1989 460 2022 trahendo
472 2000 481 2029 ;
503 1995 541 2022 ut
554 1991 675 2023 merito
690 1992 877 2032 relegatum

174 2048 283 2080 neque
299 2049 447 2082 unquam
463 2042 690 2073 revocandum
707 2044 877 2074 Nasonem

174 2089 347 2121 suaderet.

218 2142 257 2170 15
282 2139 451 2180 Perpetuo]
487 2140 541 2171 Ad
565 2142 714 2181 priorum
736 2142 879 2173 duarum

174 2198 317 2221 uxorum
334 2189 573 2230 differentiam,
595 2192 794 2231 quibuscum
812 2192 880 2224 Na-

173 2240 264 2272 sonis
278 2238 420 2270 infirmae
437 2239 576 2272 fuerunt
590 2243 730 2281 nuptiae.

219 2291 260 2320 16
284 2289 358 2319 Non
369 2290 508 2329 patitur]
545 2291 633 2323 Quia
660 2292 751 2323 illam
779 2292 880 2324 dictis

176 2342 235 2371 aut
247 2337 348 2370 factis
366 2340 467 2370 etiam
485 2341 643 2372 vexabat.

221 2390 361 2430 Funera]
397 2391 607 2432 Frequenter
632 2393 675 2423 de
701 2393 803 2425 exilio
820 2403 878 2424 suo

177 2439 281 2472 sicuti
295 2439 338 2470 de
355 2446 465 2472 morte
483 2441 642 2482 loquitur.

220 2492 260 2521 17
284 2490 443 2529 Memora]
472 2491 706 2532 Metaphovice
724 2492 765 2524 de
783 2493 879 2525 bonis

177 2538 259 2578 suis,
271 2543 431 2579 tanquam
444 2539 567 2571 tabulae
579 2548 692 2574 essent
704 2542 881 2583 naufrago,

179 2596 246 2619 non
262 2589 322 2618 abs
337 2598 371 2618 re
388 2589 547 2629 loquitur.

223 2640 263 2668 18
302 2637 443 2676 Habere]
488 2639 564 2677 Ille,
600 2641 744 2683 scilicet,
773 2643 878 2673 hortis

180 2686 384 2719 Nasonianis
396 2692 496 2727 atque
510 2689 661 2727 ejusdem
675 2691 801 2733 domui,
817 2692 880 2722 sic-

177 2736 230 2768 uti
247 2736 456 2777 proscriptus
473 2742 576 2777 esset,
592 2739 755 2773 inhiabat.

976 1994 1016 2022 19
1051 1991 1264 2032 Extinguere]
1305 1991 1499 2023 vicinorum
1531 1995 1635 2034 atque

934 2041 1117 2071 amicorum
1148 2050 1255 2080 more,
1285 2042 1354 2082 qui,
1384 2042 1412 2072 si
1441 2041 1519 2073 boni
1545 2047 1637 2083 sunt,

933 2101 1071 2132 operam
1089 2101 1182 2122 suam
1205 2091 1352 2123 incendii
1368 2092 1401 2123 in
1419 2093 1570 2133 periculo
1584 2102 1635 2125 so-

933 2142 1003 2173 lent
1022 2147 1196 2182 praestare.

979 2191 1151 2231 Flammas]
1168 2191 1321 2232 Metaph.
1335 2192 1377 2223 de
1391 2193 1495 2224 exilio
1511 2202 1570 2224 suo
1588 2193 1635 2224 lo-

935 2242 1062 2284 quitur.

976 2295 1018 2323 20
1044 2291 1147 2330 Petit]
1162 2290 1262 2324 Quod
1276 2291 1427 2323 vilissimi
1444 2296 1480 2323 et
1495 2292 1635 2332 pessimi

935 2345 985 2372 est
1000 2341 1186 2373 nebulonis.

975 2394 1014 2422 21
1040 2391 1196 2429 Profugoe
1219 2392 1366 2423 alimenta
1385 2391 1530 2430 senectae]
1567 2391 1634 2422 Hae

934 2442 1082 2474 Nasonis
1104 2442 1235 2481 junctae
1261 2450 1375 2478 voces,
1401 2450 1475 2480 quae
1498 2440 1540 2470 ad
1565 2449 1635 2470 mo-

933 2492 1076 2524 vendam
1097 2501 1175 2530 erga
1196 2500 1231 2521 se
1259 2489 1523 2521 misericordiam
1555 2494 1636 2521 sunt

934 2540 1086 2579 inprimis
1096 2539 1239 2577 idoneae,
1248 2547 1313 2568 non
1322 2538 1485 2568 minorem
1498 2537 1634 2570 inimico

934 2589 1083 2621 conflant
1099 2589 1270 2618 invidiam.

976 2642 1016 2669 23
1042 2638 1115 2676 Ille]
1156 2638 1205 2667 De
1224 2636 1379 2676 Augusto
1402 2638 1562 2679 loquitur,
1579 2638 1635 2670 cui

935 2689 1010 2719 vivo
1028 2687 1132 2717 divini
1150 2687 1292 2717 honores
1309 2688 1437 2718 tributi.

977 2741 1017 2769 24
1043 2736 1172 2776 Noluit]
1205 2737 1373 2778 Namque,
1387 2743 1424 2769 ut
1437 2737 1518 2768 alibi
1529 2741 1635 2770 testa-

267 2789 381 2832 Delph.
397 2792 427 2821 et
443 2790 515 2821 ναν.
533 2790 617 2822 Clas.
865 2792 959 2823 ovid.
1470 2794 1489 2821 8
1513 2791 1546 2821 N
