1877 3193
606 208 850 240 Tnis'rmM
885 209 983 238 Lm.
1016 208 1063 238 v.
1092 196 1136 237 7.
1496 194 1607 236 2461

634 504 955 554 ELEGIA
1012 502 1131 548 vll.

691 651 1052 684 ARGUMENTUM.

154 756 274 787 Amco
303 752 470 796 quaerenti
497 752 579 794 quid
607 752 725 792 ageret
752 750 787 780 in
814 749 969 790 Scythia,
995 747 1182 789 respondet
1210 746 1364 778 breviter
1392 745 1549 788 Ovidius,
1578 757 1615 779 se

192 809 349 839 miserum
365 817 451 838 esse.
500 803 722 837 Postmodum
739 802 931 833 Tomitanae
948 801 1097 841 regionis
1112 800 1298 832 incolarum
1315 810 1425 832 mores
1439 801 1616 833 describit.

193 861 331 892 Deinde
347 861 431 892 dicit
446 859 568 891 studiis
595 857 738 899 poeticis
763 855 910 886 animum
934 855 1093 895 detineri,
1111 863 1150 886 ac
1173 854 1279 896 pasci,
1295 858 1330 885 et
1353 864 1388 885 se
1412 854 1616 886 carminibus

194 915 281 946 mala
298 924 358 945 sua
374 914 540 945 oblivisci.

154 1020 328 1080 QUAM
351 1037 481 1089 legis,
504 1049 561 1076 ex
581 1035 658 1075 illa
679 1034 760 1074 tibi
781 1033 903 1075 venit
924 1033 1114 1087 epistola
1134 1035 1260 1082 terra,

213 1104 350 1146 Latus
369 1105 444 1144 ubi
466 1103 685 1155 aequoreis
708 1101 882 1142 additur
905 1101 1024 1142 Ister
1044 1101 1188 1154 aquis.

157 1172 206 1213 Si
227 1172 309 1212 tibi
328 1171 536 1222 contingit
558 1183 659 1210 cum
680 1170 799 1209 dulci
821 1170 910 1208 vita
932 1168 1102 1217 salute3

215 1238 417 1279 Candida
439 1238 644 1278 Fortunae
667 1248 769 1289 pars
792 1239 940 1275 manet
964 1246 1052 1273 una
1072 1245 1198 1273 meae.

157 1306 347 1353 Scilicet,
371 1308 420 1344 ut
441 1317 624 1356 semper,
650 1302 755 1355 quid
775 1314 917 1354 agam,
940 1300 1182 1349 carissime,
1206 1298 1370 1352 quaeris
1389 1313 1398 1340 :
1592 1312 1619 1337 υ

215 1371 433 1421 Quamvis
454 1369 539 1409 hoc
560 1370 631 1410 vel
653 1382 722 1408 me
745 1368 857 1409 scire
879 1370 1048 1409 tacente
1068 1370 1208 1420 potes.

159 1438 266 1479 Sum
287 1438 444 1478 miser:
474 1437 570 1478 haec
588 1437 732 1477 brevis
753 1440 819 1477 est
837 1439 1079 1476 nostrorum
1100 1446 1271 1474 summa
1291 1433 1505 1474 malorum
1524 1446 1532 1472 ε

217 1504 432 1557 Quisquis
452 1509 498 1544 et
518 1503 684 1544 offenso
712 1503 892 1544 Caesare
914 1503 1047 1552 vivet,
1070 1502 1164 1542 erit.

160 1572 309 1613 Turba
327 1570 573 1611 Tomitanae
596 1583 693 1621 quae
716 1570 772 1608 sit
790 1569 995 1620 regionis,
1018 1571 1060 1607 et
1078 1569 1188 1607 inter

222 1637 347 1688 Quos
366 1636 563 1676 habitem
583 1647 739 1684 moreS‚
757 1634 924 1675 discere
953 1647 1057 1675 cura
1079 1634 1157 1675 tibi
1179 1633 1283 1674 est?
1568 1633 1624 1672 10

210 1778 324 1808 Literae
341 1786 415 1816 quus
429 1776 507 1814 legis
533 1775 591 1806 tibi
607 1777 719 1806 adsunt
735 1786 775 1807 ex
790 1775 957 1815 materni,
975 1775 1026 1806 ubi
1043 1778 1147 1805 castus
1170 1772 1335 1805 Danubius
1360 1772 1510 1811 adjicitur
1537 1772 1625 1810 aquis

168 1820 305 1850 marinis.
350 1819 389 1849 Si
418 1819 484 1848 vita
512 1819 570 1848 tibi
598 1818 731 1857 obtingit
763 1829 831 1849 cum
856 1822 951 1858 grata
975 1820 1084 1856 salute,
1109 1827 1181 1857 pars
1205 1826 1264 1847 una
1284 1826 1361 1846 meae
1375 1816 1468 1845 sortis
1483 1817 1527 1845 est
1543 1815 1626 1845 laeta.

170 1863 341 1899 Nimirum,
374 1864 407 1891 ut
437 1870 553 1900 semper
580 1862 673 1899 petis,
701 1861 776 1900 quid
797 1861 929 1900 faciam,
958 1860 1174 1892 dilectissime.-
1194 1862 1282 1899 potes
1306 1858 1360 1888 hoc
1383 1857 1558 1895 intelligere
1580 1866 1627 1886 me

169 1906 262 1935 eliam
279 1914 337 1934 non
355 1904 522 1933 indicante.
568 1903 644 1933 Sum
668 1903 791 1940 infelix.
840 1905 919 1934 Hoec
943 1908 989 1934 est
1016 1903 1115 1933 brevis
1135 1911 1253 1931 summa
1269 1904 1442 1931 nostrorum
1458 1899 1627 1929 malorum.-

168 1951 197 1978 εἰ
213 1947 348 1987 quisquis
373 1946 454 1976 vicet
475 1946 599 1976 Caesare
614 1946 696 1984 loeso,
708 1946 780 1976 erit.
818 1946 913 1986 Cupis
936 1954 1117 1985 cognoscere
1131 1944 1200 1983 quis
1218 1943 1261 1973 sit
1273 1952 1354 1981 grex
1368 1942 1472 1981 plaga>
1490 1940 1628 1971 Tomita-

780 2039 1015 2051 eeeeeeeeeee

215 2106 229 2134 1
256 2103 324 2134 Pro
340 2113 380 2134 ex
402 2104 461 2134 illa
486 2108 556 2134 tres
583 2103 659 2134 libri
690 2103 818 2134 habent
849 2113 868 2132 a
896 2101 1049 2142 Scytki‹1;
1087 2104 1121 2131 et
1149 2100 1197 2130 sic
1229 2098 1370 2130 edidere
1402 2097 1559 2128 Vincent.
1590 2100 1627 2127 et

175 2146 371 2186 Gryph.—2
394 2146 532 2177 Additur
549 2146 668 2177 Heins.
691 2146 822 2186 recepit
838 2155 880 2175 ex
902 2154 953 2184 pr.
980 2144 1056 2174 Pol.
1079 2153 1129 2183 pr.
1155 2143 1195 2173 V.
1223 2152 1273 2182 pr.
1301 2141 1375 2172 Pal.
1396 2145 1431 2171 et
1454 2139 1568 2170 multis
1586 2148 1629 2169 ex

173 2189 367 2219 melioribus
392 2199 453 2228 pro
477 2190 568 2228 vulg.
587 2189 759 2227 ,inriguam
793 2198 877 2218 unus
899 2186 1037 2217 labitur:
1072 2185 1222 2215 nonnulli
1246 2193 1321 2215 cum
1347 2193 1396 2223 pr.
1427 2182 1516 2213 Edd.
1549 2181 1631 2212 Ister

174 2233 280 2262 aditur
300 2234 410 2271 aq.—3
436 2231 503 2261 Pro
529 2232 683 2269 contingit
709 2231 804 2261 multi
831 2229 1022 2268 contigerit;
1046 2228 1139 2258 Serv.
1159 2227 1340 2265 continget;
1365 2225 1459 2256 Leid.
1483 2229 1518 2255 et
1544 2224 1629 2254 alius

173 2275 347 2312 contingat,
372 2274 471 2304 etsie
499 2273 560 2303 Ed.
589 2273 785 2313 Gryph.-4
808 2272 887 2302 Duo
917 2270 1035 2310 scripti
1065 2271 1126 2301 erit
1150 2279 1212 2309 pro
1239 2271 1360 2300 manet.-
1385 2273 1421 2299 et
1448 2267 1542 2298 Leid.
1567 2266 1630 2296 ima

176 2319 323 2347 meaa—7
349 2316 468 2347 Comb.
492 2319 522 2346 et
550 2325 609 2356 pro
636 2316 710 2346 hoec.
747 2316 830 2346 Mox
856 2313 975 2354 scripti
997 2319 1031 2343 et
1056 2312 1140 2343 editi
1166 2311 1319 2343 nonnulli
1346 2321 1455 2342 summ.
1483 2309 1631 2340 laborum.

177 2362 238 2389 —8
271 2359 398 2390 Versus
423 2368 540 2400 parum
570 2358 758 2399 appositus.
798 2357 913 2389 Heius.
952 2356 1018 2387 Ms.
1049 2356 1180 2387 Bersm.
1213 2355 1315 2390 vivan
1348 2353 1462 2384 Vatic.
1491 2358 1526 2384 et
1552 2360 1631 2392 qua-

833 2470 972 2504 NOTAE

226 2559 244 2586 2
268 2557 379 2597 Latus]
418 2559 612 2590 Danubium
639 2559 776 2590 fluvium
802 2567 878 2589 esse
976 2558 994 2586 3
1020 2555 1057 2586 Si
1073 2554 1145 2594 tibi]
1176 2554 1211 2584 Si
1228 2553 1310 2583 vivis
1326 2555 1360 2581 et
1376 2551 1478 2581 vales.

184 2607 329 2645 Europae
346 2609 536 2647 maximum,
552 2615 654 2651 atque
671 2610 704 2640 in
730 2609 878 2639 Pontum
975 2608 993 2636 4
1032 2603 1187 2641 Candida]
1233 2602 1357 2631 Beatus
1391 2608 1463 2629 sum
1498 2606 1564 2628 una
1589 2605 1631 2627 ex

186 2656 353 2686 Euxinum
370 2656 628 2697 defluerejuxta
642 2661 776 2698 Tomos,
794 2658 879 2689 frus·
935 2660 1031 2696 parte
1046 2664 1054 2690 ;
1079 2652 1245 2692 siqnidem
1257 2650 1405 2681 amieifla
1422 2649 1483 2680 Ubi
1497 2648 1544 2679 ita
1559 2657 1632 2679 ⁵⁰⁰¹

187 2712 239 2735 tra
260 2705 323 2735 illis
341 2706 595 2746 repetiverimus
625 2710 677 2750 qui
706 2709 880 2751 superiora
929 2706 1083 2746 junctus,
1099 2706 1136 2732 ut
1154 2701 1201 2731 tui
1218 2710 1295 2741 pars
1312 2710 1386 2732 esse
1402 2699 1531 2731 videar.

187 2754 347 2796 legerint.
979 2758 999 2784 9
1025 2752 1141 2794 Turba]
1170 2750 1304 2792 Populi.
