1877 3193
1503 140 1616 184 2783

837 151 949 182 lBlS.

168 244 267 287 Nec
285 247 436 289 mortis
456 258 618 300 poenas
638 258 757 286 mors
780 246 920 287 altera
939 245 1062 287 finiet
1080 244 1209 299 hujus
1227 257 1237 285 :

223 313 434 368 Horaque
455 314 537 355 erit
555 313 689 355 tantis
707 313 859 353 ultima
878 313 995 353 nulla
1016 312 1159 353 malis.

167 379 276 421 Inde
297 394 379 434 ego
399 394 543 435 pauca
564 393 744 431 canam3
774 379 948 420 frondes
966 383 1013 420 ut
1032 379 1070 420 si
1093 379 1195 432 quis
1217 379 1273 419 ab
1293 376 1391 428 Ida,

224 445 315 488 Aut
335 460 549 488 summam
570 447 739 500 Libyco
760 446 813 486 de
834 439 950 486 mare
971 450 1125 498 carpat
1143 447 1336 499 aquam?

169 511 287 552 Nam
304 526 443 566 neque
464 517 573 567 quot
589 513 716 553 flores
739 511 888 552 Sicula
907 513 1143 550 nascantur
1161 512 1204 550 in
1226 511 1392 564 Hybla,

224 578 404 629 Quotve
424 582 548 629 ferat,
570 579 727 626 dicam,
749 581 861 617 terra
883 576 1046 617 Cilissa
1065 589 1233 618 crocos.

168 644 267 686 Nec
289 660 388 686 cum
409 647 550 687 tristis
568 646 720 698 hyems
739 643 973 697 Aquilonis
994 643 1205 685 inhorruit
1221 643 1318 694 aliS,

225 710 372 761 Quam
391 712 528 752 multa
547 711 625 751 fiat
644 710 849 763 grandine
870 723 1005 751 canus
1029 709 1186 751 Athos.

167 777 266 818 Nec
286 778 406 819 mala
424 791 534 820 voce
553 791 651 819 mea
670 778 848 832 possint
868 781 943 818 tua
965 781 1125 819 cuncta
1142 778 1304 828 referri,

225 844 316 885 Ora
335 845 441 886 licet
462 846 628 886 tribuas
646 845 937 899 multiplicata
956 845 1078 886 mihi.

1535 443 1620 485 200

1536 777 1622 819 205

166 980 376 1012 inconsumtis.
422 981 528 1021 Neque
545 991 625 1011 mors
639 982 736 1012 altera
755 981 855 1022 finem
880 982 1014 1021 imponet
1028 979 1213 1011 cruciatibus
1228 979 1317 1018 hujus
1333 980 1458 1010 mortis.-
1480 981 1621 1020 nullaque

166 1023 241 1053 hora
256 1023 318 1053 erit
332 1024 497 1054 novissima
520 1024 618 1054 tantis
644 1024 806 1055 doloribus.
853 1025 922 1062 Ego
938 1034 1036 1062 pauca
1052 1023 1120 1053 inde
1135 1024 1246 1061 dicam,
1263 1026 1297 1053 ut
1310 1024 1336 1053 si
1352 1023 1418 1062 quis
1431 1026 1532 1053 sumat
1539 1022 1624 1060 folia

166 1065 204 1095 ab
221 1065 291 1104 Ida,
312 1067 359 1096 vel
378 1075 487 1105 aquam
509 1076 684 1105 supremam
709 1068 746 1097 de
768 1076 852 1096 mare
868 1066 994 1106 Libyco,
1040 1067 1123 1096 Nam
1139 1075 1234 1105 neque
1257 1075 1410 1096 recensere
1422 1066 1535 1105 possim
1550 1068 1623 1105 quot

158 1106 257 1146 flores
270 1112 437 1138 nascantur
451 1108 485 1139 in
502 1109 620 1149 Hybla,
646 1109 693 1139 vel
713 1112 784 1148 quot
811 1118 911 1139 crocos
935 1110 1026 1138 fellus
1054 1107 1167 1138 Cilissa
1183 1107 1284 1145 ferat.
1329 1108 1410 1145 Nec,
1430 1117 1500 1138 cum
1514 1110 1623 1138 moesta

167 1150 271 1190 hyems
284 1150 385 1181 stez-iit
400 1151 458 1181 alis
474 1151 595 1189 Bmeoe,
610 1161 701 1191 quam
722 1152 816 1181 multa
827 1151 982 1189 grandine
997 1150 1164 1190 Athosfiat
1180 1150 1274 1180 albus.
1319 1150 1427 1190 Neque
1441 1153 1503 1180 tuoe
1514 1159 1625 1180 cerum-

167 1201 215 1223 noe
226 1193 349 1233 possint
362 1203 465 1224 omnes
479 1194 630 1225 recenseri
645 1204 712 1225 mea
727 1203 807 1233 voce,
824 1195 960 1233 quamvis
987 1194 1040 1224 cles
1064 1192 1140 1223 mihi
1162 1202 1217 1223 ora
1243 1192 1458 1233 multiplicata.
1508 1192 1564 1223 Vae
1576 1195 1623 1222 tot

779 1276 1013 1288 aeaeaeaeaeaeaeaeaeaeaeae

168 1328 220 1368 pit
245 1339 308 1369 pro
335 1330 426 1369 vulg.
449 1331 639 1360 ates—198
662 1329 728 1360 Ms.
757 1329 890 1358 Bersm.
919 1329 973 1358 ult.
1001 1329 1112 1359 damna
1135 1328 1208 1360 mal.
1244 1328 1336 1359 Mor.
1361 1328 1447 1358 nulla
1469 1327 1624 1366 magis.—

169 1374 231 1401 199
253 1371 309 1402 Sa.
336 1371 374 1401 In
390 1374 421 1400 te
445 1381 513 1410 ego.
561 1372 644 1401 Mox
672 1380 731 1410 pro
750 1370 880 1408 frondes
906 1371 947 1401 V.
973 1371 1074 1401 habet
1092 1370 1204 1411 flores.
1252 1369 1323 1401 Alii
1339 1370 1442 1400 etiam
1459 1370 1493 1400 in
1509 1371 1624 1401 Ida.—

166 1415 230 1443 200
253 1415 321 1444 Aut
342 1413 459 1445 Burm.
485 1412 581 1443 dedit
604 1422 647 1444 ex
670 1413 714 1443 V.
741 1413 834 1453 vulg.
861 1413 930 1449 ΕΠ
954 1412 1022 1443 Pet
1050 1413 1116 1443 Vel.
1163 1413 1246 1443 Mox
1273 1421 1323 1451 pr.
1347 1413 1409 1442 Ed.
1432 1411 1548 1451 liquido
1563 1421 1624 1452 pro

168 1455 295 1496 Libyco.
350 1455 488 1486 Deinde
514 1455 581 1485 duo
611 1455 691 1484 libri
718 1464 795 1484 mar.
823 1457 929 1492 carpet
959 1457 1114 1493 uq.—201
1147 1454 1202 1484 Fr.
1238 1454 1323 1484 Nam
1354 1463 1411 1483 nec
1436 1457 1507 1492 quot
1531 1453 1624 1491 fron-

167 1499 220 1528 des
240 1498 275 1529 S.
311 1497 393 1527 Tum
421 1499 588 1527 nascuntur
613 1495 749 1536 plurimi
776 1500 812 1526 et
838 1496 958 1535 scripti
984 1500 1020 1526 et
1041 1495 1147 1533 editi3
1174 1495 1206 1526 J.
1231 1500 1266 1525 et
1291 1495 1375 1526 alius
1398 1498 1626 1534 pascuntur.—

166 1542 230 1569 202
253 1539 332 1569 Pet.
351 1537 622 1578 Quotqueferant,
637 1538 697 1567 dic.
714 1547 799 1568 unus
822 1537 907 1567 liber
925 1537 1045 1572 Quotve
1062 1537 1182 1575 ferax;
1205 1541 1241 1568 et
1256 1537 1346 1567 Mor.
1372 1537 1487 1571 Quoeve
1502 1537 1626 1574 serant.

169 1581 309 1611 Deinde
325 1585 395 1612 tres
411 1584 497 1610 terra
526 1581 651 1611 Falisca
677 1582 866 1610 crea—205
892 1579 946 1610 Fr.
974 1580 1041 1610 Nec
1056 1583 1111 1610 tua
1126 1590 1154 1610 v.
1172 1590 1213 1610 m.
1235 1582 1382 1619 poterunt
1398 1580 1480 1610 mala
1503 1582 1624 1611 cuncta.

169 1623 272 1654 Multi
286 1623 389 1654 etiam
403 1623 488 1654 editi
498 1625 666 1662 poterant5
687 1627 722 1653 et
737 1622 813 1653 Pet.
837 1622 923 1652 alter
946 1625 1082 1661 possent.
1104 1623 1199 1653 Unus
1224 1622 1326 1652 etiam
1352 1621 1474 1653 Heius.
1496 1625 1626 1662 possunt

824 1716 970 1748 NOTAE

168 1794 272 1826 habet
284 1792 562 1834 provolvendum,
574 1792 629 1833 qui
644 1793 760 1824 statim
772 1792 868 1824 deor-

170 1855 242 1876 sum
258 1844 456 1883 revolvitur,
471 1847 510 1874 ut
531 1843 656 1874 iterum
685 1848 785 1883 atque
809 1843 870 1874 ite-

170 1904 243 1926 rum
258 1894 401 1925 eundem
418 1894 476 1924 ille
493 1893 615 1924 subeat
630 1893 795 1923 laborem.

213 1947 276 1976 194
293 1943 399 1984 Rotoe]
425 1943 556 1975 Quibus
570 1947 748 1983 torquetur
757 1942 869 1973 Ixion.

212 1997 273 2024 195
311 1994 444 2033 Ramos]
484 1994 567 2024 Illos
600 1993 761 2033 intelligit
788 2002 871 2032 quos

169 2045 334 2076 Tantalus
350 2043 478 2074 frustra
488 2043 578 2083 apud
590 2042 734 2080 Inferos‚
747 2045 783 2072 ut
793 2041 872 2072 inde

171 2105 274 2136 poma
309 2094 489 2134 decerpat,
529 2099 670 2133 captare
716 2091 872 2131 fingitur3

171 2155 261 2176 nunc
277 2145 317 2175 ab
334 2144 433 2175 Ibide
451 2144 568 2174 eodem
586 2152 651 2183 quo
676 2142 731 2172 ille
749 2148 873 2173 conatu

171 2202 206 2228 et
221 2197 337 2228 labore
354 2197 577 2237 nequicquam
595 2195 793 2236 captandos.

214 2249 277 2278 196
291 2246 420 2285 Pascet]
444 2245 735 2278 Quemadmodum
752 2245 870 2276 solitus

173 2301 226 2328 est
238 2296 361 2337 Tityus
375 2306 529 2337 pascere.

215 2349 276 2378 197
303 2348 367 2377 Nec
379 2346 501 2386 mortis]
527 2347 738 2387 Quanquam,
751 2344 872 2385 inquit,

173 2396 262 2428 mala
285 2397 351 2428 alia
381 2397 452 2427 sine
477 2406 616 2427 numero
642 2400 675 2427 te
702 2398 873 2434 maneant,

175 2455 250 2487 quae
280 2446 344 2477 tibi
377 2455 437 2485 per
468 2451 573 2477 totam
612 2446 716 2476 vitam
756 2445 872 2475 mortis

172 2496 280 2528 vicem
294 2500 471 2536 praestent,
484 2505 547 2525 non
560 2497 635 2527 ideo
650 2501 762 2526 tamen
777 2499 873 2524 tanta

174 2546 232 2576 illa
247 2555 323 2586 quae
355 2545 538 2575 memoravi
562 2546 681 2585 quibus
706 2545 777 2575 sine
805 2543 872 2573 sine

177 2598 254 2635 post
279 2592 352 2624 fata
378 2593 566 2634 torquearis
587 2595 656 2625 ullo
685 2594 784 2624 modo
814 2591 873 2622 mi-

176 2646 335 2675 nuentur.

222 2695 284 2726 199
308 2692 400 2733 Inde]
421 2692 474 2723 Ex
497 2691 562 2723 illis
589 2691 684 2723 malis
710 2701 786 2733 quae
813 2689 875 2722 tibi

923 1792 1066 1823 ferenda
1080 1801 1142 1833 per
1157 1792 1273 1823 vitam.

967 1842 1042 1882 Ida]
1064 1843 1187 1873 Monte
1211 1841 1383 1882 Phrygiae‚
1408 1844 1467 1872 aut
1492 1841 1624 1873 Cretae:

924 1902 1115 1933 quanquam
1141 1892 1336 1923 Eustathius
1361 1895 1480 1922 auctor
1495 1894 1547 1922 est
1562 1901 1624 1932 pro

925 1943 1042 1982 quovis
1055 1942 1148 1973 edito
1165 1946 1280 1973 monte
1296 1940 1383 1972 Idan
1398 1940 1496 1971 sumi.

968 1996 1031 2023 200
1070 1992 1177 2032 Mare]
1214 1992 1295 2030 Pro,
1329 1991 1423 2021 mari.
1452 1990 1624 2032 Antique.

926 2042 1089 2082 Libycum
1115 2045 1226 2072 autem
1255 2051 1313 2070 seu
1338 2039 1540 2070 Africanum
1563 2049 1626 2080 pro

926 2093 1042 2132 quovis
1072 2092 1169 2132 mari,
1202 2095 1260 2121 aut
1291 2090 1376 2121 mari
1414 2089 1626 2130 simpliciter,

927 2142 1085 2182 positum.

967 2194 1028 2222 201
1055 2191 1177 2232 Hybla]
1198 2191 1318 2221 Monte
1348 2188 1485 2228 Siciliae,
1510 2188 1625 2229 thymo

925 2251 984 2272 suo
999 2242 1143 2281 celebri;
1168 2246 1205 2272 ut
1220 2250 1312 2280 saepe
1328 2239 1468 2271 dictum.

967 2294 1031 2321 202
1073 2291 1201 2330 Cilissa]
1236 2291 1355 2321 Cilicia
1382 2298 1462 2320 vero
1489 2289 1628 2320 minoris

925 2340 1018 2371 Asiae
1037 2341 1130 2380 regio
1146 2350 1245 2371 croco
1262 2350 1335 2377 suo,
1360 2339 1417 2369 illo
1434 2338 1625 2377 praesertim

925 2391 980 2431 qui
996 2391 1029 2420 in
1047 2391 1180 2431 Coryco
1209 2395 1320 2420 monte
1348 2389 1533 2428 legebatur,
1558 2387 1626 2420 fuit

927 2440 1113 2470 notissima.

967 2493 1029 2519 204
1051 2486 1225 2524 Grandine]
1245 2487 1312 2516 Pro
1328 2486 1405 2516 nive
1423 2485 1548 2525 posuit,
1560 2494 1626 2526 qua

927 2539 999 2578 ejus
1017 2537 1136 2566 montis
1156 2540 1273 2565 vertex
1292 2544 1427 2574 semper
1443 2534 1583 2573 tegitur.

970 2585 1082 2624 Athos]
1121 2585 1315 2615 Altissimus
1347 2585 1380 2614 iu
1418 2583 1626 2615 Macedonia

927 2646 1020 2666 mons
1036 2635 1101 2665 fuit
1117 2635 1157 2664 ad
1176 2644 1266 2664 mare
1282 2640 1474 2674 protensus.

970 2689 1033 2717 206
1055 2684 1285 2726 Multiplicata]
1317 2685 1426 2717 Tanta
1450 2687 1546 2716 certe
1569 2694 1625 2717 co-
