1877 3193
206 160 318 203 2660
698 170 737 201 P.
770 169 926 200 ovinn
960 131 1171 200 NAsoilis

656 434 1085 485 EPISTOLA
1140 436 1207 481 V.

664 600 937 643 MAXIMO
969 598 1206 642 COTTAE.

764 767 1123 800 ARGUMENTUM.

215 872 270 902 An
288 870 474 901 Maximum
492 867 625 899 Cottam
641 864 728 898 hanc
742 865 921 907 epistolam
947 864 1067 904 mittit,
1095 864 1137 895 ad
1153 873 1251 907 quem
1279 865 1381 896 ctiam
1398 866 1552 907 superius
1566 865 1669 905 scrip=

253 928 363 954 serat:
389 921 572 963 laudatque
595 921 669 961 ejus
694 919 896 958 orationem,
912 929 1025 960 quam,
1040 919 1157 950 Romae
1185 919 1220 949 in
1244 917 1320 949 foro
1339 918 1492 959 judiciali
1508 919 1669 957 habitam,

254 976 432 1016 legendam
459 975 619 1005 miserat:
653 977 884 1014 precaturque
912 976 950 1003 ut
976 971 1098 1003 crebro
1115 970 1220 1002 studii
1244 971 1294 1001 sui
1321 970 1510 1011 hujusmodi
1527 971 1670 1010 pignora

252 1030 380 1060 mittat.
424 1027 556 1059 Deinde
586 1027 671 1058 dicit
699 1036 735 1058 se
766 1026 941 1057 absentem
971 1025 1068 1056 illum
1095 1028 1254 1065 tanquam
1285 1027 1491 1063 praesentem
1521 1022 1670 1059 intueri3

255 1082 430 1123 viderique
446 1091 523 1112 cum
540 1089 580 1111 eo
596 1080 713 1111 Romae
736 1088 824 1119 esse,
848 1083 1010 1119 tanquam
1035 1078 1069 1108 in
1095 1077 1192 1108 coelo.
1238 1076 1322 1108 Cum
1350 1085 1432 1107 vero
1455 1074 1610 1106 meminit
1634 1083 1671 1106 se

255 1145 330 1167 esse
348 1136 381 1166 in
395 1134 550 1175 Scythia,
563 1133 648 1165 dicit
663 1133 772 1165 videri
786 1142 822 1164 se
839 1132 882 1164 ad
899 1130 1034 1164 Inferos
1050 1130 1190 1162 reverti.

214 1239 387 1299 QUAM
408 1256 534 1309 legis,
554 1254 669 1295 unde
690 1254 770 1295 tibi
788 1254 985 1294 mittatur
1004 1252 1210 1306 epistola,
1239 1251 1437 1305 quaeris?

275 1324 405 1373 Hinc,
427 1322 504 1363 ubi
526 1321 730 1363 coeruleis
745 1319 944 1374 jungitur
965 1318 1083 1360 Ister
1102 1319 1241 1371 aquis.

215 1380 277 1433 U't
296 1391 413 1443 regio
435 1390 556 1430 dicta
575 1393 657 1438 est,
679 1400 933 1429 succurrere
953 1386 1084 1428 debet
1103 1388 1146 1426 et
1167 1389 1333 1434 auctor,

271 1458 426 1498 Laesus
447 1456 502 1495 ab
522 1455 691 1507 ingenio
714 1453 841 1493 Naso
861 1452 993 1505 poeta
1011 1464 1108 1492 su0.

215 1524 303 1575 Qui
324 1524 421 1572 tibi,
443 1534 576 1576 quam
596 1521 746 1561 mallet
764 1530 959 1573 praesens
980 1517 1144 1558 deferre
1165 1517 1370 1567 salutem,
1644 1532 1671 1558 ο

273 1591 414 1632 Mittit
434 1590 489 1631 ab
508 1588 703 1637 hirsutis,
726 1586 928 1628 Maxime
948 1583 1095 1631 Cotta,
1117 1583 1261 1626 Getis.

215 1660 434 1711 Legimus,
457 1670 483 1697 o
499 1655 694 1710 juvenis,
715 1654 845 1708 patrii
865 1667 950 1694 non
971 1653 1160 1705 degener
1178 1652 1282 1701 oris,

273 1726 407 1767 Dicta
429 1723 508 1764 tibi
531 1723 660 1775 pleno
681 1722 817 1762 verba
835 1721 998 1761 diserta
1018 1719 1127 1759 foro.

217 1793 347 1843 Quae,
370 1803 624 1845 quanquam
639 1790 787 1842 lingua
805 1788 913 1828 mihi
934 1790 1039 1828 sunt
1055 1788 1319 1840 properante
1338 1798 1414 1839 per
1430 1785 1559 1827 horas

274 1860 412 1901 Lecta
432 1858 543 1898 satis
562 1857 738 1908 multas,
759 1869 905 1910 pauca
924 1855 1066 1896 fuisse
1087 1866 1261 1907 queror.
1616 1853 1673 1894 10

265 1976 351 2007 Petis
370 1976 449 2006 unde
473 1974 602 2015 epistola
626 1983 717 2014 quum
739 1973 818 2012 {egis
838 1974 879 2003 ad
904 1975 936 2003 te
951 1968 1125 2002 mittatur?
1170 1969 1268 2008 Hinc,
1283 1968 1335 1999 nbi
1351 1968 1514 1999 Danubius
1529 1968 1675 1999 miscetur

216 2020 302 2058 aquis
315 2019 445 2058 glaucis.
491 2018 660 2057 Postquam
672 2025 727 2046 ora
741 2016 826 2046 dicta
852 2018 911 2054 est,
924 2017 1032 2045 auctor
1050 2014 1147 2050 Naso,
1170 2015 1256 2042 vates
1270 2011 1404 2052 afflictus
1418 2011 1455 2041 ab
1471 2011 1594 2050 ingenio
1609 2021 1676 2051 suo,

216 2061 303 2092 debet
319 2062 414 2092 elium
436 2061 470 2090 in
494 2063 628 2090 mentem
652 2059 767 2089 venire.
815 2058 880 2092 Qui
905 2058 1010 2088 mullet
1036 2055 1152 2096 afferre
1177 2054 1236 2085 tibi
1258 2063 1394 2093 proesens
1417 2054 1559 2091 satutem,
1584 2063 1676 2094 quam

215 2103 316 2132 mittit
331 2103 368 2133 ab
384 2102 516 2142 hispidis
532 2102 636 2132 Getis.
682 2101 840 2140 Legimus,
857 2111 873 2130 o
881 2099 1019 2137 juvenis,
1034 2099 1154 2139 quinon
1165 2097 1323 2127 descivisti
1338 2096 1376 2126 ab
1391 2105 1442 2127 ore
1455 2096 1570 2135 patrio,
1583 2095 1676 2127 rerba

213 2145 337 2184 probata
352 2155 371 2175 ιι
386 2148 416 2174 te
438 2145 471 2174 z'n
488 2143 740 2183 sorosiequeuti.
785 2143 876 2182 Quae,
903 2142 1040 2182 quamvis
1065 2144 1136 2171 sunt
1152 2141 1230 2170 tecta
1255 2149 1273 2169 α
1290 2149 1337 2170 me
1351 2140 1459 2178 lingua
1476 2138 1598 2175 festina
1617 2146 1676 2178 per·

815 2222 1050 2235 eeeeeeeeeee

260 2281 279 2309 3
303 2279 398 2309 Unus
421 2277 508 2308 liber
533 2281 569 2308 et
596 2277 707 2316 Marg.
732 2277 863 2307 Bersm.
883 2278 942 2313 est,
956 2276 1113 2306 succedere
1127 2274 1258 2305 deb.—5
1282 2274 1360 2305 Jun.
1375 2273 1464 2303 vellet
1480 2280 1542 2311 pro
1557 2271 1673 2303 mallet.

218 2322 301 2352 Mox
316 2320 435 2358 deferre
462 2321 580 2350 Burin.
606 2318 746 2358 excepit
762 2328 803 2348 ex
828 2319 869 2348 R.
893 2327 955 2356 pro
978 2318 1068 2355 vulg.
1086 2316 1274 2356 afferre.——-7
1298 2315 1401 2345 Barb.
1417 2313 1676 2352 &gemmis-

217 2368 237 2394 8
262 2359 423 2403 Excerpt.
438 2363 600 2403 Scaliger.
615 2364 701 2392 vasto
717 2370 778 2402 pro
791 2360 955 2400 ptem-9
978 2358 1018 2390 P.
1043 2359 1130 2388 Dan.
1147 2363 1183 2388 et
1200 2357 1298 2388 multi
1320 2357 1373 2388 alii
1393 2355 1475 2387 otrih.
1495 2356 1558 2387 sint
1582 2365 1673 2396 prop.

870 2449 1011 2481 NOTAE

261 2520 281 2548 2
308 2517 470 2557 Caeruleis]
492 2515 598 2546 Maris
614 2515 761 2546 Pontici.
1013 2515 1033 2543 6
1058 2510 1218 2551 Hirsutis]
1249 2511 1339 2543 Quia
1364 2508 1502 2540 hirsutis
1529 2508 1673 2549 pellibus

260 2570 279 2597 3
307 2567 420 2607 Regi-o]
443 2567 482 2597 In
500 2575 566 2607 qua
585 2575 650 2605 ego
665 2565 768 2595 vitam
786 2564 895 2595 traho.
970 2564 1092 2601 induti,
1121 2564 1177 2604 qui
1201 2564 1352 2595 moribus
1382 2568 1417 2594 et
1442 2563 1538 2593 vultu
1559 2561 1673 2602 asperi

260 2619 280 2646 4
303 2617 424 2656 Laws]
457 2617 545 2648 Quia
571 2619 714 2656 propter
737 2614 918 2654 ingenium,
971 2619 1073 2654 atque
1091 2613 1226 2653 hispidi.

221 2674 280 2695 seu
297 2665 410 2705 potius
434 2666 521 2696 illius
537 2666 570 2697 in
587 2664 774 2696 scribendis
791 2668 917 2695 amato·
1012 2666 1031 2694 ⁷
1058 2664 1148 2702 Oris]
1175 2664 1243 2694 Pro
1260 2663 1456 2703 eloquentia
1471 2660 1597 2703 posuit.

219 2714 277 2744 riis
293 2713 447 2754 abusum,
461 2714 571 2754 patria
586 2715 711 2755 pulsus.
946 2704 957 2719 Ι
1013 2717 1033 2750 8
1061 2713 1175 2754 Verba]
1203 2715 1415 2746 Orationem.
