1877 3193
187 157 302 201 2698

190 263 301 306 Cum
321 267 463 305 tamen
482 275 509 304 a
528 262 658 304 turba
676 274 816 303 rerum
836 259 1098 314 requieverit
1115 260 1263 301 harum
1280 272 1292 312 3

245 331 319 374 Ad
339 344 421 372 vos
440 334 690 372 mansuetas
711 329 902 384 porriget
916 329 989 369 ille
1008 340 1162 369 manus
1180 340 1189 368 :

188 397 396 452 Quidque
414 410 571 452 parens
582 410 670 449 ego
691 400 831 438 vester
850 409 993 448 agam,
1015 395 1200 436 fortasse
1220 392 1418 448 requiret.

245 465 375 506 Talia
393 477 476 506 vos
495 465 560 505 illi
580 464 754 504 reddere
773 463 905 503 verba
923 462 1080 504 velim:

188 531 313 575 Vivit
334 531 489 581 adhuc,
512 532 731 584 vitamque
749 530 828 571 tibi
851 530 1005 571 debere
1024 530 1195 579 fatetur,

246 598 391 649 Quam
412 598 536 651 prius
558 610 584 637 a
604 597 697 637 miti
720 595 897 636 Caesare
917 608 1072 637 munus
1091 596 1237 637 habet.

188 666 254 707 Te
272 665 374 714 sibi,
397 677 496 704 cum
516 663 693 715 fugeret,
711 662 891 702 memori
913 662 1026 702 solet
1045 674 1119 703 ore
1138 662 1310 713 referre,

245 730 471 771 Barbariae
492 732 605 770 tutas
625 727 880 768 exhibuisse
900 727 1015 768 vias.

189 797 407 850 Sanguine
429 794 677 836 Bistonium
699 794 817 846 quod
835 806 920 834 non
941 793 1202 846 tepefecerit
1219 807 1380 847 ensem,

246 863 462 905 Effectum
484 874 588 902 cura
607 860 799 914 pectoris
821 873 917 901 esse
938 861 1017 901 tui.

188 929 359 971 Addita
379 933 589 984 praeterea
606 928 712 968 vitae
735 940 916 980 quoque
937 927 1078 968 multa
1093 926 1262 968 tuendae

246 996 447 1046 Munera,
468 1009 521 1036 ne
540 995 742 1050 proprias
764 997 1006 1035 attenuaret
1027 1006 1150 1047 opeS.

190 1064 280 1106 Pro
301 1063 459 1117 quibus
480 1068 529 1103 ut
551 1061 717 1103 meritis
738 1061 941 1102 reseratur
962 1062 1114 1114 gratia,
1133 1061 1269 1115 jurat,

247 1130 305 1171 Se
324 1129 413 1171 fore
432 1129 716 1181 mancipium,
739 1132 913 1182 tempus
931 1129 975 1169 in
997 1140 1140 1178 omne,
1162 1133 1300 1168 tuum.

671 169 713 197 P.
744 167 903 197 OVIDll
937 164 1152 196 NASONIS

1580 456 1638 499 30

1582 791 1640 833 35

1584 1128 1642 1168 40

190 1249 387 1279 multitudine
403 1249 511 1277 horum
537 1248 742 1286 negotiorum,
769 1249 821 1277 ille
843 1249 951 1286 offeret
965 1249 1050 1279 robis
1064 1250 1155 1280 mites
1168 1258 1274 1279 manus
1286 1259 1297 1285 ‚·
1320 1251 1350 1278 et
1369 1247 1459 1286 sorte
1469 1249 1555 1287 petet
1569 1246 1643 1287 quid

191 1301 247 1329 ego
261 1293 362 1320 vester
374 1292 464 1328 pater
481 1288 613 1325 f.aciam
661 1289 758 1328 Cupio
780 1299 831 1318 ros
855 1290 903 1319 illi
926 1300 1071 1328 reponere
1094 1291 1265 1328 hujusmodi
1287 1299 1383 1321 voces,
1432 1290 1519 1320 Vivit
1533 1289 1644 1326 adhuc,

191 1336 219 1363 et
241 1332 381 1371 agnoscit
398 1340 433 1361 se
450 1331 549 1361 teneti
565 1330 623 1360 tibi
638 1330 717 1367 vita,
733 1340 823 1369 quum
846 1334 917 1361 ante
931 1331 1048 1362 obtinet
1063 1333 1173 1362 donum
1189 1342 1207 1361 α
1222 1332 1283 1362 leni
1301 1333 1433 1362 Coesme.
1479 1331 1644 1361 Consuevz't

190 1383 355 1405 memorare
369 1383 420 1403 ore
432 1377 537 1411 gram,
552 1376 583 1402 te
603 1372 770 1412 proebuisse
791 1373 852 1403 sibi
867 1373 933 1403 aias
948 1383 1078 1413 securas,
1093 1384 1160 1404 cum
1186 1374 1218 1403 in
1235 1373 1363 1403 exilium
1386 1373 1644 1414 prqficisceretur.

194 1417 223 1447 F
224 1426 337 1446 ventsse
352 1425 424 1446 cura
440 1415 487 1444 tui
500 1415 594 1444 animi
611 1415 690 1452 quod
704 1424 764 1444 non
779 1414 952 1452 calefecerit
965 1417 1106 1454 gladium
1122 1416 1300 1446 Bistonium
1313 1415 1462 1454 sanguine
1473 1424 1544 1445 suo.
1579 1415 1644 1445 Ad-

184 1458 270 1495 ,recta
286 1458 409 1496 insuper
429 1456 564 1494 plurima
580 1457 658 1485 dona
674 1456 747 1485 vitae
762 1458 986 1495 conservandoe,
1007 1468 1044 1487 ne
1059 1458 1210 1487 minueret
1230 1457 1371 1504 proprius
1393 1457 1533 1487 divitias.
1578 1457 1643 1487 Pro

192 1499 298 1539 quibus
312 1497 466 1538 beneficiis
481 1500 516 1527 ut
540 1497 649 1535 gratia
673 1498 873 1537 rependatur,
890 1480 986 1536 jurat,
1003 1508 1035 1528 se
1052 1498 1200 1537 futurum
1219 1498 1266 1528 lui
1281 1498 1366 1535 juris
1387 1498 1420 1528 in
1435 1508 1520 1529 omne
1535 1508 1642 1529 aevum.

799 1581 1034 1594 eeeeeeeeeeee

193 1646 313 1685 s-picio
338 1645 451 1677 Burm.
453 1646 536 1674 -25
562 1644 681 1675 Heius.
709 1644 859 1675 malebat
876 1645 925 1675 his
951 1655 1044 1676 vacuo
1072 1647 1195 1678 C.—27
1220 1646 1340 1678 Heius.
1364 1644 1645 1676 emendatacura

191 1698 242 1718 r·e⁷
244 1690 338 1718 .—-28
360 1685 527 1717 Twisden.
543 1691 578 1716 et
595 1687 637 1716 P.
657 1687 746 1717 Dan.
763 1696 814 1717 vos
827 1691 963 1718 assuetas
976 1693 1146 1728 pern—30
1170 1690 1247 1720 Duo
1264 1689 1340 1720 libri
1357 1689 1402 1719 ill.
1418 1687 1509 1719 cerba
1531 1686 1646 1724 referre

192 1730 249 1760 rel.
273 1729 366 1759 Serv.
382 1729 503 1759 reddite
518 1728 631 1759 rerba.-
656 1733 690 1759 et
708 1729 795 1760 Edd.
819 1729 971 1770 quaedam
988 1736 1022 1761 et
1039 1732 1191 1762 nonnulli
1209 1731 1327 1772 scripti
1344 1732 1409 1761 colo
1426 1739 1487 1770 pro
1500 1729 1600 1760 velim.
1605 1745 1645 1750 —

193 1775 233 1802 32
273 1771 374 1806 Quam
401 1771 517 1801 Heins.
541 1771 715 1811 rescripsit
741 1781 784 1802 ex
812 1772 983 1819 plerisque
1009 1778 1095 1805 vett.
1124 1784 1186 1814 pro
1213 1775 1300 1814 vulg.
1340 1773 1439 1808 Quod.
1443 1775 1525 1802 -35
1549 1771 1645 1801 Unus

192 1814 276 1843 liber
288 1813 489 1843 Bistoniam.
494 1814 635 1844 ..hastam
680 1814 824 1844 Plurimi
840 1814 942 1844 etiam
956 1825 1017 1846 non
1033 1816 1227 1855 tepefecerat.
1230 1819 1315 1846 —36
1341 1815 1402 1846 Tui
1418 1824 1460 1845 ex
1485 1812 1644 1853 scriptis3

192 1855 278 1894 vulg.
294 1856 441 1886 διώ-37
467 1856 554 1886 Mor.
579 1860 614 1886 et
642 1864 700 1885 sex
716 1856 912 1896 aliiproetei.
935 1861 1008 1888 sunt
1022 1859 1096 1888 vitoe
1111 1860 1198 1890 mult.
1221 1858 1309 1888 Turn
1326 1858 1391 1889 Ms.
1408 1858 1537 1887 Bersm·
1554 1855 1643 1885 mult-

193 1899 429 1928 tenendoe.—-40
453 1896 509 1928 Ita
532 1898 611 1929 olim
635 1897 729 1929 editi.
747 1899 909 1929 Heinsius
928 1899 1049 1941 edidit,
1064 1901 1315 1942 mancipii...tui.·
1337 1910 1398 1932 nec
1415 1898 1543 1930 monuit
1556 1896 1645 1928 unde

846 1984 991 2016 NOTAE

192 2053 353 2093 Pompeio
378 2056 412 2083 et
426 2052 532 2084 Sexto
553 2052 724 2093 Appuleio
741 2053 892 2084 Consuli-

191 2101 264 2141 bus,
280 2112 344 2141 quo
362 2111 447 2132 anno
464 2103 638 2143 Augustus
651 2103 813 2144 decessit,
827 2105 891 2135 Ro-

190 2161 252 2182 mae
280 2151 361 2183 fuit:
386 2162 573 2193 quanquam
598 2154 640 2183 ab
668 2154 726 2184 illo
749 2154 781 2184 in
809 2155 893 2186 Ger-

189 2202 334 2234 maniam
358 2203 456 2241 paulo
474 2208 553 2233 ante
580 2203 709 2233 obitum
736 2204 892 2234 dimissus

189 2257 254 2283 est.
299 2252 401 2282 Drusi
432 2255 557 2290 autem,
590 2252 721 2282 Tiberii
760 2251 892 2292 fratris,

191 2301 279 2332 filius
296 2300 375 2341 fuit,
391 2311 489 2342 quem
504 2306 539 2331 et
554 2310 572 2331 a
588 2301 688 2331 rebus
705 2302 736 2331 in
754 2301 894 2332 Germa·

190 2351 248 2382 nia
263 2352 426 2391 praeclare
454 2351 557 2391 gestis
575 2361 615 2381 eo
642 2351 742 2381 titulo
769 2360 891 2391 cogno-

191 2400 416 2440 rniuatum‚et
440 2411 457 2431 a
473 2400 612 2431 Tiberio
629 2400 774 2440 Augusti
792 2401 891 2440 jussu

190 2450 486 2491 adoptatum‚ja1n
503 2459 604 2490 supra
617 2450 772 2481 diximus.

232 2502 274 2530 26
297 2499 442 2539 Magnis]
470 2498 625 2539 Augusto
642 2503 678 2530 et
692 2499 838 2531 Tiberio.

234 2549 344 2590 Hunc]
373 2550 626 2582 Germanicum.

234 2599 307 2638 Ille]
342 2599 534 2639 Pompeius.

234 2650 276 2677 28
303 2648 378 2687 Vos]
404 2649 552 2681 Libellos
582 2659 658 2682 suos
682 2652 742 2682 aut
765 2649 890 2692 Elegos

194 2697 376 2739 alloquitur
392 2698 493 2731 Naso.

989 2058 1030 2087 29
1054 2056 1189 2096 Parens]
1221 2056 1308 2087 Sunt
1322 2063 1443 2095 nempe
1461 2053 1579 2085 Po'etae
1597 2056 1646 2084 at-

947 2115 1013 2147 que
1041 2106 1208 2137 Oratores
1239 2106 1332 2148 quasi
1360 2109 1475 2145 patres
1512 2112 1644 2134 suorum

948 2165 1100 2196 operum.

990 2209 1031 2236 34
1054 2206 1239 2244 Barbariae]
1258 2205 1327 2235 Per
1340 2208 1458 2243 gentes
1473 2202 1644 2239 barbaras,

945 2254 1088 2293 scilicet,
1118 2254 1360 2284 transeundum
1392 2252 1468 2289 suit,
1503 2260 1576 2281 cum
1610 2251 1643 2281 in

946 2303 1084 2332 exilium
1102 2303 1195 2332 Naso
1217 2301 1503 2342 proficisceretur.
1547 2300 1644 2330 'rutae

945 2355 982 2381 ut
998 2355 1111 2381 essent
1128 2351 1190 2381 viae
1205 2351 1326 2381 Sextus
1343 2354 1571 2390 praecaverat.

987 2403 1026 2430 35
1051 2400 1245 2440 Bistonium]
1263 2400 1453 2436 Bistonum,
1471 2401 1525 2441 qui
1541 2401 1646 2432 Thra-

946 2450 1005 2480 ciae
1022 2448 1161 2480 fuerunt
1188 2450 1303 2490 populi
1331 2450 1555 2490 ferocis-simu
1578 2462 1644 2492 qua

945 2499 1073 2531 Nasoni
1103 2499 1135 2529 in
1166 2499 1340 2539 Scythicas
1367 2500 1522 2541 regiones
1551 2502 1644 2533 eunti

945 2548 1185 2580 transeundum
1202 2548 1280 2580 fuit.

988 2599 1059 2629 Non
1093 2598 1285 2638 tepefecerit]
1334 2599 1500 2643 Adeoque
1539 2601 1644 2634 inter-

943 2647 1054 2682 fectus
1073 2649 1165 2681 Naso
1181 2658 1248 2681 nou
1264 2648 1379 2683 fuerit.
