1877 3193
223 131 337 174 2608
711 145 751 174 P.
784 120 942 174 orlon
973 144 1188 176 NAsoNis

229 236 421 279 Caesaris
444 237 632 279 adventu
653 241 748 279 tota
771 237 983 290 gladiator
1004 250 1137 278 arena

283 305 416 356 Exit3
447 307 488 344 et
508 304 717 345 auxilium
737 316 824 344 non
850 304 944 344 leve
964 304 1110 345 vultus
1130 303 1277 346 habet.

227 373 327 414 Nos
346 385 517 426 quoque
538 376 681 413 vestra
694 372 818 426 juvet
838 371 972 424 quod,
995 384 1082 425 qua
1100 371 1219 422 licet,
1240 384 1318 413 ora
1337 371 1533 415 videmus
1551 388 1561 416 z
1621 375 1676 415 55

283 440 447 481 Intrata
468 443 533 479 est
553 439 731 492 Superis
752 439 867 491 quod
893 439 1048 480 domus
1067 451 1153 479 una
1172 439 1326 480 tribus.

228 508 398 549 Felices
419 507 499 556 illi,
523 507 596 560 qui
617 518 702 546 non
723 505 972 553 simulacra,
996 505 1073 545 sed
1094 506 1233 559 ipsos,

283 573 456 627 Quique
477 574 620 614 Deum
642 585 788 614 coram
809 585 994 625 corpora
1014 584 1118 612 vera
1139 572 1306 614 vident.

227 640 358 690 Quod
381 640 589 692 quoniam
610 638 740 678 nobis
760 638 917 678 invidit
936 638 1087 678 inutile
1108 638 1247 679 fatum
1265 652 1277 689 3

285 705 414 755 Quos
436 704 556 744 dedit
576 716 647 743 ars
670 703 805 750 votis,
826 702 1097 755 effigiemque
1119 705 1232 745 0010.
1621 708 1676 748 60

227 773 302 814 Sic
321 771 524 812 homines
544 783 699 810 novere
723 769 862 817 Deos,
883 781 996 821 quos
1015 771 1177 810 arduus
1200 772 1333 812 aether

285 838 487 879 Occulit:
520 840 562 876 et
584 837 740 876 colitur
759 849 840 889 pro
861 835 977 876 Jove
997 835 1135 876 forma
1152 837 1179 877 J
1185 838 1294 877 ovis.

226 905 443 957 Denique,
464 916 562 956 quae
582 915 757 943 mecum
777 906 858 952 est,
884 905 926 942 et
944 902 1025 943 erit
1045 903 1139 943 sine
1161 903 1261 953 fine,
1284 909 1447 955 cavete,

282 971 354 1012 Ne
374 972 431 1011 sit
452 970 497 1010 in
516 970 660 1010 inviso
684 972 830 1011 vestra
849 970 989 1022 figura
1006 971 1118 1011 loco.

225 1037 344 1078 Nam
367 1040 501 1089 capnt
522 1050 545 1076 e
567 1040 714 1076 nostra.
733 1037 864 1077 citius
884 1037 1051 1077 cervice
1073 1037 1255 1087 recedet,
1622 1040 1679 1080 65

282 1104 340 1145 Et
360 1104 502 1157 patiar
521 1103 658 1143 fossis
678 1104 821 1144 lumen
842 1105 963 1145 abire
987 1105 1107 1157 genis
1125 1118 1134 1145 :

225 1212 342 1251 aliquid
349 1211 438 1249 juret
453 1211 561 1242 habere
577 1212 660 1242 Deos
673 1216 850 1251 proesentes.
898 1213 1064 1244 Gladiutor
1079 1214 1145 1244 exit
1161 1217 1226 1244 totu
1241 1223 1334 1244 arena
1349 1214 1479 1244 adventu
1494 1214 1637 1254 Caesaris,
1648 1219 1678 1245 et

219 1255 319 1291 facies
336 1254 410 1293 ejus
425 1253 542 1293 praebet
556 1263 614 1283 non
639 1264 766 1292 part-am
780 1265 875 1294 opem.
926 1256 1022 1285 Nobis
1046 1257 1142 1286 etium
1165 1257 1274 1295 prosit,
1298 1258 1378 1295 quod
1397 1256 1552 1287 intuemur
1567 1261 1680 1288 vestros

224 1298 326 1326 vultus
341 1299 490 1336 quatenus
503 1296 678 1325 conceditur
692 1305 703 1332 5
726 1298 803 1334 qum!
819 1307 879 1326 una
901 1298 1006 1326 <lomus
1022 1301 1066 1326 est
1081 1298 1207 1327 visitata
1223 1307 1241 1326 α
1261 1298 1361 1327 tribus
1381 1298 1464 1328 Diis.
1510 1300 1605 1329 Beati
1620 1299 1680 1337 illi,

225 1339 278 1377 qui
292 1348 351 1368 non
367 1339 526 1368 intuentur
540 1338 702 1375 imagines,
719 1340 771 1368 sed
795 1339 887 1377 ipsos,
902 1342 932 1368 et
948 1339 1000 1377 qui
1024 1339 1141 1369 vident
1157 1339 1259 1369 Deum.
1275 1349 1389 1375 coram,
1405 1344 1440 1369 et
1455 1349 1582 1379 corpora
1596 1351 1678 1371 vera.

228 1381 317 1415 Quod
328 1390 395 1410 cum
408 1380 547 1419 iniquum
555 1379 663 1417 fatum
678 1380 763 1410 nobis
777 1382 914 1418 negavit,
929 1390 1053 1410 veneror
1064 1381 1259 1410 simulacrum
1274 1384 1303 1410 et
1319 1390 1391 1419 quos
1406 1390 1456 1410 ars
1472 1382 1582 1412 obtulit
1597 1383 1678 1413 ‹lesi-

223 1423 330 1453 deriis.
378 1423 429 1452 Ita
457 1422 590 1452 homines
616 1425 766 1452 noverunt
790 1423 882 1460 Deos,
911 1432 982 1461 quos
1005 1423 1154 1453 excelsum
1177 1423 1283 1452 coelum
1305 1423 1397 1459 relat,
1419 1426 1447 1452 et
1468 1423 1573 1460 forma
1589 1425 1678 1454 Jovis

223 1464 335 1494 colitur
347 1473 404 1502 pro
415 1465 505 1493 Jove.
551 1464 693 1502 Denique
703 1464 869 1502 prospicite
885 1474 921 1493 ne
937 1468 1037 1493 vestra
1053 1464 1180 1503 effigies,
1192 1474 1259 1502 (μα’
1274 1467 1315 1493 est
1329 1467 1358 1493 et
1373 1465 1433 1494 erit
1448 1475 1539 1504 usque
1551 1476 1677 1502 mecum,

222 1506 266 1535 sit
282 1506 313 1536 in
324 1506 387 1536 loco
399 1505 511 1535 odioso.
557 1505 640 1534 Num
653 1505 750 1535 sinam
763 1506 867 1544 potius
883 1508 972 1544 caput
996 1506 1085 1534 avelli
1101 1515 1118 1534 α
1136 1506 1248 1535 nostris
1262 1505 1438 1542 cervicibus,
1453 1511 1483 1536 et
1498 1509 1597 1539 oculos
1609 1509 1677 1539 erui

834 1587 1065 1599 §Not-‘Morte

222 1641 348 1672 Thuan.
373 1641 477 1672 habet
498 1642 706 1672 studiis—53
732 1642 799 1672 Pro
826 1645 891 1672 tota
917 1641 1092 1672 Fabricius
1118 1641 1233 1672 mallet
1261 1646 1348 1673 tuta.-
1372 1643 1520 1673 nonnulli
1542 1643 1616 1674 libri
1642 1650 1678 1676 et

225 1684 311 1714 Edd.
328 1684 421 1713 multi
438 1687 533 1722 tutus,
556 1684 644 1724 quod
662 1693 727 1714 non
744 1684 900 1723 displicet
924 1684 1044 1714 Heius.
1074 1684 1138 1714 nisi
1167 1684 1261 1714 malit
1279 1685 1351 1723 quis
1369 1685 1551 1716 lectus—54
1575 1687 1676 1717 Multi

223 1730 310 1756 vett.
333 1726 439 1755 vulnus
465 1735 526 1765 pro
554 1727 674 1756 vultus.-
698 1727 731 1756 in
760 1726 959 1766 quibusdam
987 1727 1089 1757 etiam
1114 1730 1322 1757 numm—56
1347 1727 1384 1757 ln
1414 1728 1454 1757 R.
1484 1737 1558 1758 curn
1587 1729 1677 1770 vulg.

226 1767 325 1798 Facta
349 1769 428 1807 quod
453 1771 498 1798 est
526 1768 560 1799 S.
585 1768 704 1798 Heins,
731 1768 817 1807 conj.
847 1769 960 1799 Tacta:
984 1769 1016 1798 in
1034 1768 1146 1799 multis
1164 1778 1243 1799 vero
1270 1769 1352 1799 Mss.
1381 1769 1505 1799 Intrata
1528 1774 1571 1800 est
1601 1770 1679 1802 S.—

225 1813 265 1840 57
290 1809 409 1840 Heins.
433 1810 550 1841 mallet
568 1811 632 1841 Fet.
652 1812 731 1847 illos,
748 1811 895 1850 qui.-58
919 1811 988 1840 Pro
1012 1811 1114 1841 Deum
1131 1810 1196 1840 duo
1223 1810 1298 1841 libri
1324 1811 1431 1848 Deos;
1454 1821 1538 1842 nnus
1558 1813 1678 1843 Dei.—

223 1854 265 1881 59
289 1852 354 1882 Ms.
373 1852 504 1882 Bersm.
533 1854 634 1884 inutil.
661 1853 875 1891 lignum-60
905 1852 991 1883 rotis
1021 1862 1062 1883 ex
1087 1853 1203 1884 Heius.
1233 1863 1321 1884 corr.
1350 1863 1423 1884 nam
1452 1854 1505 1885 Sa.
1532 1859 1566 1884 et
1594 1854 1677 1895 Arg.

224 1897 329 1924 votus.-
351 1893 409 1924 sed
427 1895 518 1934 vulg.
540 1896 739 1926 t·ult1is.—65
765 1895 833 1925 Pro
861 1904 877 1925 e
900 1899 1003 1925 nostra
1030 1896 1163 1935 plurimi
1188 1906 1205 1926 a
1223 1899 1346 1931 nostra,·
1369 1901 1403 1926 et
1421 1905 1504 1926 unns
1527 1907 1545 1926 a
1569 1900 1676 1928 rasta:

225 1935 305 1975 Arg.
323 1936 495 1967 hocnostra
514 1948 540 1967 c.
566 1938 700 1968 mercede
726 1947 752 1967 r.
799 1937 935 1967 Deinde
963 1938 971 1954 ⁴
992 1937 1103 1968 scribe
1133 1938 1239 1975 recidi,
1266 1943 1300 1968 et
1326 1937 1416 1968 refer
1443 1938 1484 1968 ad
1511 1937 1548 1967 τὸ
1562 1939 1678 1978 patiar,

225 1977 314 2017 qnod
329 1980 491 2018 sequitur.
521 1980 674 2019 Epistola
691 1984 801 2009 tamen
820 1979 974 2010 Paridis:
998 1985 1005 1996 ‘
1022 1979 1111 2010 Ante
1131 1981 1327 2010 recessisset
1342 1984 1446 2019 caput
1463 1981 1525 2010 hoc
1541 1981 1675 2011 cervice

225 2021 388 2052 cruenta!
432 2021 592 2060 Propert.
624 2022 719 2060 Eleg.
752 2031 791 2052 11.
819 2024 848 2052 7.
897 2021 1012 2052 ‘Nam
1049 2022 1148 2053 citius
1181 2027 1316 2061 paterer
1346 2025 1449 2061 capnt
1478 2022 1539 2053 hoc
1569 2023 1675 2054 disce-

226 2062 306 2092 dere
332 2063 440 2093 collo.’
488 2064 614 2101 Quare,
640 2064 666 2094 si
698 2064 865 2104 vulgatam
895 2065 1098 2104 scripturam
1124 2069 1268 2104 tuemur,
1292 2065 1413 2096 recedat
1440 2065 1541 2104 malo,
1575 2074 1674 2106 quam

877 2159 1019 2190 NOTAE

225 2228 266 2259 ad
292 2228 373 2259 illud
402 2229 552 2259 alludens
579 2231 668 2270 qnod
691 2232 700 2248 ‘
718 2235 919 2271 praxsentem
1017 2235 1056 2261 55
1085 2232 1153 2266 Qua
1169 2232 1253 2271 licet]
1281 2233 1331 2262 Ex
1349 2231 1506 2271 imagine,
1528 2231 1671 2270 scilicet,

221 2278 348 2309 Deum'
366 2278 453 2309 idem
473 2279 516 2309 sit
543 2279 630 2318 qnod
655 2281 838 2319 propitium
863 2281 920 2309 ba-
974 2285 1117 2318 argento
1135 2289 1306 2318 expressa.

225 2328 318 2358 bere.
1017 2332 1058 2357 56
1085 2328 1209 2366 Tribus]
1234 2328 1402 2367 Augusto,
1428 2328 1546 2367 Lirim,
1570 2334 1604 2359 et
1619 2329 1671 2359 Ti-

266 2379 307 2407 53
333 2376 490 2416 Adventu]
514 2377 597 2407 Cum
616 2378 648 2407 in
666 2377 798 2407 Circum
817 2378 920 2408 venit.
974 2376 1075 2407 berlo.

267 2428 307 2457 54
327 2426 420 2465 Exit]
436 2426 534 2457 Circo
552 2436 653 2457 arena
667 2432 774 2456 strato
791 2427 920 2465 egredi·
1016 2429 1056 2456 58
1086 2425 1180 2464 Vera]
1206 2425 1281 2456 Non
1300 2426 1469 2463 imagines.

227 2481 289 2507 tur.
337 2475 427 2506 Victi
455 2477 608 2506 nimirum
647 2475 850 2514 gladiatores
877 2476 918 2506 ad
1015 2478 1053 2505 (il
1073 2474 1142 2513 Sic]
1161 2475 1228 2504 Per
1246 2476 1424 2514 Imagines.
1445 2477 1670 2509 Subtilissime

228 2526 329 2565 pedes
358 2525 500 2556 Caesaris
527 2524 782 2565 confugiebant,
812 2530 845 2556 et
872 2525 919 2555 ‹li-
973 2524 1062 2555 istud
1084 2524 1224 2563 adjecit,
1244 2531 1278 2554 ut
1305 2526 1583 2565 qncnradmodunr
1609 2528 1670 2559 Ju-

226 2575 460 2607 mittebantur.
975 2576 1064 2615 piter
1092 2585 1133 2605 ex
1163 2575 1308 2613 imagine
1340 2581 1542 2614 praesentmn
1570 2586 1670 2617 opem

271 2625 342 2654 Non
357 2625 433 2663 leve]
469 2625 576 2655 Immo
605 2625 800 2666 maximum,
821 2625 923 2666 siqui·
974 2624 1140 2665 indulget,
1165 2625 1212 2655 ita
1228 2629 1262 2655 et
1281 2623 1455 2665 Augustus
1474 2635 1565 2656 suam
1583 2635 1670 2667 prae-

228 2673 304 2704 dem
318 2674 406 2704 servi
421 2674 659 2706 liberarentur.
974 2674 1063 2706 beat.
