1877 3193
227 177 344 221 2444
711 188 754 218 P.
787 185 948 217 ovmn
982 183 1195 216 NAsoms

230 283 363 324 Nunc
382 283 536 337 procul
556 295 583 323 a
603 282 746 337 patria
767 281 937 324 Getieis
960 282 1259 322 circumsonor
1280 279 1430 331 armis,

289 351 431 392 Multa
450 352 574 404 prius
591 351 759 404 pelago,
777 349 1000 402 multaque
1020 360 1182 402 passus
1200 347 1345 390 humo.

232 418 336 460 Sive
355 418 461 459 mihi
484 431 630 468 casus,
651 418 745 459 sive
765 418 848 458 hoc
869 416 991 457 dedit
1011 417 1077 457 ira
1099 416 1292 457 Deorum
1309 429 1321 468 ;

289 485 454 527 Nubila
475 486 671 527 nascenti
693 499 768 527 seu
788 485 891 526 mihi
920 485 1066 526 Parca
1089 484 1200 525 fuit:

231 552 302 594 Tu
323 552 467 594 tamen
487 566 510 593 e
531 554 670 594 sacris
689 552 861 594 hederae
885 551 1124 592 cultoribus
1143 563 1280 592 unum
1634 548 1689 589 15

289 619 483 661 Numine
504 620 715 659 debueras
735 619 999 659 sustinuisse
1022 622 1113 658 tuo.

232 685 305 728 An
326 687 512 727 dominae
535 687 614 726 fati
636 686 844 738 quicquid
862 687 1058 726 cecinere
1084 686 1283 735 Sorores,

291 754 432 796 Omne
453 754 535 794 sub
557 753 739 793 arbitrio
761 752 917 792 desinit
935 765 1032 792 esse
1051 753 1139 793 Dei
1155 754 1174 792 ’ἶ

233 821 342 875 Ipse
364 834 538 874 quoque
560 821 768 862 aethereas
788 819 954 859 meritis
976 820 1174 859 invectus
1193 832 1240 860 es
1260 831 1396 869 arces,

292 887 394 937 Qua
413 902 498 929 non
515 889 677 940 exiguo
698 886 818 927 facta
836 887 986 927 labore
1007 887 1080 927 via
1101 890 1180 927 est.
1632 887 1688 927 20

233 953 335 995 Nec
355 956 494 1008 patria
515 959 584 995 est
603 954 802 995 habitata
823 954 904 995 tibi
922 967 932 995 ε
965 954 1042 994 sed
1066 953 1122 994 ad
1142 965 1282 1007 usque
1301 953 1503 994 nivosum

292 1022 524 1076 Strymona
545 1022 717 1071 venisti,
741 1021 1110 1074 Marticolamque
1130 1021 1275 1062 Geten
1293 1035 1302 1062 ε

236 1087 520 1142 Persidaque,
543 1093 585 1130 et
603 1089 694 1129 lato
717 1088 982 1142 spatiantem
1002 1087 1178 1128 flumine
1201 1087 1398 1141 Gangen,

293 1154 353 1196 Et
373 1167 673 1209 quascumque
694 1155 806 1196 bibit
828 1155 1001 1196 decolor
1024 1155 1164 1196 Indus
1188 1168 1345 1210 aquas.

235 1275 320 1315 ficis,
333 1284 441 1316 passus
454 1278 544 1305 antea
557 1275 694 1315 plurima
710 1276 799 1315 mari,
811 1275 1001 1316 plurimaque
1017 1280 1113 1307 terra.
1162 1278 1233 1308 Sive
1243 1277 1384 1316 fortuna,
1399 1278 1463 1308 sire
1479 1278 1527 1309 ira
1544 1278 1695 1315 Deorum,

236 1320 321 1350 istud
338 1318 485 1358 praebnit,
500 1318 562 1348 sive
583 1318 683 1348 Parca
702 1318 770 1355 suit
792 1321 862 1348 atra
879 1319 955 1348 mihi.
970 1320 1118 1358 nascenti,
1131 1323 1165 1349 tu
1181 1323 1283 1350 tamen
1298 1320 1444 1350 debueras
1456 1320 1627 1357 defendisse
1642 1323 1694 1349 tuo

237 1361 362 1392 numine
384 1370 478 1391 unum
493 1370 531 1390 ex
544 1360 641 1390 sacris
661 1360 828 1391 cultoribus
842 1361 973 1392 heder-m.
1017 1362 1069 1392 An
1085 1362 1117 1391 id
1133 1372 1218 1392 omne
1239 1363 1314 1401 quod
1339 1371 1456 1391 sorores
1479 1361 1610 1391 (lominoe
1626 1360 1695 1397 fati

234 1404 452 1444 praedixerunt
468 1412 525 1433 non
541 1404 651 1442 pendet
667 1404 798 1443 amplius
819 1413 858 1433 ex
879 1406 955 1433 nutu
973 1402 1131 1434 Deorum?
1177 1404 1245 1444 Ipse
1259 1414 1375 1443 qnoque
1395 1404 1595 1434 conscendisti
1609 1412 1696 1434 arces

237 1448 370 1477 coelestes
384 1445 451 1476 tuis
464 1446 611 1485 praeclare
623 1446 735 1484 gestis,
748 1455 807 1485 qua
821 1446 873 1475 via
896 1449 1003 1485 aperta
1019 1449 1063 1476 est
1077 1456 1136 1476 non
1151 1456 1244 1485 pari-0
1262 1446 1372 1477 labore.
1419 1447 1526 1486 Neque
1542 1446 1573 1476 in
1588 1445 1695 1486 patria

234 1489 436 1529 permansisti
447 1497 457 1523 ,¹
479 1489 532 1517 sed
559 1488 714 1518 accessisti
733 1497 826 1526 usque
850 1488 890 1517 ad
917 1488 1112 1527 Strymonem
1140 1489 1285 1525 nivalem,
1301 1491 1331 1518 et
1351 1489 1451 1519 Geten
1467 1489 1651 1527 bellicosum,
1664 1491 1695 1518 et

238 1531 410 1571 Persidem,
427 1533 456 1560 et
485 1530 640 1571 Gangem,
663 1533 692 1560 et
708 1539 911 1570 quascumque
927 1540 1020 1570 aquas
1040 1530 1132 1569 niger·
1149 1531 1245 1561 Indus
1258 1534 1359 1571 potat.
1408 1532 1566 1562 Nimirum
1582 1532 1694 1562 Parcae

850 1623 1084 1635 eeeeeeeeeeee

242 1690 337 1722 Leid.
357 1690 451 1730 Quiq.
466 1690 553 1729 prior
570 1690 727 1720 nost-*15
754 1687 887 1728 Mycill.
902 1692 937 1718 et
954 1687 1086 1729 Gryph.
1104 1688 1190 1719 Edd.
1208 1698 1284 1721 sacr.
1299 1699 1346 1720 me
1359 1690 1396 1720 de
1410 1689 1483 1720 cult.
1501 1692 1535 1720 et
1553 1689 1593 1719 R.
1609 1689 1697 1720 aedis.

243 1736 329 1763 -16
352 1733 414 1763 Be.
448 1732 580 1762 Nomine
607 1732 674 1762 (leb.
714 1732 802 1761 Tum
835 1731 916 1761 Lov.
943 1734 1018 1760 sust.
1046 1734 1142 1761 tuum.
1145 1734 1227 1762 -17
1252 1733 1334 1763 Lov.
1361 1734 1459 1772 quicq.
1486 1732 1590 1770 fecere
1617 1731 1653 1762 S.
1657 1749 1698 1754 —-

243 1778 283 1806 18
309 1775 377 1806 Pro
395 1774 458 1805 Dei
472 1774 590 1805 Heins.
608 1772 752 1814 praefert
769 1774 870 1804 Deum
887 1782 929 1803 ex
950 1772 1048 1804 Leid.
1052 1776 1137 1804 —19
1161 1774 1219 1805 Pr.
1237 1775 1278 1805 V.
1294 1775 1366 1806 oeth.
1383 1785 1414 1805 es
1427 1776 1536 1805 merito
1548 1778 1650 1805 iectus
1665 1775 1698 1805 in

242 1827 350 1855 a1·;ces
374 1821 407 1847 et
425 1817 499 1848 Pol.
526 1817 611 1847 alter
634 1819 763 1846 erectus.
807 1816 890 1846 Tum
921 1815 976 1845 alii
1000 1815 1044 1855 in,
1072 1817 1181 1846 velud
1197 1827 1304 1854 urces;
1328 1817 1463 1858 quidam
1482 1817 1583 1847 etiam
1600 1817 1632 1847 in
1647 1827 1700 1847 au-

241 1869 303 1890 rus
309 1863 392 1891 —20
415 1860 467 1890 Ex
483 1859 677 1891 melioribus
695 1859 818 1889 Heius.
835 1856 931 1889 dedit
949 1858 1044 1896 Qua;
1067 1859 1157 1899 vulg.
1177 1859 1254 1895 Quo.
1257 1863 1341 1891 -24
1365 1860 1433 1891 Alii
1447 1860 1508 1891 bib.
1525 1860 1654 1891 discolor
1669 1858 1698 1889 Ι.

893 1963 1033 1996 NOTAE

285 2041 323 2069 13
350 2038 433 2079 1100]
455 2038 554 2071 Quod
571 2039 649 2070 exul
666 2040 823 2070 miseram
835 2040 940 2071 vitam
1041 2044 1082 2072 19
1104 2041 1174 2081 Ipse
1189 2040 1320 2081 quoque]
1344 2040 1389 2071 Ut
1407 2040 1486 2069 nihil
1506 2039 1627 2069 mirum
1650 2038 1696 2069 sit

240 2098 315 2128 ago,
996 2091 1116 2121 Po’e'tae
1134 2091 1160 2121 si
1177 2091 1217 2121 ad
1235 2092 1353 2122 eoelum
1370 2090 1422 2120 via
1439 2090 1543 2120 ardua
1561 2089 1603 2119 sit
1620 2098 1698 2120 con-

287 2141 325 2168 14
351 2137 482 2177 Nubila]
520 2137 630 2175 Atra3
660 2149 734 2178 qua:
759 2139 816 2169 filo
844 2140 940 2180 nigro
996 2142 1216 2174 tendendum.
1240 2142 1338 2175 Quod
1353 2142 1479 2172 utinam
1493 2145 1592 2171 terrae
1606 2138 1696 2170 affixi

243 2188 322 2217 vitae
335 2195 419 2217 meae
435 2186 556 2216 seriem
575 2186 805 2226 descripserit.
997 2196 1031 2221 et
1046 2192 1196 2221 sensibus
1213 2192 1329 2222 devoti
1346 2191 1453 2221 nostri
1472 2190 1624 2230 plerique
1639 2189 1695 2219 Ιιο-

287 2240 325 2267 15
350 2236 500 2275 Hederae]
551 2237 634 2267 §.lua³
666 2237 800 2266 Baccho
831 2247 941 2276 sacra,
996 2239 1103 2268 mines
1121 2248 1162 2268 ne
1181 2243 1249 2268 tam
1267 2239 1402 2278 quidem
1427 2238 1618 2277 intelligere
1644 2246 1695 2268 re-

244 2286 396 2326 adeoque
413 2285 504 2315 illum
522 2284 690 2324 designat.
993 2287 1226 2318 formidarent.

290 2339 329 2367 17
359 2335 592 2375 Domz'noesati]
631 2336 750 2366 Purcoe
779 2341 860 2374 tres,
883 2337 946 2366 La·
1038 2337 1217 2376 sEtliereus]
1243 2337 1392 2373 Coe1um;
1409 2346 1473 2376 quo
1492 2336 1618 2367 virtute
1635 2346 1694 2367 sua

249 2385 370 2424 chesis,
386 2385 520 2424 Clotho,
535 2390 571 2415 et
588 2385 747 2426 Atropos,
768 2396 842 2427 (μην
866 2385 944 2416 fatis
995 2387 1149 2416 naccum
1168 2387 1350 2416 translatus
1368 2390 1429 2417 est.

247 2437 406 2468 dicuntur
423 2445 581 2476 praeesse.
1038 2439 1076 2466 21
1105 2436 1232 2475 Patria]
1256 2435 1392 2465 Thebae.

289 2490 329 2518 18
342 2485 485 2525 Desinit]
498 2487 582 2517 Fato
591 2486 699 2516 omnia
709 2485 941 2516 fierinonSto-
1038 2489 1078 2517 22
1102 2484 1282 2526 Strymona]
1333 2485 1397 2516 Qui
1427 2483 1547 2516 fluvius
1577 2490 1631 2517 est
1661 2487 1694 2517 iu

246 2537 288 2570 ici
303 2536 401 2567 modo
412 2536 750 2575 arbitrabantur,sed
764 2537 941 2568 illiJovem
995 2535 1145 2565 'l'hraciae
1170 2540 1269 2574 alque
1298 2535 1509 2566 Mucedoniae
1532 2536 1693 2576 confinio,

246 2590 354 2629 ipsum
377 2592 479 2627 stare,
503 2589 556 2619 cui
573 2589 750 2628 nequidem
766 2588 941 2629 quisquam
996 2596 1037 2616 ex
1064 2586 1182 2616 lsslaemo
1199 2590 1312 2615 monte
1329 2586 1521 2617 ‹locui-rens.

246 2640 398 2670 Deorum
413 2639 598 2679 resisteret,
611 2648 653 2670 ex
670 2639 851 2670 Poetarum
869 2648 942 2669 sen·
1045 2636 1179 2676 Venisti]
1202 2635 1312 2675 Atqui·
1331 2636 1479 2666 victoriis
1491 2637 1693 2677 peragrasti.

249 2688 357 2719 tentia
380 2690 516 2728 passim,
532 2690 666 2731 Virgilii
681 2689 846 2732 inprimis,
861 2690 942 2721 licet
1038 2685 1253 2725 Marticulmn]
1273 2686 1360 2716 (2¹¹1st
1377 2686 1540 2717 bellicosi·

248 2747 460 2780 cognoscere.
1036 2738 1076 2767 23
1100 2735 1302 2777 Persidaque]
1326 2736 1435 2768 Quam
1465 2734 1553 2768 A'siae
1582 2735 1688 2778 regio«
