1877 3193
840 196 950 227 lssls.

167 294 308 349 Inque
326 298 401 336 tuo
421 293 615 336 thalamo
637 291 720 333 ritu
734 290 936 345 jugulere
958 289 1144 339 Pheraei,

224 362 315 412 Qui
335 361 463 402 datus
484 364 551 401 est
570 361 658 401 leto
681 358 881 412 conjugis
903 371 1005 398 ense
1027 370 1138 398 suae.

167 427 377 482 Quosque
398 432 528 482 putas
552 427 682 477 fidos,
712 430 759 467 ut
780 425 1025 465 Larissaeus
1047 422 1232 472 Aleuas,
1541 421 1630 462 325

222 495 419 536 Vulnere
440 508 524 536 non
545 494 658 534 fidos
680 492 907 545 experiare
929 495 1023 530 tuo.

166 562 316 616 thue
337 561 496 611 Milon,
519 562 601 601 sub
625 572 714 613 quo
733 557 934 598 cruciata
954 559 1023 596 est
1044 554 1152 596 Pisa
1173 558 1370 609 tyranno,

222 630 367 671 Vivus
388 629 430 668 in
452 628 648 668 occultas
668 624 963 678 praecipiteris
984 635 1137 677 aquas.

166 696 367 749 Quaeque
384 697 428 735 in
448 695 750 743 Adimantum,
774 692 976 733 Phliasia
995 704 1126 744 regna
1147 694 1377 742 tenentem,

222 762 294 804 Ab
313 763 428 805 Jove
450 766 677 811 venerunt,
701 766 742 802 te
765 773 941 814 quoque
966 759 1053 801 tela
1073 763 1235 813 petant.

165 830 259 872 Aut
279 835 327 872 ut
346 830 638 871 Amastriacis
659 829 880 882 quondam
903 829 1094 869 Lenaeus
1116 829 1172 869 ab
1194 828 1300 877 oris,

223 898 382 940 Nudus
405 897 607 939 Achillea
625 897 881 938 destituaris
903 896 1052 938 humo.

1543 758 1629 800 3:30

167 1031 310 1062 macteris
327 1031 357 1061 ἱη
383 1033 435 1060 tuo
451 1029 588 1061 cubiculo
605 1029 684 1060 sicut
714 1030 888 1065 Pheneum
911 1030 966 1069 qui
990 1029 1106 1060 occisus
1120 1032 1165 1059 est
1181 1028 1281 1058 cultro
1293 1036 1356 1057 suae
1371 1026 1488 1057 uxoris.
1534 1025 1577 1056 El
1597 1028 1631 1055 ut

167 1075 282 1105 Aleuas
299 1074 470 1104 Larissaeus
495 1073 611 1103 sentias
626 1072 736 1113 infidos
757 1073 852 1111 plaga
879 1076 933 1102 tua
951 1083 1025 1112 quos
1040 1072 1139 1102 credis
1144 1071 1242 1112 fidos.
1289 1071 1333 1100 Et
1349 1070 1428 1099 sicut
1446 1069 1560 1106 Milon,
1576 1068 1630 1098 sub

170 1127 222 1157 μω
239 1122 371 1157 tyranno
389 1116 465 1145 Pisa
481 1119 526 1145 est
542 1119 669 1153 vexata,
683 1115 770 1145 vivus
785 1115 961 1153 projiciaris
978 1115 1011 1145 in
1033 1124 1128 1154 aquas
1144 1114 1287 1144 occultas.
1326 1111 1484 1149 Etjacula
1499 1120 1565 1150 quoe
1577 1110 1632 1140 im-

163 1160 252 1198 pulsa
267 1162 339 1189 sunt
355 1158 392 1188 ab
407 1159 486 1188 Jove
499 1159 646 1188 adversus
660 1158 861 1187 Adimantum
873 1157 1058 1187 obtinentem
1073 1167 1168 1195 regna
1183 1155 1337 1192 Phliasia,
1351 1157 1381 1184 te
1397 1154 1490 1183 etiam
1499 1152 1631 1191 feriant.

173 1202 226 1233 Vel
242 1206 275 1232 ut
291 1201 422 1234 Lenoeus
437 1201 509 1231 olim
524 1200 562 1231 ab
579 1201 641 1231 oris
655 1200 875 1240 Amastriacis,
888 1200 1073 1240 relinquaris
1089 1200 1187 1229 nialus
1203 1199 1236 1228 in
1249 1201 1335 1228 terra
1351 1196 1503 1228 Achillea.
1528 1195 1633 1235 Atque

779 1288 795 1299 ⁴
802 1288 1016 1299 oaeeaeaeeaeeeaee

165 1352 264 1388 mites,
279 1349 486 1387 Atltarmz’les,
495 1348 705 1387 fir-chamum,
715 1348 883 1387 Atarnites,
895 1350 948 1387 «lise.
961 1347 1008 1378 Η.
1022 1347 1216 1378 Acharnides
1231 1345 1367 1375 hirsutus
1381 1342 1492 1382 pelL—
1501 1344 1562 1372 323
1574 1341 1633 1372 Fr.

165 1393 236 1432 Inq.
253 1392 316 1422 tuis
330 1391 476 1422 thalamis
492 1390 550 1421 rit.
596 1390 756 1431 Quinque
772 1391 892 1430 scripti
910 1394 945 1421 et
958 1390 1042 1420 editi
1059 1388 1212 1420 nonnulli
1231 1385 1532 1424 thalamojuguleris
1549 1393 1633 1414 more

166 1436 227 1467 ΡΙι.
252 1440 287 1465 et
303 1434 349 1465 sic
366 1434 431 1464 Ms.
446 1434 580 1463 Bersm.
597 1433 659 1463 nisi
675 1433 764 1472 quod
787 1433 912 1463 habeat
928 1435 1026 1462 morte
1043 1441 1103 1470 pro
1120 1432 1320 1460 mora—325
1345 1429 1512 1459 Scribitur
1529 1427 1633 1457 etiam

165 1478 240 1509 Lar.
257 1477 378 1514 Alebes,
401 1475 548 1513 Achilles,
576 1475 630 1504 vel
645 1474 893 1505 Amnes-327
921 1475 1010 1504 Mor.
1045 1474 1125 1504 Utve
1143 1473 1190 1502 M.
1208 1472 1295 1502 alter
1310 1472 1349 1501 R.
1372 1471 1445 1509 th.
1464 1471 1562 1505 malo;
1590 1469 1634 1499 Ut

168 1521 248 1551 Milo
265 1518 397 1559 Mycill.
416 1518 479 1549 Ed.
495 1522 530 1548 et
547 1517 636 1555 vulg.
660 1517 762 1556 thue
781 1516 879 1547 Milo.-
904 1525 946 1546 ex
963 1516 997 1548 J.
1015 1516 1068 1546 Sa.
1094 1520 1130 1545 et
1155 1514 1285 1544 duobus
1315 1513 1389 1543 aliis
1416 1512 1535 1542 Heins.
1559 1520 1632 1550 pro—

166 1561 236 1593 fert
257 1562 331 1601 th.
350 1560 463 1591 Milon.
509 1560 592 1590 Mox
609 1560 663 1590 Fr.
680 1563 715 1589 et
731 1568 815 1589 unus
831 1558 948 1589 Heius.
969 1559 1036 1597 ipsu
1054 1567 1115 1597 pro
1139 1557 1340 1587 Pisa.—329
1365 1555 1425 1584 Pr.
1443 1555 1483 1584 R.
1498 1554 1531 1584 in
1547 1553 1634 1584 Ami-

165 1607 313 1636 dantum.-
337 1605 421 1634 alter
439 1603 483 1633 R.
506 1603 540 1633 in
562 1601 785 1637 flemmarum,-
810 1611 894 1631 unus
911 1601 1064 1632 Gallicus
1092 1601 1131 1630 ad
1157 1599 1339 1629 lziniantem.
1385 1598 1468 1628 Mox
1494 1595 1632 1636 quidam

167 1647 321 1678 scribunt
339 1646 492 1684 Philesiu,
521 1645 573 1675 vel
591 1645 755 1680 Philasz'a5
778 1644 877 1674 multi
891 1644 993 1674 etiam
1011 1642 1169 1683 Phylleia.
1214 1641 1303 1671 Tum
1320 1643 1440 1680 sceptra
1458 1648 1519 1679 pro
1536 1647 1634 1677 regna

167 1700 252 1720 unus
271 1689 363 1720 Med.
381 1689 495 1719 habet.
540 1688 622 1718 Pius
639 1687 680 1717 ad
695 1687 772 1718 Val.
787 1687 902 1717 Flacc.
918 1696 942 1717 1.
961 1689 1034 1717 662.
1048 1690 1145 1715 notat
1161 1684 1320 1724 quosdam
1333 1684 1446 1722 legere
1465 1682 1584 1720 Quique
1600 1681 1635 1711 in

168 1732 368 1764 Acidimaton
387 1731 491 1761 Piseia
506 1740 603 1769 regna
620 1733 795 1765 tenentem;
813 1734 848 1760 et
866 1729 1059 1767 intelligere
1073 1729 1263 1765 Salmonea,
1279 1726 1334 1766 qui
1354 1725 1385 1755 in
1404 1724 1500 1755 Elide
1518 1732 1636 1763 regna-

168 1777 229 1816 vit,
257 1780 294 1806 et
320 1784 339 1805 a
365 1774 452 1806 Jove
469 1772 609 1803 fulmine
636 1773 724 1803 ictus
751 1771 936 1803 fuit.—331
962 1770 1152 1803 Amastricis
1178 1779 1262 1800 uuus
1278 1768 1434 1799 Heinsii:
1457 1765 1635 1798 Anastrz'cis

834 1867 865 1899 N
872 1867 973 1898 OTAE

211 1947 273 1976 323
291 1942 435 1983 Pheraei]
451 1941 685 1973 Alexandrum
702 1940 799 1979 dicit,
815 1941 873 1981 qui

168 1994 383 2036 tyrannidem
406 1992 496 2033 apud
523 1991 686 2022 Pheraeos
709 1990 742 2021 in
769 1991 874 2021 'slies—

169 2045 254 2077 salia
269 2045 439 2076 exercuit.
485 2044 636 2074 Uxorem
651 2043 788 2073 Theben
817 2042 874 2072 ad-

168 2095 303 2127 modum
318 2095 457 2132 dilexit;
476 2094 518 2124 ab
534 2094 590 2124 illa
605 2098 717 2123 tamen
733 2097 876 2133 propter

167 2147 348 2187 pellicatus
358 2144 584 2184 suspicionem
598 2141 801 2174 interfectus
812 2146 876 2181 est;

169 2200 207 2228 ut
223 2196 321 2228 docet
339 2195 472 2226 Cicero.

212 2250 273 2278 325
298 2246 426 2286 Aleuas]
451 2245 519 2277 Hic
544 2244 685 2276 Larissae
708 2245 741 2275 in
768 2244 874 2275 Thes-

169 2296 254 2328 salia
276 2296 405 2327 dicitur
427 2296 636 2327 dominatum
663 2295 823 2333 tenuisse,
840 2299 875 2325 et

169 2347 291 2379 civium
319 2347 441 2377 timore
469 2347 637 2377 satellites
663 2345 836 2385 habuisse,
857 2354 876 2376 a

170 2397 293 2439 quibus
309 2398 455 2438 denique
472 2396 684 2428 interfectus.

213 2451 276 2480 :32⁷
301 2448 422 2486 IlIz'lon]
448 2448 567 2479 Plures
589 2447 729 2479 fuerunt
745 2447 802 2477 illo
818 2456 876 2476 no-

171 2499 274 2538 mine,
289 2509 331 2530 ex
349 2499 468 2539 quibus
494 2508 576 2529 unus
594 2499 706 2530 Pisani
725 2497 756 2528 in
779 2496 874 2527 Elide

171 2549 296 2588 tenuit,
314 2549 356 2578 de
373 2558 438 2588 quo
466 2548 518 2577 hie
545 2549 658 2589 agitur
675 2549 702 2579 si
723 2546 875 2577 vetustis-

172 2600 255 2631 simo
271 2599 454 2639 interpreti
471 2599 651 2631 credimus.
676 2602 874 2638 Quanquam

173 2649 231 2681 alii
247 2659 307 2690 pro
326 2650 418 2688 Milo,
445 2649 497 2679 ille
522 2649 651 2689 legunt,
665 2655 701 2681 et
717 2660 759 2680 ex
788 2649 875 2679 Pau-

173 2699 267 2731 sania
292 2698 336 2731 de
358 2698 570 2730 Pantaleone
584 2699 673 2732 hunc
689 2700 802 2732 locum
818 2708 875 2731 ex-

176 2752 319 2791 ponunt.

971 1943 1034 1971 328
1072 1939 1193 1980 Aquas]
1231 1938 1355 1979 Alphei
1387 1936 1547 1977 fluminis,
1576 1936 1635 1977 qui

930 1994 1022 2021 terra
1040 1989 1255 2020 absorbetur.

972 2045 1036 2072 329
1059 2040 1218 2080 Phliasia]
1242 2039 1376 2077 Phlius,
1390 2038 1507 2077 -untis,
1530 2036 1634 2078 gemi-

930 2101 1008 2121 num
1027 2089 1092 2120 fuit
1108 2089 1333 2129 Peloponnesi
1351 2087 1526 2128 oppidum.
1573 2088 1636 2118 Ce-

930 2148 1041 2174 terum
1065 2143 1107 2173 de
1133 2143 1197 2173 isto
1217 2141 1401 2172 Adimanto
1418 2139 1499 2169 nihil
1516 2142 1637 2179 praete-

929 2203 988 2224 rea
1014 2193 1153 2231 dicitur,
1177 2192 1240 2223 nisi
1264 2191 1355 2232 quod
1381 2192 1534 2221 Deorum
1556 2197 1637 2220 con-

930 2248 1055 2275 temtor
1072 2249 1164 2273 esset
1178 2241 1354 2272 maximus.
1393 2239 1503 2280 quue
1520 2248 1562 2270 ex
1579 2248 1637 2271 ve-

931 2295 995 2325 teri
1020 2294 1218 2333 Into-rprete
1238 2296 1384 2330 tantum,
1401 2291 1455 2321 cui
1474 2294 1637 2320 cunctan-

932 2351 985 2376 ter
1000 2343 1222 2375 credendum.

974 2398 1031 2427 331
1062 2392 1282 2431 Amastriacis]
1302 2389 1468 2421 Amastris
1487 2388 1566 2419 urbs
1583 2392 1637 2420 est

931 2444 1187 2485 Paphlagoniae„
1203 2451 1316 2482 quam,
1333 2445 1369 2469 ut
1386 2438 1539 2469 scribunt
1554 2447 1636 2469 non-

931 2495 1024 2533 nulli,
1051 2492 1216 2524 Amasvris
1249 2489 1414 2527 Oxyartis
1443 2486 1523 2527 filia,
1552 2497 1637 2518 uxor

932 2543 1084 2582 Dionysii
1104 2540 1236 2580 tyranni
1257 2536 1501 2576 Heracliensis,
1523 2536 1637 2568 condi·

932 2595 993 2624 dit.
1044 2592 1108 2622 Hic
1135 2596 1248 2620 aulem
1275 2588 1408 2618 nomine
1434 2587 1636 2628 Dionysius,

931 2644 1018 2675 sorte
1047 2643 1125 2683 quia
1154 2646 1298 2680 utroque
1325 2638 1517 2679 appellatus
1547 2638 1636 2669 Bac-

930 2696 1025 2734 chus,
1040 2694 1181 2725 Leuaeus
1207 2692 1318 2722 dictus
1344 2696 1408 2731 est,
1423 2690 1481 2732 qui
1497 2700 1517 2721 a
1532 2690 1637 2722 Mith-

930 2745 1041 2777 ridate
1056 2743 1218 2784 expulsus
1242 2742 1276 2774 in
1297 2742 1409 2773 iocum
1424 2740 1518 2773 venit
1533 2748 1635 2781 quem
