1863 3193
222 174 334 214 2334
707 185 747 215 P.
780 182 937 214 ovmu
972 180 1185 211 NASONIS

722 449 1043 497 ELEGIA
1099 450 1165 495 V.

773 611 1133 643 ARGUMENTUM.

221 707 333 740 ΑΜιοι
358 707 460 738 fidem
486 710 702 746 perspectam
729 710 764 737 et
788 706 973 746 cognitam,
988 707 1020 737 in
1043 707 1192 737 adversis
1221 707 1395 747 praecipue
1424 706 1539 745 rebus,
1555 706 1673 737 laudat

262 760 417 799 Ovidius,
433 770 531 801 quam
554 760 635 790 dicit
650 768 818 800 nunquam
836 759 1000 790 abituram
1015 770 1056 790 ex
1073 760 1145 799 ejus
1159 760 1279 791 animo.
1326 762 1473 791 Demum
1490 759 1618 790 fatetur
1636 769 1671 790 se

261 815 304 845 ali
319 815 441 854 exigna
464 823 536 853 spe,
555 817 592 844 ut
619 812 799 854 aliqnando
820 811 994 853 Augustus
1022 812 1135 843 mitior
1160 812 1234 852 fiat,
1249 818 1283 844 et
1305 814 1410 854 magis
1427 813 1596 853 placidum
1614 812 1673 843 tri-

261 867 342 898 buat
359 866 509 897 exilium.

218 961 365 1018 USUS
386 977 591 1017 amicitiae
613 980 758 1017 tecum
778 977 883 1017 mihi
904 990 1083 1030 parvus,
1105 982 1154 1019 ut
1174 978 1293 1019 illam

274 1044 377 1084 Non
398 1056 513 1095 aegre
534 1056 694 1095 posses
714 1043 1002 1093 dissimulare,
1024 1044 1131 1096 fuit3

218 1111 280 1151 Ni
302 1124 371 1151 me
393 1110 652 1161 complexus
673 1110 832 1149 vinclis
853 1111 1137 1162 propioribus
1160 1123 1295 1160 esses,

274 1177 401 1217 Nave
420 1189 518 1216 mea
538 1180 666 1216 vento
687 1176 831 1216 forsan
854 1182 981 1216 eunte
1003 1190 1099 1217 suo.

218 1244 279 1285 Ut
305 1243 462 1293 cecidi,
485 1243 717 1295 cunctique
736 1247 851 1284 motu
872 1244 1015 1295 sugero
1035 1245 1187 1293 ruinae,
1645 1258 1673 1285 o

270 1309 500 1363 Versaque
521 1309 727 1351 amicitia}
749 1314 868 1362 terga
890 1310 1046 1351 dedere
1066 1323 1203 1361 meae;

215 1376 364 1418 Ausus
382 1390 429 1417 es
451 1378 545 1429 igne
566 1376 593 1416 J
599 1377 696 1417 ovis
718 1390 973 1429 percussum
996 1382 1167 1430 tangere
1189 1390 1363 1430 corpus,

271 1443 326 1484 Et
346 1444 584 1496 deploratae
606 1443 738 1483 limen
760 1443 880 1484 adire
903 1444 1076 1485 domus.

257 1552 450 1582 Consuetudo
465 1552 541 1582 mihi
566 1551 717 1588 levisfuit
734 1554 843 1590 tecum,
858 1556 892 1583 ut
910 1553 1008 1589 facile
1023 1561 1124 1591 posses
1139 1550 1344 1588 dissimulare,
1358 1549 1418 1580 nisi
1435 1559 1481 1580 me
1495 1551 1668 1590 complexus

211 1604 288 1625 asses
305 1595 391 1624 nodis
405 1594 589 1625 arctioribus
598 1605 610 1631 ;
632 1604 707 1624 nave
724 1604 790 1624 mea
806 1594 894 1631 forle
909 1599 1050 1625 currente
1063 1603 1138 1623 cura
1154 1594 1293 1623 secunda.
1340 1592 1508 1631 Postquam
1532 1602 1598 1623 sum
1612 1594 1668 1624 im-

210 1638 323 1675 pulsus,
339 1640 368 1667 et
384 1647 487 1667 omnes
502 1638 614 1676 dilapsi
630 1640 702 1667 sunt
729 1636 838 1667 timore
866 1638 978 1675 ruinoe,
1004 1640 1033 1668 et
1060 1638 1217 1666 verterunt
1234 1639 1322 1673 terga
1337 1644 1410 1664 meae
1433 1635 1592 1673 amicitiae,
1608 1645 1667 1666 non

210 1680 327 1709 veritus
339 1688 370 1709 es
384 1681 526 1710 accedere
540 1681 579 1709 ad
594 1689 702 1719 corpus
717 1679 855 1720 afflatum
870 1680 941 1719 igne
954 1679 1056 1718 Jocis,
1070 1682 1161 1719 atque
1175 1678 1294 1708 intrare
1306 1677 1397 1707 limen
1411 1677 1516 1707 domus
1530 1678 1667 1718 afflictoe.

821 1751 1054 1762 teneo-meet

254 1797 269 1824 1
296 1794 360 1825 Ms.
378 1795 509 1826 Bersm.
537 1796 589 1826 ubi
605 1805 666 1836 pro
692 1799 749 1833 ut,·
775 1797 1005 1827 Bersmannus
1030 1799 1130 1836 putat
1147 1804 1208 1835 pro
1232 1794 1300 1825 uti:
1326 1794 1408 1824 Lov.
1426 1796 1533 1824 et.—2
1559 1793 1668 1824 Posses

211 1837 342 1877 scripti,
359 1842 445 1868 teste
463 1838 582 1869 Heins.
612 1839 700 1878 vulg.
719 1840 891 1880 possis.—3
919 1838 1041 1869 Nescio
1059 1848 1100 1869 an
1117 1848 1183 1868 non
1210 1836 1361 1876 apertior
1377 1836 1549 1867 sententia
1562 1840 1666 1874 esset,

209 1879 234 1908 si
251 1879 433 1919 legeretur,
450 1880 514 1914 Qui
527 1891 573 1911 me
589 1883 777 1921 complexus,
802 1884 854 1920 ὅγε.
877 1880 911 1911 id
928 1885 990 1918 est,
1006 1881 1063 1922 qui
1080 1881 1115 1911 in
1131 1890 1184 1911 me
1211 1878 1324 1910 forsan
1341 1878 1541 1909 contulisses
1565 1878 1664 1916 plura

208 1919 332 1960 officia,
346 1926 382 1952 et
398 1923 445 1952 ita
460 1923 660 1953 arctioribus
678 1923 818 1954 vinculis
836 1933 887 1953 me
903 1924 1133 1963 astrinxisses,
1148 1923 1174 1953 si
1193 1921 1368 1952 incolumis
1392 1921 1423 1950 in
1443 1920 1553 1958 patria
1569 1929 1661 1950 man-

210 1963 324 1993 sissem
339 1975 346 2002 ;
360 1965 419 1995 sed
432 1975 507 1995 cum
525 1975 612 1995 nunc
629 1966 812 1997 ceciderim
830 1970 864 1996 et
879 1965 998 2006 reliqui
1014 1966 1127 2003 amici,
1145 1964 1285 2005 longiori
1302 1973 1361 1993 usu
1378 1962 1458 1992 mihi
1472 1961 1667 2001 familiares,

207 2004 364 2045 fugerint,
380 2011 430 2045 tu,
447 2017 588 2048 quocum
605 2018 726 2048 parvus
744 2018 821 2038 usus
838 2013 970 2047 erat,et
989 2008 1043 2038 vix
1060 2007 1224 2046 incipiens
1239 2005 1398 2043 amicitia,
1413 2009 1526 2035 tamen
1538 2003 1664 2035 ‘Ausus

209 2055 244 2077 es
261 2047 337 2087 igne
350 2048 446 2079 Jovis
461 2060 654 2089 percussum
670 2056 809 2087 tangere
825 2060 960 2090 corpus,
971 2050 1045 2080 &cl
1062 2055 1096 2080 et
1110 2050 1171 2080 lioc
1188 2054 1222 2078 tu
1239 2057 1355 2078 recens
1371 2047 1497 2077 amicus
1510 2050 1665 2086 praestas,

208 2092 270 2120 (vc.
293 2090 381 2121 Illud
405 2091 413 2106 ⁴
429 2090 550 2121 forsau’
575 2093 677 2121 debet
697 2092 816 2121 referri
834 2093 874 2121 ad
900 2093 1115 2131 ‘complexus
1141 2090 1281 2121 vinculis
1311 2089 1523 2129 propioribus
1547 2088 1662 2126 esses‚’

208 2140 273 2161 non
291 2132 332 2161 ad
357 2133 366 2149 ‘
385 2142 467 2162 nave
485 2133 611 2163 eunte.’
637 2134 812 2163 Burm.—5
839 2134 929 2162 Metu
949 2134 1069 2163 Heius.
1088 2133 1183 2163 dedit
1207 2143 1247 2163 ex
1265 2138 1335 2171 opt.
1357 2131 1441 2162 Cod.
1455 2136 1489 2162 et
1507 2141 1555 2171 pr.
1574 2129 1661 2161 Edd.

209 2182 270 2211 pro
285 2174 374 2213 vulg.
392 2183 504 2203 meum:
530 2174 561 2202 in
579 2183 644 2203 uno
669 2174 803 2204 Gallico
821 2179 856 2203 et
874 2174 929 2203 Fr.
947 2175 1016 2211 mei,
1033 2175 1121 2213 quod
1148 2184 1210 2204 nec
1230 2175 1344 2204 Burni.
1367 2173 1599 2212 displicet.—6
1624 2173 1662 2203 R.

208 2218 243 2244 et
271 2220 338 2245 tres
367 2215 425 2245 alii
455 2216 521 2245 ded.
545 2215 655 2254 fugae:
679 2216 798 2245 Heius.
832 2215 978 2245 malebat
1008 2218 1146 2246 sum—8
1171 2217 1232 2245 Be.
1263 2215 1307 2243 Et
1337 2215 1527 2253 deploratum
1553 2214 1662 2245 lim.—

861 2299 1003 2329 NOTAE

251 2370 265 2397 l
307 2368 442 2407 Parvus]
481 2368 709 2399 Familiariter
735 2378 810 2399 cum
842 2368 902 2399 lioc

206 2417 311 2449 amico
343 2428 408 2449 non
441 2419 573 2449 vixerat
606 2419 709 2449 Naso.
764 2419 903 2458 Nupera

207 2467 356 2498 amicitia
394 2467 515 2505 suerat,
546 2478 620 2508 quan
659 2468 902 2498 cousuetudine

206 2516 351 2547 nondum
370 2518 416 2547 ita
431 2522 522 2548 arcte
538 2517 746 2549 confirmata.

247 2569 266 2597 2
284 2567 503 2607 Dissimulare]
521 2568 574 2598 Ne
588 2569 621 2598 in
635 2569 778 2598 Caesaris
790 2568 902 2599 odium

205 2616 405 2647 incurreres,

247 2667 265 2694 3
291 2666 505 2706 Propioribus]
541 2667 653 2708 Atque
680 2668 764 2700 adeo
781 2668 901 2700 arctio-

204 2712 307 2753 ribus,
325 2714 479 2745 amicitiae
496 2716 636 2748 scilicet.

1001 2371 1020 2398 4
1056 2367 1157 2407 Nare]
1193 2368 1298 2398 Navis
1332 2376 1392 2407 pro
1418 2366 1489 2406 ipso
1522 2366 1659 2399 Nasone

959 2417 1105 2457 ponitur.

1000 2466 1135 2505 Forsan]
1153 2467 1309 2496 Fortunae
1323 2465 1428 2495 favori
1443 2465 1546 2504 magis
1560 2476 1658 2507 quam

958 2517 1077 2546 merito
1106 2526 1165 2546 suo
1203 2516 1436 2546 ascribendum
1473 2524 1546 2546 esse
1578 2517 1657 2548 insi·

959 2571 1038 2597 nunt
1072 2568 1174 2602 Nar—0,
1204 2565 1290 2605 quod
1322 2565 1446 2594 amicus
1472 2574 1549 2595 suus
1577 2575 1655 2597 con-

957 2624 1086 2650 stanter
1104 2620 1135 2648 in
1154 2618 1390 2648 benevolentia
1416 2628 1474 2648 ¹*ua
1502 2619 1656 2658 perstite-

957 2668 1013 2698 rit.

998 2720 1015 2747 7
1042 2717 1119 2756 Igne
1132 2716 1237 2756 donis]
1263 2716 1407 2757 Augusti
1424 2717 1484 2748 ira.
