1877 3193
205 159 319 202 2440
699 172 741 202 P.
773 171 932 202 ovum
965 170 1181 203 NAsoNis

207 264 284 308 Me
304 265 530 308 miserum!
562 265 667 320 quid
687 279 825 319 agam,
849 266 886 307 si
906 265 1108 320 proxima
1127 278 1318 320 quaeque
1340 264 1626 320 relinquunt?

264 334 492 375 Subtrahis
512 333 690 374 effracto
712 338 758 374 tu
781 347 957 388 quoque
979 334 1095 375 eolla
1112 334 1251 388 jugo?
1608 332 1665 373 40

209 399 312 453 Quo
332 401 446 442 ferar
462 403 479 441 Ἰ
512 401 624 442 unde
641 406 789 455 petam
808 402 945 455 lapsis
967 401 1127 443 solatia
1146 401 1273 443 rebus
1287 402 1307 441 ‘l

263 467 471 510 Anchora
484 469 502 523 j
509 482 579 509 am
598 475 792 510 nostram
812 482 900 510 non
921 473 1037 511 tenet
1055 470 1144 510 ulla
1162 473 1316 511 ratem.

208 535 407 578 Viderit:
438 537 533 590 ipse
556 549 741 586 sacram,
764 538 965 590 quamvis
985 538 1169 588 invisus,
1192 537 1248 578 ad
1269 549 1392 577 aram

265 602 524 656 Confugiam
544 617 553 644 ε
585 604 728 644 nullas
752 608 997 645 summovet
1019 617 1096 645 ara
1116 618 1291 646 manus.

207 669 427 724 Alloquor
446 684 499 711 en
521 672 681 710 absens
703 672 937 723 praesentia
956 673 1135 713 numina
1152 673 1364 727 supplex:
1610 667 1668 708 45

266 738 315 779 Si
333 738 403 779 sas
426 743 495 778 est
514 737 678 777 homini
698 750 798 777 cum
820 738 934 778 Jove
955 753 1085 791 posse
1106 741 1244 793 loqui.

209 804 385 847 Arbiter
406 804 588 858 imperii,
610 817 698 857 quo
719 807 884 845 eertum
905 809 974 845 est
995 806 1163 858 sospite
1185 810 1365 853 cunctos

266 871 481 913 Ausoniae
504 884 653 912 curam
674 872 811 923 gentis
831 871 992 912 habere
1015 871 1137 912 Deos
1155 886 1164 913 :

210 939 249 980 Ο
271 940 418 989 decus,
441 952 467 979 o
489 939 647 992 patriae
670 952 746 992 per
767 941 809 978 te
828 939 1020 979 florentis
1042 939 1213 992 imag03

267 1007 306 1047 Ο
330 1007 396 1049 vir
416 1020 501 1047 non
519 1007 633 1060 ipso,
656 1020 787 1060 quem
808 1007 940 1059 regis,
962 1007 1066 1047 orbe
1087 1007 1255 1059 minor3
1613 1007 1669 1048 50

211 1074 286 1116 Sic
306 1074 481 1114 habites
502 1077 650 1123 terras,
670 1074 734 1114 sic
756 1077 798 1114 te
818 1074 1033 1114 desideret
1055 1074 1214 1116 aether!

267 1141 342 1182 Sic
365 1141 421 1181 ad
442 1143 574 1193 pacta
594 1141 675 1181 tibi
696 1140 841 1181 sidera
862 1141 1011 1182 tardus
1033 1142 1134 1182 eas!

205 1270 355 1300 precare:
378 1263 484 1290 vastus
499 1262 629 1291 mundns
644 1260 724 1290 nihil
738 1260 828 1290 habet
845 1261 942 1291 lenius
961 1261 1093 1292 Coesare.
1137 1262 1194 1291 ,Me
1209 1259 1389 1298 infelicem!
1411 1261 1484 1300 quid
1491 1260 1624 1300 faciam,
1640 1261 1669 1292 si

209 1304 312 1333 omnia
328 1303 406 1333 mihi
421 1303 622 1340 junctissima
639 1312 691 1332 me
706 1302 875 1334 deserunt?
923 1303 969 1332 Tu
985 1304 1080 1333 etiam
1095 1303 1229 1342 surripis
1244 1303 1393 1332 cervicem
1400 1303 1481 1342 jugo
1497 1305 1640 1342 disrupto
1651 1302 1667 1335 2²

211 1346 279 1381 Quo
296 1342 479 1376 concedam?
502 1346 580 1375 unde
597 1345 751 1375 inveniam
772 1345 907 1375 levamen
928 1345 1055 1386 afflictis
1070 1344 1182 1377 rebus?
1228 1346 1323 1375 Nulla
1350 1346 1482 1375 anchora
1497 1345 1567 1383 jam
1583 1348 1667 1376 tenet

208 1391 346 1419 nostram
361 1398 478 1419 navem.
526 1389 742 1418 Consuluerit:
765 1398 935 1427 quanquam
951 1389 1082 1427 odiosus,
1096 1388 1160 1428 ipse
1173 1392 1285 1418 tamen
1302 1388 1341 1417 ad
1357 1388 1454 1418 altare
1469 1387 1645 1426 confugiam
1657 1397 1669 1419 .·

208 1432 307 1461 auare
322 1431 421 1460 nullas
436 1440 544 1460 manus
564 1430 695 1469 repellit.
742 1430 821 1460 Ecce
837 1430 944 1460 absens
968 1431 1097 1470 supplex
1121 1431 1256 1470 alloquor
1282 1430 1385 1460 Deum
1410 1433 1592 1470 praesentem
1605 1440 1616 1466 ;
1638 1429 1667 1460 si

203 1473 258 1511 sas
270 1476 314 1504 est
329 1472 445 1502 homini
458 1482 543 1512 posse
557 1473 670 1512 alloqui
684 1473 805 1503 Jovem.
850 1473 980 1503 Arbiter
993 1473 1126 1512 imperii,
1142 1483 1198 1512 qno
1217 1472 1358 1502 incolumi
1373 1475 1488 1502 cereum
1504 1476 1550 1503 est
1563 1482 1666 1503 omnes

210 1516 294 1545 Deos
306 1524 415 1554 gerere
429 1524 536 1545 curam
559 1514 665 1554 populi
691 1515 790 1550 Itali‚·
813 1525 829 1545 ο
851 1515 968 1553 gloria,
982 1525 998 1544 0
1014 1516 1117 1552 imago
1136 1515 1250 1553 patriae
1264 1524 1320 1554 per
1346 1517 1376 1545 te
1393 1514 1562 1554 florenti-Q·
1585 1527 1601 1545 υ
1617 1515 1666 1545 vir

209 1568 269 1588 non
285 1558 384 1588 minor
398 1557 463 1597 ipso
478 1558 589 1588 mundo
616 1567 704 1596 quem
726 1560 879 1598 temperas
890 1567 902 1593 ,-
924 1556 972 1587 ita
990 1557 1107 1587 incolas
1123 1560 1234 1596 terras,
1250 1560 1279 1587 et
1294 1557 1400 1587 coelum
1417 1560 1447 1587 te
1462 1557 1568 1597 cupiat
1579 1556 1594 1588 !
1620 1558 1666 1588 ita

825 1636 862 1647 Ν

1000 1636 1059 1647 oee-

209 1686 329 1727 scripti
342 1696 417 1717 cum
436 1686 580 1726 vulgatis
592 1686 663 1717 dub.
679 1688 708 1717 et
733 1688 794 1716 tut.
816 1694 858 1715 ex
883 1684 991 1715 tribus
1017 1687 1101 1715 vett.
1128 1684 1247 1715 Heius.
1273 1684 1450 1724 rescripsit
1474 1684 1558 1724 quid,
1576 1683 1666 1726 quod

210 1729 384 1761 nervosius
401 1728 634 1759 vidctur.—39
657 1728 815 1768 Quinque
829 1727 932 1764 „Libri
957 1737 1053 1767 quoeq.
1076 1727 1271 1767 rclin11uent;
1295 1732 1363 1758 tres
1379 1727 1579 1767 relinquant;
1603 1727 1666 1758 Be.

210 1773 459 1811 relinquen—110
484 1771 627 1812 Effiucto
656 1771 774 1801 Heius.
805 1770 938 1809 recepit
965 1779 1006 1799 ex
1033 1779 1084 1809 pr.
1105 1770 1179 1800 Pol.
1197 1773 1232 1800 et
1249 1774 1396 1810 quatuor
1410 1770 1482 1800 aliis
1499 1779 1560 1809 pro
1578 1770 1668 1810 vulg.

210 1818 240 1846 ct
258 1814 386 1853 fracto:
409 1823 461 1854 pr.
480 1814 523 1845 V.
550 1813 686 1851 efracto,·
710 1814 791 1844 Lov.
816 1812 1048 1850 infractm—-M
1075 1812 1178 1842 Multi
1204 1812 1289 1843 editi
1315 1817 1350 1843 et
1365 1812 1483 1852 scripti
1501 1812 1590 1843 lassis
1606 1822 1668 1852 pro

210 1858 401 1897 lapsis.-42
424 1858 572 1888 Strozzae
591 1856 681 1893 foret
705 1866 766 1896 pro
791 1857 973 1886 tenet.——43
998 1855 1219 1885 Heumannus
1244 1855 1277 1885 in
1306 1855 1463 1894 Parergis
1480 1855 1616 1886 Criticis
1634 1865 1668 1895 p.

212 1903 285 1931 117.
303 1900 387 1940 legit
404 1900 450 1930 Ni
463 1901 558 1940 petis,
572 1899 631 1939 ips.
650 1899 864 1939 improbante
879 1898 1080 1928 Burm.-—45
1105 1898 1254 1937 Alloquor
1270 1899 1429 1938 potiores,
1445 1902 1532 1928 teste
1547 1896 1668 1928 Heins.

210 1943 266 1973 alii
284 1942 446 1983 Alloquor.
479 1943 562 1972 Tum
578 1943 658 1973 Lov.
673 1942 731 1972 heu
743 1951 877 1982 prcesens
900 1941 1089 1981 praesentz'a:
1114 1940 1233 1972 Heius.
1249 1950 1336 1972 corr.
1348 1940 1526 1980 praesentia,
1541 1949 1616 1970 nam
1633 1939 1668 1970 in

215 1985 357 2025 vulgatis
374 1989 447 2016 erat
471 1985 631 2016 absentia.-
662 1984 761 2015 Voss.
791 1985 954 2023 Excerpt.
971 1983 1199 2014 coelestim—49
1221 1984 1316 2014 Unus
1332 1982 1526 2014 Gallicanus
1552 1984 1582 2012 te
1599 1981 1669 2019 ful-

209 2028 507 2067 gentisimag.--51
534 2027 625 2058 Olim
642 2027 819 2067 legebatur
836 2027 891 2057 Sic
915 2026 1036 2056 habites
1058 2029 1171 2065 terras,
1188 2029 1218 2056 et
1234 2029 1264 2056 te
1279 2036 1288 2056 .·
1310 2026 1373 2056 Be.
1398 2030 1431 2062 et
1449 2030 1517 2055 tres
1535 2024 1591 2055 alii
1613 2024 1669 2055 Sic

212 2070 328 2101 habitet
347 2074 458 2111 terum,
470 2071 536 2107 sic;
561 2075 597 2102 et
613 2070 679 2101 duo
695 2079 770 2101 cum
786 2069 872 2101 Edd.
889 2069 1021 2109 Mycill.
1039 2073 1074 2100 et
1087 2068 1218 2110 Gryph.
1234 2072 1350 2099 terram
1365 2067 1430 2099 sic:
1454 2068 1522 2099 Ms.
1537 2067 1668 2099 Bersm.

875 2165 1015 2196 NOTAE

257 2231 296 2259 35
322 2227 424 2268 Deus]
446 2226 631 2267 Augustus.
968 2226 1058 2257 istud
1075 2226 1183 2266 magis
1202 2226 1243 2256 ad
1261 2225 1461 2265 Augustum.

255 2280 296 2308 39
322 2276 526 2317 Relinquunt]
550 2277 725 2306 Deserunt
748 2280 784 2307 et
811 2275 915 2306 desti·
1010 2275 1125 2314 Aram]
1148 2274 1366 2314 Acutissime,
1379 2283 1421 2304 ex
1434 2274 1559 2305 honore
1570 2283 1669 2315 quem

214 2332 314 2361 luunt
331 2337 383 2358 me
401 2327 498 2358 amici
516 2330 618 2367 atque
635 2326 827 2367 propinqui.
968 2324 1124 2365 Augusto
1146 2328 1300 2365 pratstat,
1316 2324 1380 2354 sibi
1400 2324 1441 2354 ad
1460 2324 1670 2364 deprecatio·

255 2380 297 2409 42
320 2377 478 2417 Anchora]
529 2376 689 2416 Eleganti
715 2377 915 2416 metaphora
969 2375 1018 2406 nis
1035 2375 1211 2405 audaciam
1227 2375 1314 2405 viam
1331 2375 1463 2406 sternit.

215 2438 288 2460 sese
318 2428 424 2459 cuivis
455 2427 605 2468 periculo
632 2427 816 2468 objectum,
843 2426 914 2457 sine
1011 2431 1051 2458 45
1075 2426 1193 2458 Absens
1205 2426 1388 2466 prasentia]
1426 2426 1616 2467 Ingeniose,
1642 2428 1670 2459 si

215 2478 302 2509 omni
318 2477 456 2517 auxilio,
471 2476 632 2508 ostendit.
970 2478 1148 2518 quicquam
1165 2477 1275 2508 aliud:
1301 2487 1444 2517 namque
1458 2483 1492 2508 et
1509 2487 1670 2509 verecun-

257 2530 296 2559 43
321 2526 459 2566 Viderit]
481 2526 708 2557 Proverbialis
724 2525 864 2566 locutio,
882 2526 915 2556 in
971 2529 1060 2559 diam
1085 2528 1186 2558 habet
1208 2527 1281 2557 lime
1299 2527 1474 2558 antithesis
1491 2528 1531 2558 ad
1551 2532 1669 2568 peten-

216 2577 316 2608 rebus
334 2577 532 2618 deploratis,
547 2586 693 2617 quasque
717 2581 789 2607 tuto
807 2576 916 2607 cousi·
970 2578 1061 2616 dum,
1088 2582 1123 2608 et
1150 2577 1276 2608 causari
1302 2577 1396 2617 quasi
1426 2577 1502 2608 Deo
1533 2577 1669 2609 adblan-

216 2631 258 2661 lio
275 2640 338 2661 uon
356 2632 437 2662 lieet
453 2631 586 2671 exequi.
626 2630 759 2661 Gallice
777 2628 848 2660 fere
866 2629 914 2659 di-
969 2628 1070 2659 ditur.

217 2680 323 2710 cimus
349 2681 380 2710 in
409 2681 493 2711 lianc
510 2681 726 2720 sententiam,
745 2679 830 2715 Qu‘il
845 2681 915 2711 uilla.»
1011 2681 1052 2709 4⁴.)
1079 2677 1200 2717 Imago]
1226 2676 1500 2718 Rvpiuzseututio
1522 2677 1665 2717 publicae

218 2741 327 2761 comme
345 2731 366 2760 il
380 2741 504 2771 pourru.
549 2734 749 2773 Quanquam
768 2731 913 2763 refertur
970 2729 1154 2762 felicitatis.
