1877 3193
520 178 673 210 EmsT.
708 178 773 209 Ex
809 178 968 209 PoNTo
1001 179 1097 210 Lm.
1121 180 1188 210 1v.
1214 169 1283 212 13.
1512 173 1627 218 2737

177 272 298 324 Quid
317 273 528 325 mandem,
550 275 757 329 quaeras?
788 287 980 328 peream,
1000 275 1087 316 nisi
1106 275 1246 317 dicere
1267 276 1344 318 vix
1362 279 1443 317 est.

232 340 281 381 Si
299 341 443 392 modo,
463 343 536 396 qui
558 343 700 396 periit,
720 342 794 383 ille
814 342 953 396 perire
972 346 1137 396 potest.

176 405 274 448 Nec
294 408 402 461 quid
422 422 549 462 agam
570 410 758 459 invenio,
778 422 861 450 nec
882 409 988 462 quid
1009 410 1199 450 nolimve
1220 410 1428 452 velimve:
1574 412 1632 452 45

232 474 330 516 Nec
350 476 460 517 satis
481 477 646 517 utilitas
667 480 732 525 est
749 489 849 516 mea
867 480 974 516 nota
993 476 1113 514 mihi.

176 539 316 582 Crede
335 542 440 583 mihi
457 557 467 593 ;
498 543 684 582 miseros
703 541 935 593 prudentia
951 540 1093 593 prima
1112 541 1343 594 relinquit:

233 607 288 648 Et
306 620 458 648 sensus
480 621 580 648 cum
600 621 646 647 re
669 607 986 660 consiliumque
1002 606 1128 659 fugit.

176 673 295 727 Ipse,
316 687 482 728 precor,
502 686 692 727 quaeras,
715 686 804 727 qua
825 674 907 714 sim
926 673 1006 714 tibi
1028 678 1151 727 parte
1166 674 1412 727 juvandus:

231 739 422 794 Quoque
438 740 554 782 viam
575 741 716 782 facias
737 740 794 782 ad
814 753 912 781 mea
932 744 1034 783 vota
1053 741 1184 783 vado.
1573 747 1630 788 50

170 874 378 917 praecipium?
422 877 589 916 Inteream,
605 879 664 909 nisi
689 879 744 909 cix
756 888 878 918 possum
891 877 1057 919 proferre;
1079 879 1106 909 si
1131 879 1218 910 modo
1244 879 1294 911 ille
1314 880 1366 919 qui
1393 880 1517 913 interiit
1528 886 1629 922 potest

173 919 312 950 interire.
358 920 465 959 Neque
478 920 596 960 reperio
611 921 683 961 quid
696 931 799 960 agam,
813 932 906 961 neque
922 921 993 961 qnid
1017 922 1064 952 vel
1086 922 1191 960 nolim,
1213 923 1259 952 vel
1282 923 1373 953 velim
1384 934 1396 959 ‚·
1418 933 1511 964 neque
1527 935 1628 956 meum

173 963 358 992 commodum
373 966 419 992 est
432 963 509 993 satis
518 967 709 1003 perspectam
725 964 812 994 mihi..
840 965 937 994 Crede
952 964 1039 1003 mihi,
1060 965 1162 1003 prima
1173 966 1339 1004 prudentia
1349 965 1462 996 deserit
1478 966 1630 1007 infelices,

173 1006 203 1034 et
216 1003 422 1042 intelligentia
435 1008 464 1034 et
469 1004 623 1043 judicium
638 1006 704 1036 abit
718 1017 785 1037 cum
800 1016 844 1036 re.
894 1006 952 1043 Tu,
980 1016 1043 1045 oro,
1063 1007 1221 1047 dispicias,
1246 1017 1306 1048 qua
1324 1012 1417 1049 parte
1436 1009 1495 1040 sim
1513 1009 1630 1048 juvan-

174 1047 229 1077 dus
242 1057 260 1078 a
275 1050 327 1084 te;
352 1047 396 1077 vel
409 1057 466 1087 quo
481 1049 557 1078 rado
571 1048 708 1088 proebeas
724 1049 782 1079 iter
797 1049 872 1079 meis
886 1049 1061 1079 desideriis.

782 1143 1017 1154 eeeeeeeeeeee

175 1204 215 1233 47
239 1200 306 1232 Ms.
335 1202 467 1234 Bersm.
496 1203 569 1234 mik.
594 1203 739 1234 miserum
762 1205 853 1244 prud.
878 1203 1014 1235 Deinde
1045 1203 1161 1234 deceni
1189 1202 1308 1243 scripti
1332 1203 1424 1242 prim.
1450 1205 1631 1244 reliquit.—

175 1246 217 1275 48
244 1244 320 1274 Cum
335 1254 386 1284 spe
403 1244 639 1276 scribendum:
664 1255 741 1276 nam
769 1256 852 1276 unus
886 1246 1007 1285 Vossii‚
1037 1256 1105 1276 cum
1132 1249 1183 1275 te:
1207 1245 1358 1275 Medonii
1385 1255 1480 1284 unus,
1505 1257 1573 1277 cum
1587 1258 1630 1279 se.

175 1286 294 1317 Heius.
340 1286 481 1317 Minime
507 1288 704 1318 mutandum
730 1298 797 1318 cum
823 1298 876 1318 re.-
900 1289 946 1318 ita
975 1288 1063 1318 enim
1093 1292 1128 1318 et
1153 1288 1338 1317 Terentius
1363 1288 1516 1319 Eunuch.
1541 1298 1580 1319 11.
1596 1292 1629 1321 2.

173 1327 182 1344 ‘
199 1328 297 1359 simul
313 1329 488 1359 consilium
504 1339 580 1359 cum
599 1339 633 1359 re
651 1330 788 1360 amisisti
802 1329 824 1359 ?'
848 1331 984 1360 Sallust.
999 1330 1157 1370 Jugurth.
1170 1331 1222 1359 74.
1246 1330 1256 1345 ‘
1273 1330 1348 1360 Nec
1365 1339 1432 1369 res,
1448 1340 1511 1361 nec
1525 1333 1633 1363 consi-

171 1370 269 1406 lium,
295 1379 359 1400 nee
389 1371 572 1411 quicquam
603 1371 774 1402 hominum
801 1373 882 1402 satis
911 1371 1103 1412 placebat;’
1127 1376 1162 1402 et
1186 1372 1235 1402 ita
1260 1372 1315 1402 alii
1343 1382 1446 1412 saepe.
1472 1373 1630 1404 Burm.—-

173 1415 215 1443 49
238 1412 308 1443 Pro
318 1422 427 1452 precor
442 1422 526 1444 unus
539 1413 658 1445 Heins.
675 1414 786 1445 velim:
811 1413 1008 1445 Medonian.
1024 1415 1192 1445 Περι-60
1218 1414 1345 1453 Quaque
1362 1415 1457 1446 multi
1479 1421 1513 1446 et
1531 1417 1630 1455 prim.

173 1454 237 1485 Ed.
274 1464 423 1497 quamque
438 1455 520 1487 viam
536 1456 641 1487 Polit.
678 1456 783 1491 Quove
799 1456 884 1487 editi
900 1457 1061 1487 nonnulli.
1104 1455 1183 1486 Vota
1199 1457 1286 1486 modo
1305 1456 1432 1488 Moreti
1446 1467 1453 1488 :
1478 1460 1550 1489 vota
1562 1459 1629 1490 vide

173 1497 281 1529 multi.

834 1584 864 1615 N
871 1584 972 1616 OTAE

218 1670 258 1698 43
283 1666 397 1699 Dicere
420 1668 473 1699 vix
495 1667 556 1709 est]
580 1668 646 1700 Vix
670 1679 804 1710 possum
826 1670 874 1701 di·
930 1680 1030 1711 quam
1062 1670 1151 1711 qnod
1181 1670 1253 1702 sine
1284 1670 1434 1703 remedio
1467 1679 1540 1702 esse
1571 1680 1629 1703 sua

176 1727 267 1749 cere.
927 1719 1025 1751 nimis
1041 1719 1171 1752 vident.

218 1770 258 1799 47
283 1768 474 1809 Prudentia]
498 1768 576 1800 Non
596 1773 665 1801 tam
692 1769 875 1811 prudentia

592 2141 636 2188 Ε
652 2141 693 2189 Ρ
710 2139 1006 2189 ISTOLA
1060 2140 1217 2190 ΧΙΙΙ.

805 2302 990 2345 CARO.

703 2467 1058 2501 ARGUMENTUM.

181 2563 239 2595 Αυ
254 2563 395 2594 anticum
407 2563 538 2593 nomine
553 2563 673 2595 Carum
691 2564 813 2603 Poeta,
828 2567 864 2595 et
880 2564 1052 2595 Caesarum
1069 2565 1329 2602 praeceptorem,
1341 2560 1505 2601 scribens,
1518 2561 1625 2602 primo

222 2615 306 2646 dicit
329 2625 404 2645 eum
425 2625 522 2655 posse
545 2615 734 2657 intelligere
759 2626 801 2648 ex
825 2616 952 2647 chart-ee
983 2615 1094 2646 colore
1110 2618 1145 2644 et
1173 2614 1328 2644 carminis
1349 2617 1520 2645 structura
1537 2614 1624 2646 unde

222 2670 294 2699 liaec
311 2668 455 2708 epistola
471 2668 594 2699 veniat.
638 2670 764 2702 Postea
788 2670 902 2701 subdit
921 2680 956 2699 se
973 2677 1106 2699 carmen
1132 2667 1232 2698 etiam
1259 2666 1484 2706 composuisse
1510 2667 1625 2708 lingua

224 2721 348 2753 Getica
372 2721 402 2751 in
419 2721 548 2751 laudem
574 2720 731 2763 Augusti,
750 2723 865 2763 Liviae,
879 2727 915 2753 et
937 2722 1009 2762 ejus
1032 2721 1225 2752 liberorum.
1269 2720 1447 2753 Postremo
1467 2729 1544 2751 eum
1561 2730 1624 2762 per

268 2774 380 2814 Detph.
393 2776 421 2805 et
445 2772 515 2804 ναν.
530 2774 612 2806 Clas.
860 2774 955 2806 Ouid.
1469 2776 1488 2803 8
1511 2772 1538 2804 L
