1877 3193
230 179 344 222 2764
768 186 1029 220 PROLEGOM
1039 189 1137 219 ENA

229 285 374 317 haereret
391 286 623 326 mirabundus,
647 295 756 327 neque
785 295 820 315 se
837 285 1040 326 explicaret,
1054 285 1096 316 ad
1113 284 1201 324 genii
1223 283 1398 317 familiaris
1415 285 1586 318 oraculum
1603 295 1681 319 con-

230 338 375 380 fugisse:
400 344 500 380 atque
527 341 603 370 hinc
627 344 865 379 exasperatum
892 339 1046 370 da=moua
1070 339 1288 370 sciscitatoris
1312 339 1497 380 importuni
1514 344 1618 381 caput
1640 340 1680 371 ad

231 392 408 422 imminens
424 393 561 433 laquear·
578 391 748 430 afflixisse,
765 393 953 434 iterumque
970 393 1094 424 dimissi
1112 403 1232 432 corpus
1250 393 1289 424 ad
1309 393 1536 433 pavimentum
1551 397 1686 434 protur-

231 445 342 480 basse,
367 445 483 476 addito
501 455 672 485 responso,
694 447 782 477 hunc
800 456 874 477 esse
890 452 1017 478 motum
1033 447 1169 485 Martis,
1185 450 1219 476 ut
1235 445 1339 477 refert
1353 446 1503 478 Joannes
1515 447 1687 487 Keplerus

232 498 386 537 Epistola
415 498 625 530 dedicatoria
648 499 690 530 ad
720 499 935 540 Rudolplmm
966 500 1227 540 Imperatorem.
1284 500 1371 531 Tota
1401 509 1455 531 res
1482 499 1686 540 conjecturis

232 556 426 590 pertinetur.
483 552 606 592 Itaque
628 552 779 592 suspicor
807 553 844 583 C.
870 552 998 583 Julium
1017 552 1191 593 Hyginum
1215 561 1301 590 esse,
1317 561 1414 593 quem
1443 551 1588 583 Ovidius
1602 550 1687 583 ficto

233 604 366 634 nomine
398 604 473 635 Ibin
503 604 667 644 appellat.
723 605 821 635 Illum
854 604 1006 644 inquam,
1033 605 1074 635 de
1107 615 1172 645 qno
1199 605 1380 636 Suetonius
1410 605 1494 637 libro
1521 605 1564 635 de
1589 598 1705 635 Illus?

234 655 343 686 tribus
360 656 609 693 Gianunaucis,
640 656 759 686 retulit
775 656 807 686 in
833 656 905 687 haec
920 657 1044 687 verba:
1072 658 1081 675 ‘
1096 658 1195 689 Caius
1209 658 1320 690 Julius
1348 658 1520 699 Hyginus,
1538 656 1688 697 Augusti

231 708 386 747 libertus,
411 709 546 739 natione
576 709 765 749 Hispanus,
789 709 854 739 etsi
883 710 1033 740 nonnulli
1061 710 1326 741 Alexandrinum
1356 716 1493 751 putant,
1521 716 1556 741 et
1582 711 1690 742 aCae·

232 771 306 791 sare
331 771 468 801 puerum
500 763 637 792 Romam
670 762 849 792 advectum
875 761 1086 794 Alexandria
1113 767 1227 803 capta,
1255 765 1404 795 studiose
1429 770 1464 795 et
1492 763 1589 794 avide
1615 763 1688 794 imi-

234 819 327 844 tatus
355 819 406 844 est
438 815 633 844 Cornelium
670 815 900 846 Alexandrum
930 816 1186 856 grammaticum
1216 817 1387 856 Graecnm,
1417 827 1516 858 quem
1548 821 1689 857 propter

235 867 446 907 antiquitatis
475 868 648 898 notionem
686 868 934 909 Polylxistorem
971 870 1079 909 multi,
1117 869 1252 910 qnidam
1287 869 1472 901 Historiam
1512 869 1690 901 vocabant.

235 919 383 950 Praefuit
414 921 582 951 Palatinae
613 921 851 961 Bibliothecae,
885 933 948 953 nec
978 924 1086 954 multo
1114 922 1223 953 secius
1254 923 1416 962 plurimos
1447 923 1574 962 docuit,
1609 921 1690 953 fuit-

235 982 298 1013 que
331 973 457 1005 Ovidio
487 973 607 1005 Poetae
640 974 928 1013 familiarissimus,
958 979 993 1006 et
1020 975 1102 1006 Caio
1132 974 1266 1006 Licinio
1297 975 1465 1006 consulari
1503 974 1689 1014 Historico‚

235 1026 290 1066 qni
308 1036 382 1056 eum
399 1026 575 1057 admodum
596 1037 778 1067 pauperem
797 1028 983 1059 decessisse
1001 1027 1117 1067 tradit,
1132 1033 1168 1059 et
1183 1028 1390 1059 liberalitate,
1405 1038 1463 1058 sua
1481 1027 1591 1068 quoad
1605 1026 1693 1057 vixit

235 1084 471 1110 sustentatum.
516 1080 624 1120 Hujus
640 1081 780 1112 libertus
797 1081 862 1112 fuit
877 1082 989 1114 Julius
1015 1081 1206 1120 Modestus,
1223 1082 1254 1112 in
1273 1082 1395 1112 studiis
1413 1086 1516 1121 atque
1534 1079 1692 1111 doctrina

238 1132 382 1172 vestigia
400 1133 539 1163 Patroni
559 1135 718 1164 secutus!
764 1135 850 1165 Haec
868 1135 922 1165 ille
939 1146 946 1174 3
971 1135 1068 1176 cujus
1091 1135 1196 1166 verba
1218 1135 1401 1174 diligenter
1417 1140 1452 1164 et
1467 1134 1537 1164 acri
1559 1132 1693 1174 judicio

235 1194 406 1225 perpensa
420 1187 605 1217 nonlevem
617 1188 797 1227 suspicioni
815 1197 896 1218 nie‘ae
910 1198 1024 1219 ansam
1038 1188 1193 1229 praebere
1211 1187 1382 1218 videntur.
1416 1188 1500 1218 Cum
1518 1186 1607 1217 enim
1621 1185 1694 1226 Hy-

239 1238 353 1277 ginum
371 1239 495 1269 Ovidio
510 1239 805 1271 familiarissinmm
819 1240 922 1271 fuisse
940 1241 1036 1279 dicit,
1051 1241 1105 1272 ubi
1123 1241 1224 1271 modo
1239 1241 1291 1271 vel
1304 1241 1336 1271 in
1350 1240 1502 1271 omnibns
1516 1239 1692 1281 utriusque

238 1292 462 1322 monumentis
487 1296 589 1322 tantm
608 1293 864 1323 necessitudinis
881 1293 1061 1332 vestigium
1087 1293 1203 1323 extat?
1237 1293 1381 1323 Ovidius
1408 1292 1449 1322 ad
1473 1300 1625 1330 uxorem,
1650 1289 1692 1321 ad

239 1343 377 1382 Carum,
393 1343 433 1373 ad
453 1345 625 1380 Petilium,
641 1344 681 1375 ad
708 1345 868 1380 Brutum,
890 1345 930 1376 ad
952 1345 1148 1384 Maximum,
1171 1345 1211 1375 ad
1238 1345 1408 1382 Rufinum,
1425 1344 1466 1374 ad
1485 1343 1694 1381 Graecinum,

238 1395 544 1434 adeMessuil'nuu5
563 1398 602 1426 ad
619 1397 793 1436 Severum,
818 1397 858 1427 ad
881 1398 1048 1437 Flaccum,
1070 1396 1111 1427 ad
1139 1397 1393 1435 Germanicum,
1409 1396 1450 1427 ad
1467 1396 1636 1435 Solarium,
1651 1394 1693 1425 ad

240 1447 407 1486 Atticum,
425 1450 465 1478 ad
486 1452 635 1486 Cottum,
654 1450 693 1479 ad
712 1451 839 1487 Cotini,
855 1450 896 1479 ad
912 1450 1080 1489 Suillium,
1100 1450 1141 1480 ad
1158 1450 1420 1488 Albinovanum,
1435 1449 1476 1479 ad
1493 1448 1695 1484 Gallionem,

240 1501 280 1532 ad
297 1501 498 1532 Tuticanum
517 1503 677 1540 epistolas
694 1503 811 1541 mittit,
835 1503 875 1532 ad
904 1503 1077 1542 Hyginum
1094 1512 1176 1533 vero
1192 1502 1329 1532 nullam.
1375 1501 1430 1532 An
1446 1500 1536 1532 forte
1561 1501 1618 1532 ille
1643 1506 1697 1533 est

242 1554 282 1585 ad
301 1564 398 1594 quem
417 1564 599 1594 suppresso
617 1556 751 1584 nomine
776 1554 876 1585 ioties
900 1554 1038 1585 scribit?
1070 1554 1288 1595 neutiquam:
1323 1554 1496 1594 Hyginum
1524 1554 1613 1585 enim
1635 1554 1696 1584 ad-

239 1607 376 1638 modum
394 1618 577 1647 pauperem
595 1608 782 1638 decessisse
798 1607 1013 1648 Tranquillus
1029 1607 1096 1646 ait3
1122 1608 1268 1639 alterum
1296 1606 1435 1638 divitem
1462 1612 1564 1647 atque
1579 1606 1697 1647 opibus

239 1659 467 1691 abundantem
484 1661 587 1692 fuisse
607 1662 698 1692 Naso
716 1661 842 1691 diserte
859 1660 1012 1701 prodidit
1025 1660 1073 1691 his
1086 1660 1249 1699 versibus,
1261 1670 1341 1700 qnos
1359 1659 1399 1690 ad
1418 1660 1560 1690 amicum
1578 1659 1697 1700 mittit,

242 1713 339 1753 cnjus
365 1723 487 1744 nomen
516 1716 670 1745 consulto
699 1715 867 1754 praeterit,
893 1715 994 1745 Trist.
1018 1723 1069 1745 lv.
1097 1718 1128 1745 5.
1161 1714 1170 1730 ‘
1186 1714 1216 1744 O
1235 1713 1313 1744 mihi
1337 1713 1481 1744 dilectos
1506 1714 1595 1743 inter
1620 1722 1698 1753 pars

242 1766 351 1806 prima
367 1766 512 1805 sodales,
527 1766 636 1798 Unica
650 1767 795 1799 fortunis
811 1778 869 1798 ara
883 1772 1019 1808 reperta
1035 1767 1134 1798 meis:
1160 1766 1263 1807 Cujus
1277 1766 1318 1797 ab
1329 1766 1483 1807 alloquiis
1499 1767 1610 1796 anima
1625 1767 1698 1797 liaec

243 1818 447 1849 moribunda
464 1820 600 1858 revixit,
623 1821 671 1851 Ut
688 1820 766 1860 xigil
784 1819 892 1851 infusa
918 1819 1060 1850 Pallade
1078 1819 1211 1850 flamma
1227 1820 1329 1851 solet:
1355 1819 1422 1852 Qui
1440 1820 1566 1850 veritus
1580 1828 1646 1849 non
1663 1828 1699 1850 es

242 1877 360 1913 portus
389 1873 521 1913 aperite
543 1873 661 1904 tideles
689 1874 843 1904 Fulmine
869 1883 1035 1914 porcussae
1065 1872 1331 1914 confugiumque
1361 1873 1447 1904 rati:
1484 1873 1588 1913 Cujus
1605 1881 1697 1903 eram

245 1934 347 1956 censu
362 1935 427 1956 nou
444 1936 496 1956 nie
514 1936 670 1957 sensurus
688 1932 857 1967 egentem,
880 1927 914 1958 Si
941 1928 1057 1958 Caesar
1074 1926 1203 1967 patrias
1219 1926 1399 1966 eripuisset
1414 1925 1518 1966 opes.'
1564 1924 1699 1957 Deinde

243 1976 278 2007 in
293 1986 331 2007 ca
348 1978 491 2016 epistola
509 1988 603 2018 uxor,
618 1979 730 2017 liberi,
748 1984 782 2009 et
800 1978 906 2010 frater
921 1980 1005 2019 ejus,
1024 1978 1064 2009 ad
1089 1988 1187 2020 quem
1205 1979 1335 2019 scripta
1358 1984 1422 2016 est,
1438 1986 1702 2009 commemoran-

242 2034 311 2069 tur,
328 2040 468 2070 qnornm
495 2032 686 2071 Suetonius,
715 2033 890 2074 ceteroqui
908 2043 973 2063 non
991 2032 1186 2072 omissuros,
1212 2032 1335 2062 nnllam
1364 2032 1567 2063 mentionem
1584 2030 1697 2061 habet.

244 2083 353 2114 Unum
371 2089 484 2115 antem
508 2091 543 2116 ct
570 2086 712 2116 cundem
730 2096 801 2117 csse
827 2085 1061 2116 animadverto
1087 2085 1128 2116 ad
1145 2095 1244 2126 quem
1272 2085 1415 2116 Ovidius
1443 2085 1548 2116 tacito
1564 2083 1699 2114 nomine

243 2134 361 2166 literas
378 2138 499 2168 iterum
517 2143 619 2179 atque
637 2140 756 2170 iterum
774 2139 881 2170 dedit.
927 2139 1079 2179 Ipsemet
1107 2139 1195 2169 enim
1223 2139 1321 2170 testis
1339 2144 1389 2168 est
1415 2139 1465 2169 Ex
1483 2138 1583 2168 Pont.
1602 2145 1655 2168 ιιι.
1669 2139 1701 2174 6,

245 2186 303 2223 ulii
321 2187 518 2219 samium-<un
534 2192 700 2230 quendam
718 2191 768 2221 his
786 2192 898 2222 verbis
916 2193 1120 2231 alloquitur:
1145 2194 1152 2207 ‘
1173 2192 1252 2232 Ipse
1269 2202 1333 2231 ego
1350 2191 1439 2232 quod
1459 2191 1566 2231 primo
1581 2188 1700 2228 scripsi

246 2238 318 2270 sine
334 2241 467 2271 nomine
482 2242 589 2279 vobis,
603 2243 668 2272 Vix
685 2245 839 2274 excusari
857 2255 954 2284 posse
982 2245 1061 2275 mihi
1078 2244 1217 2275 videor?
1263 2244 1337 2274 Una
1360 2250 1471 2274 tamen
1495 2249 1546 2273 est
1568 2251 1643 2282 quae
1657 2239 1700 2270 ad

249 2293 423 2332 Hyginum
441 2293 571 2333 scripta
589 2294 736 2333 videtur,
764 2304 885 2334 nempe
912 2297 1014 2326 tertia
1033 2306 1080 2327 iv.
1107 2307 1148 2326 ex
1166 2297 1268 2327 l'ont.
1316 2296 1470 2326 Amicum
1495 2295 1580 2324 enim
1598 2302 1701 2333 quen-

247 2345 324 2376 dam
350 2350 458 2386 taxat,
485 2351 519 2377 et
545 2357 622 2377 eum
645 2352 726 2377 nota
754 2348 902 2378 levitatis
929 2348 1045 2386 inurit,
1064 2349 1151 2388 quod
1180 2358 1256 2378 cnm
1281 2358 1299 2377 a
1327 2348 1451 2377 teneris
1476 2347 1569 2377 annis
1585 2355 1697 2377 secum

247 2399 439 2431 arctissimo
456 2399 715 2430 necessitudinis
742 2400 874 2430 vinculo
895 2399 1037 2439 junctus
1056 2399 1171 2437 fuerit,
1201 2398 1336 2429 taudem
1356 2399 1387 2429 in
1405 2399 1548 2429 adversa
1563 2397 1699 2429 fortuna

249 2462 315 2482 non
333 2452 430 2483 modo
447 2461 522 2482 enm
539 2452 685 2492 deserat,
701 2453 758 2483 sed
777 2452 957 2493 nequidem
975 2452 1172 2491 cognovisse
1189 2451 1334 2481 simulet.
1380 2452 1463 2490 Ejus
1479 2457 1530 2481 est
1545 2451 1697 2482 initium:

249 2506 476 2545 ‘Conquerar
492 2516 532 2536 an
550 2509 679 2536 taceam
692 2505 713 2535 ?'
760 2506 837 2538 Qua
853 2505 987 2545 quidem
1003 2505 1142 2544 epistola
1160 2503 1253 2533 tiu-iu·
1274 2503 1475 2533 crediderim
1497 2502 1639 2533 eundem
1656 2503 1699 2535 ab

252 2558 377 2588 Ovidio
405 2558 516 2588 notari
543 2559 575 2588 in
594 2568 691 2599 quem
708 2558 780 2599 ipse
806 2567 895 2591 nuuc
912 2558 1092 2588 invehitur.
1141 2558 1225 2588 Nam
1244 2559 1333 2596 qnod
1350 2557 1416 2586 ait:
1441 2557 1449 2571 ‘
1466 2555 1533 2586 Sed
1549 2561 1581 2586 et
1599 2556 1702 2587 insul·

251 2615 326 2640 tare
346 2611 478 2649 jacenti
499 2613 545 2642 'Fe
562 2611 656 2650 milii,
686 2621 749 2642 nce
767 2611 876 2642 verbis
895 2619 1035 2649 parcere
1065 2609 1153 2640 fanu.
1172 2608 1310 2639 refertz’
1335 2613 1491 2649 repetere
1514 2607 1649 2639 videtur
1664 2608 1699 2640 in

251 2661 418 2699 Ibin,lioc
435 2664 554 2695 modo:
577 2666 586 2681 ⁴
603 2665 822 2706 Vulneraque
849 2664 987 2695 immitis
1015 2663 1163 2704 requiem
1180 2662 1367 2703 qumi-entia
1391 2667 1505 2700 vexat,
1519 2661 1638 2693 Jactat
1662 2664 1699 2691 et

254 2715 287 2746 in
307 2717 380 2746 toto
398 2716 500 2748 verba
517 2717 638 2749 canina
664 2717 760 2751 soro!
807 2718 851 2750 Et
879 2717 980 2759 paulo
1007 2722 1099 2758 posu
1125 2716 1133 2733 ‘
1152 2714 1199 2748 At
1222 2715 1293 2756 tibi,
1319 2714 1458 2747 calcasti
1474 2714 1531 2756 qni
1545 2723 1610 2755 me,
1631 2712 1699 2744 vio-
