1877 3193
522 162 676 192 Erisr.
711 161 776 191 nx
810 160 969 191 PONTo
1003 161 1099 192 mn.
1133 161 1186 191 ιι.
1216 149 1257 191 8.
1503 149 1615 193 2607

159 258 237 299 Sic
257 260 381 311 pater
400 257 444 298 in
466 256 635 311 Pylios,
666 256 873 297 Cumaeos
893 260 1030 297 mater
1048 256 1091 296 in
1111 266 1248 297 annos

219 324 390 365 Vivant
408 337 418 374 ;
451 328 496 364 et
512 324 658 376 possis
678 323 796 363 filius
818 335 913 363 esse
935 322 1027 363 diu.

161 389 233 431 Tu
256 403 448 443 quoque,
469 391 733 430 conveniens
754 389 916 440 ingenti
936 393 1076 441 nupta
1095 388 1265 438 marito,

221 457 393 510 Accipe
414 469 498 496 non
520 455 628 496 dura
647 454 866 507 supplicis
888 466 991 493 aure
1011 466 1175 505 preces.

166 524 241 565 Sic
262 525 342 564 tibi
363 524 430 563 vir
449 535 623 575 sospes,
647 521 712 561 sic
737 520 824 560 sint
843 531 939 559 cum
960 518 1079 571 prole
1098 523 1296 571 nepotes,

224 590 421 643 Cumque
440 589 567 629 bonis
585 588 766 627 nuribus
789 598 898 639 quas
921 598 1126 638 peperere
1149 598 1300 627 nuruS.

166 657 258 707 Sic,
280 670 408 711 quem
429 655 522 696 dira
543 656 621 695 tibi
640 654 788 708 rapuit
808 652 1062 702 Germania,
1086 653 1256 694 Drusus

225 724 338 764 Pars
358 722 484 763 fuerit
505 726 653 774 partus
677 721 772 761 sola
789 719 961 760 caduca
981 720 1059 759 tui.

169 791 244 832 Sic
263 790 358 839 tibi,
381 790 528 830 Marte
550 802 629 829 suo
650 787 822 828 fraterni
844 786 1005 826 funeris
1030 787 1160 836 ultor,

226 857 475 910 Purpureus
493 857 633 896 niveis
651 855 770 895 filius
791 855 922 895 instet
942 854 1082 907 equis.

169 922 361 965 Annuite
382 937 408 964 o
429 924 610 972 timidis,
630 923 863 963 mitissima
879 922 1073 971 numina,
1093 921 1222 962 votis.

227 992 479 1032 Praesentes
504 990 673 1043 aliquid
695 990 834 1043 prosit
854 989 1016 1030 habere
1040 989 1178 1031 Deos.

1564 520 1621 559 45

1568 856 1623 895 50

171 1136 225 1163 tes.
272 1132 323 1163 Ita
335 1136 425 1172 pater
440 1133 523 1163 rii-at
538 1132 571 1163 in
586 1141 681 1163 annos
699 1132 816 1172 Pylios,
831 1136 866 1162 et
882 1136 980 1163 mater
994 1132 1025 1162 in
1044 1140 1147 1162 annos
1167 1132 1318 1166 Cumaeos,
1332 1131 1363 1158 et
1376 1128 1474 1168 possis
1496 1137 1558 1159 esse
1572 1129 1627 1160 diu

160 1175 263 1214 filius.
311 1175 354 1206 Tu
371 1175 464 1205 elium
480 1185 559 1204 uxor
573 1177 646 1214 apta
667 1184 778 1213 magno
805 1175 927 1211 marito,
952 1174 1025 1203 muli
1047 1176 1117 1203 vot«
1132 1172 1277 1211 supplicis
1292 1180 1365 1201 aure
1380 1170 1526 1210 propitia.
1571 1173 1626 1202 [ta

171 1218 302 1247 maritus
325 1217 367 1247 sit
383 1217 440 1247 tibi
455 1217 624 1254 incolumis,
647 1217 693 1246 ita
709 1220 828 1255 nepotes
849 1226 915 1246 cum
929 1216 1062 1254 posteris
1076 1215 1155 1251 suin,
1171 1217 1201 1244 et
1227 1222 1322 1244 nurus
1343 1221 1417 1251 quas
1443 1217 1627 1252 pepererunt

169 1269 238 1289 cum
253 1259 339 1289 bonis
350 1259 478 1289 nuribus
490 1259 555 1288 sint
567 1259 764 1288 incolume&
809 1259 862 1288 Ita
883 1259 1017 1294 Drusus,
1037 1267 1123 1296 quem
1131 1256 1204 1292 feru
1223 1254 1394 1285 Germania
1410 1254 1469 1284 tibi
1483 1254 1626 1294 abstulit,

163 1301 266 1337 fuerit
281 1302 344 1331 sola
359 1311 431 1340 pars
445 1302 557 1331 caduca
572 1303 696 1330 tuorum
708 1300 884 1330 liberorum.
929 1300 981 1329 Ita
999 1299 1092 1339 filius
1113 1307 1252 1338 purpura
1275 1297 1402 1327 indutus
1427 1297 1468 1326 sit
1493 1296 1551 1327 tibi
1566 1298 1628 1328 cito

168 1344 283 1374 vindex
298 1342 541 1380 necisfraternae
556 1342 587 1373 in
601 1342 684 1382 equis
697 1341 848 1373 candidis.
896 1341 924 1371 O
952 1342 1013 1373 Dii
1037 1341 1186 1372 lenissimi
1200 1339 1308 1378 favete
1327 1338 1470 1380 precibus
1481 1339 1604 1379 pavidis
1618 1350 1630 1377 ,-

778 1434 1014 1446 eeeeeeeeeeeee

171 1501 473 1542 triumphatos—42
501 1500 612 1531 Vivum
628 1502 658 1529 et
675 1502 710 1529 ut
725 1498 903 1529 Barberin.
925 1499 1018 1529 Vivat
1034 1502 1063 1529 et
1076 1498 1145 1529 huic
1157 1497 1255 1538 possis
1271 1507 1356 1527 unus
1367 1497 1482 1528 Vatic.
1512 1497 1628 1528 Vivant

169 1548 204 1574 ut
219 1544 316 1583 possis
332 1553 416 1573 unus
432 1542 573 1573 Medon.
619 1541 710 1571 Puto
727 1540 955 1579 scribendum,
982 1540 1087 1578 Vivat,
1108 1544 1138 1570 et
1164 1550 1180 1569 o
1201 1539 1309 1578 possis.
1353 1539 1442 1569 Vide
1460 1539 1568 1570 Notas
1586 1539 1628 1570 ad

173 1586 282 1625 Epist.
300 1585 492 1624 Penelopes
516 1585 655 1614 vs.101.
677 1582 776 1621 [Not.
791 1582 891 1621 Van]
913 1582 1113 1613 Heins.-45
1141 1582 1236 1611 Voss.
1264 1581 1322 1611 tibi
1350 1590 1411 1620 pro
1438 1581 1494 1611 sic.
1539 1581 1628 1612 Tum

173 1637 257 1658 trinus
276 1627 360 1657 liber
379 1631 414 1656 et
432 1636 481 1665 pr.
498 1625 561 1656 Ed.
574 1624 638 1655 sint
653 1634 668 1654 e
682 1625 848 1664 pror—46
872 1624 955 1659 Quos
968 1634 1112 1665 peperere
1130 1624 1283 1664 plerique
1310 1629 1463 1661 veteres;
1485 1627 1628 1662 nepotes

173 1669 294 1700 innuit.
349 1668 567 1698 Sari-avianus
597 1671 632 1697 et
660 1671 739 1697 octo
771 1667 841 1705 alii,
864 1668 966 1706 quod;
1000 1677 1061 1707 pro
1091 1670 1176 1707 quot,
1205 1670 1242 1696 ut
1272 1665 1488 1696 Combianns.
1514 1665 1629 1696 Heins-

177 1712 265 1747 Quod
282 1710 382 1742 etiam
408 1710 474 1740 Ms.
492 1710 622 1739 Bersm.
644 1713 680 1739 et
702 1709 734 1738 id
752 1714 883 1739 rectum
906 1714 981 1740 est:
1007 1719 1081 1739 nam
1097 1710 1274 1749 eleganter
1289 1716 1429 1737 numero
1446 1711 1567 1737 neutro
1595 1707 1629 1737 in

172 1755 236 1784 hac
252 1762 288 1783 re
306 1757 446 1783 utuntur
468 1755 620 1788 veteres3
646 1755 684 1781 ut
699 1751 774 1782 Ter.
801 1751 905 1781 Andr.
921 1760 976 1782 111.
993 1754 1023 1783 1.
1049 1753 1058 1768 ‘
1076 1752 1165 1792 quod
1183 1750 1386 1790 peperisset,
1405 1749 1509 1789 jussit
1535 1748 1632 1780 tolli!

173 1795 252 1826 Vid.
264 1795 354 1826 Fast.
365 1803 404 1825 11.
417 1797 490 1824 415.
500 1794 702 1824 Burm.—47
712 1793 815 1824 Multi
829 1793 906 1824 libri
918 1797 954 1824 et
964 1803 1014 1834 pr.
1026 1793 1088 1824 Ed.
1097 1795 1176 1824 dura
1187 1802 1248 1833 pro
1256 1792 1423 1823 ‹firm—49
1434 1792 1474 1822 In
1485 1791 1630 1832 vulgatis

176 1842 249 1868 erat
264 1837 319 1868 Sic
335 1837 393 1867 tibi
400 1836 541 1874 fraterni
554 1838 673 1866 mature
677 1835 803 1873 funeris
815 1846 847 1867 u.
862 1836 965 1867 Basil.
975 1835 1028 1866 Sic
1037 1835 1096 1866 tihi
1107 1839 1206 1866 marte
1221 1834 1420 1872 suofraterm'
1426 1833 1552 1871 funeris
1564 1843 1633 1863 auc-

172 1884 236 1910 tor:
248 1884 284 1910 et
293 1880 355 1910 hoc
367 1878 497 1909 Bartliii
507 1878 711 1909 membranae
722 1877 935 1916 confirmant,
945 1882 1103 1909 etveram
1114 1879 1293 1908 lectionem
1306 1886 1377 1906 esse
1388 1881 1482 1915 puto.
1491 1875 1632 1905 Vulneris

175 1926 263 1953 tres:
279 1922 441 1962 sanguinis
452 1920 528 1952 duo.
545 1920 744 1951 Bam—52
757 1920 826 1951 Pro
838 1921 955 1960 aliquid
967 1929 1052 1951 unus
1064 1921 1108 1951 V.
1120 1921 1237 1960 aliquos
1246 1929 1256 1948 .-
1272 1919 1391 1949 Heius.
1408 1917 1497 1957 conj.
1508 1917 1630 1957 aliqua:

837 2022 976 2053 NOTAE

217 2104 257 2133 37
283 2101 446 2142 Proxime]
467 2101 637 2132 Tiberium
655 2101 850 2142 alloquitur.
930 2110 1029 2142 quam
1047 2100 1138 2141 apud
1160 2100 1317 2131 maritum
1335 2099 1515 2139 plurimum
1532 2107 1630 2140 posse

217 2154 259 2182 39
283 2152 420 2190 Pavido]
444 2151 624 2183 Quomodo
641 2152 764 2182 victam
782 2150 876 2191 pingi
930 2150 1156 2190 intelligebat,
1176 2150 1268 2181 Naso
1284 2149 1480 2190 alloquitur.

176 2202 329 2242 oportuit
359 2208 417 2233 aut
444 2202 683 2243 repraesentari
709 2202 743 2233 in
773 2211 879 2232 curru
972 2203 1010 2231 45
1039 2200 1144 2240 Prole]
1167 2199 1320 2230 Tiberio.

176 2251 384 2293 triumphali.
973 2250 1125 2290 Nepotes]
1147 2249 1274 2280 Tiberii
1290 2248 1388 2279 filios.

216 2305 256 2333 41
282 2301 398 2341 Pater]
424 2302 609 2341 Augustus.

220 2352 343 2392 Pylios]
365 2352 603 2391 Longissim0s‚
620 2351 735 2392 quales
751 2351 876 2383 Nesto-

178 2402 224 2433 ris
240 2401 333 2442 Pylii
349 2400 500 2440 fuerunt,
516 2401 573 2442 qui
590 2400 631 2431 ad
649 2401 786 2432 tertiam
804 2410 878 2441 per-

180 2451 273 2483 venit
297 2455 445 2482 aetatem.
483 2451 571 2491 Pylo
597 2460 678 2481 vero
709 2450 880 2491 Pelopon-

178 2500 250 2531 nesi
273 2501 355 2532 urbe
373 2506 484 2532 ortum
506 2502 690 2533 Nestorem
707 2501 830 2541 saepius
848 2501 885 2531 iuv

182 2549 467 2590 praecedentibus.

224 2598 381 2638 Gumaeos]
425 2600 552 2631 Quales
584 2600 742 2632 dicuntur
777 2600 882 2632 fuisse

181 2647 324 2694 Sibyllae
341 2647 514 2678 Cumanae.

225 2701 266 2731 43
294 2697 355 2738 Tu]
391 2697 524 2730 Liviam
553 2697 697 2740 Augusti
727 2709 883 2741 uxorem,

972 2302 1012 2330 47
1042 2297 1180 2338 Drusus]
1204 2298 1325 2329 Frater
1341 2296 1404 2329 fuit
1419 2297 1567 2335 Tiberii3
1585 2302 1634 2329 at·

931 2358 995 2390 que
1012 2349 1037 2379 is
1053 2349 1086 2379 in
1102 2348 1285 2380 Germania
1302 2347 1405 2388 periit
1420 2358 1428 2385 ;
1453 2348 1548 2387 cujus
1565 2347 1635 2377 obi-

934 2404 988 2430 tus
1015 2408 1116 2430 rausa
1145 2398 1187 2429 ad
1212 2403 1355 2429 matrem
1383 2398 1510 2428 Liviam
1541 2397 1634 2428 Naso

934 2459 1071 2481 carmen
1087 2449 1225 2488 scripsit
1241 2447 1512 2479 consolatorium.

977 2504 1018 2531 50
1043 2499 1240 2539 Purpureus]
1255 2498 1411 2536 Purpura
1427 2495 1633 2536 Triumphali

936 2549 1087 2586 indutus,
1105 2548 1146 2577 (lc
1165 2555 1267 2576 inore.

981 2599 1095 2638 Filius]
1119 2599 1284 2634 Tiberius,
1303 2598 1375 2627 scil.

979 2654 1019 2680 52
1044 2646 1234 2686 Pru-sentes]
1258 2647 1346 2679 onia
1359 2657 1400 2677 ex
1419 2651 1562 2686 argento
1576 2657 1634 2678 ex-

938 2708 1070 2741 pressas
1101 2697 1217 2729 babuit
1246 2696 1408 2738 imagines
1437 2697 1498 2729 hoc
1530 2697 1631 2736 diem
