1877 3193
847 172 962 205 uns.
1519 170 1634 213 2787

173 266 372 320 Tempus
393 269 440 309 in
460 268 716 310 immensum
736 269 961 323 lacrymas
983 269 1063 312 tibi
1082 272 1287 315 vovimus
1307 272 1435 324 istas,

231 333 346 385 Quae
368 349 538 390 semper
561 350 698 378 causa
718 336 958 378 sufficiente
979 338 1153 381 cadent.

173 401 376 445 Dixerat.
437 405 498 446 At
519 405 679 446 Clotho
694 406 829 459 jussit
858 407 1080 460 promissa
1100 409 1261 460 valere,
1548 409 1636 451 245

231 469 370 513 Nevit
389 478 431 514 et
449 474 610 514 infecta
631 475 814 514 stamina
834 474 956 526 pulla
975 486 1122 515 manu.

172 536 230 577 Et
247 551 298 578 ne
316 539 449 592 longa
469 553 563 581 suae
586 540 804 593 praesagia
825 539 987 580 diceret
1005 539 1125 581 horae
1143 553 1155 593 ;

228 604 344 646 Fata
365 611 492 647 canet
512 613 635 647 vates
656 606 731 659 qui
753 609 845 654 tua,
868 606 996 656 dixit,
1024 607 1119 649 erit.

172 671 254 713 Ille
275 687 355 726 ego
376 687 470 714 sum
492 677 637 715 vates:
668 686 724 714 ex
747 687 813 714 me
833 678 911 714 tua
929 674 1111 715 vulnera
1130 673 1278 719 disces
1296 691 1308 730 ;

226 739 346 781 Dent
362 741 494 782 modo
517 742 577 782 Di
599 742 714 782 vires
734 742 780 782 in
799 755 897 783 mea
913 744 1048 784 verba
1069 757 1187 785 suas.
1547 747 1635 789 250

169 806 540 863 Carminibusque
561 810 670 850 meis
692 810 910 852 accedant
928 811 1128 863 pondera
1148 826 1308 863 rerum,

226 874 341 925 Quae
362 882 460 918 rata
479 891 554 931 per
573 878 720 919 luctus
742 878 970 931 experiere
991 882 1108 921 tuos.

171 941 296 983 Neve
317 944 412 984 sine
431 945 651 998 exemplis
673 946 756 986 aevi
780 946 972 986 cruciere
993 947 1169 999 prioris,

226 1009 327 1051 Sint
348 1015 424 1052 tua
441 1011 649 1065 Trojanis
670 1026 757 1053 non
777 1013 948 1054 leviora
969 1014 1114 1055 malis.

168 1075 437 1133 Quantaque
458 1079 669 1132 clavigeri
691 1079 918 1121 Paeantius
941 1081 1148 1121 Herculis
1168 1081 1327 1131 haeres,
1543 1080 1630 1123 255

223 1143 367 1186 Tanta
386 1151 604 1188 venenato
624 1147 802 1188 vulnera
823 1161 944 1188 crure
966 1161 1104 1200 geraS.

164 1285 204 1306 ex
219 1275 320 1306 tribus
333 1277 488 1307 sororibus
501 1277 546 1307 sic
561 1277 662 1307 locuta
678 1280 741 1307 est:
764 1277 998 1308 Destinavimus
1013 1276 1071 1307 tibi
1082 1276 1135 1307 hos
1140 1278 1241 1317 fletus
1253 1277 1286 1307 in
1303 1278 1480 1308 immensum
1497 1281 1628 1317 tempus,

164 1318 216 1357 qui
230 1327 349 1358 semper·
365 1318 474 1358 fluant
487 1329 578 1349 causa
595 1323 734 1358 urgente.
773 1320 984 1350 'Absolverat:
1007 1323 1041 1349 αε
1060 1320 1169 1349 Clotho
1185 1321 1349 1358 imperavit
1371 1320 1511 1359 pollicita
1530 1322 1629 1360 sture,

162 1363 255 1399 utque
269 1361 370 1391 traxit
396 1361 489 1399 nigra
503 1362 636 1392 stamina
652 1372 743 1392 manu
759 1361 889 1399 infelici.
935 1362 981 1391 Et
998 1371 1034 1392 ne
1048 1361 1201 1401 proferret
1217 1363 1309 1400 longa
1325 1363 1428 1393 omina
1443 1373 1507 1393 suae
1530 1362 1628 1401 horoe,

164 1402 253 1441 Erit,
269 1402 554 1442 inquit‚futidicus‚
569 1404 622 1443 qui
637 1405 756 1443 aperiet
772 1407 826 1435 tua
844 1404 931 1442 fitia.
981 1404 1048 1442 Ego
1069 1414 1135 1434 sum
1150 1404 1364 1442 illefutidicus
1378 1416 1389 1442 ;
1412 1415 1571 1444 cognosces
1586 1414 1627 1435 ex

164 1454 210 1475 me
224 1447 279 1476 tua
295 1447 375 1476 mala
387 1457 397 1481 ;
420 1448 506 1476 modo
525 1447 584 1476 Dii
606 1447 765 1485 praebeant
780 1456 852 1476 suus
866 1446 947 1476 vires
963 1446 997 1475 in
1013 1456 1095 1476 meas
1110 1456 1204 1476 voces.
1251 1447 1355 1486 Atque
1371 1448 1507 1488 efficacia
1522 1457 1627 1478 rerum

163 1487 245 1518 adsit
262 1489 336 1518 meis
351 1489 498 1525 versibus,
513 1498 587 1527 quos
601 1489 718 1518 sencias
745 1498 808 1518 esse
834 1492 932 1518 certos
956 1497 1012 1526 per
1038 1491 1109 1518 tuas
1132 1498 1297 1518 (erumnas.
1344 1490 1387 1519 Et
1404 1499 1441 1519 ne
1457 1489 1630 1529 torquearis

162 1531 229 1560 sine
244 1530 391 1569 exemplis
412 1530 518 1560 (etatis
530 1531 713 1570 praeteritae,
737 1531 849 1560 damna
865 1533 920 1560 tua
937 1540 997 1560 non
1013 1531 1076 1560 sint
1094 1530 1211 1560 minora
1231 1530 1383 1569 Trojanis.
1428 1532 1532 1571 Atque
1537 1531 1628 1569 feras

163 1575 251 1604 tanta
275 1573 402 1603 vulnera
425 1574 503 1612 pede
527 1574 598 1603 loeso
624 1576 738 1613 quanta
768 1573 932 1603 Paeantius
947 1572 1045 1603 haeres
1060 1573 1210 1604 Herculis
1224 1573 1367 1611 cluviferz'
1383 1573 1471 1605 tulit.
1518 1575 1628 1615 Neque

779 1665 1014 1677 eeeeeeeeeeee

165 1733 271 1763 -243
296 1731 374 1764 Pet.
393 1735 429 1762 et
446 1732 501 1762 Fr.
517 1732 644 1771 lacrym.
663 1730 851 1768 injungimus
866 1731 920 1763 ist.
937 1731 971 1761 in
999 1741 1049 1771 pr.
1066 1731 1130 1762 Ed.
1158 1741 1211 1762 nos
1237 1731 1385 1761 movimus
1412 1732 1518 1772 ipsam,-
1541 1736 1576 1763 et
1592 1732 1627 1764 in

165 1775 318 1814 Nauger.
336 1773 399 1805 Ed.
412 1773 458 1803 ibi
466 1773 605 1811 fovimus
621 1774 709 1804 istas.
750 1773 790 1803 In
807 1774 952 1814 vulgatis
966 1778 1040 1804 erat
1057 1774 1219 1805 mocimus:
1244 1774 1362 1804 Heius.
1379 1774 1474 1804 dedit
1489 1775 1630 1805 vovimus

165 1827 208 1848 ex
226 1826 290 1847 nno
303 1816 347 1847 V.
361 1821 396 1848 et
415 1816 614 1848 Med—244
639 1816 704 1846 Alii
722 1817 819 1857 suffic.
835 1819 1064 1847 camma—245
1090 1817 1135 1847 At
1153 1816 1283 1856 recepit
1301 1817 1419 1847 Heius.
1437 1827 1478 1846 ex
1496 1816 1627 1848 duobus

163 1859 302 1900 scriptis
319 1870 381 1900 pro
399 1860 489 1899 vulg.
505 1861 654 1890 ιιι-246
679 1859 719 1888 ln
736 1860 809 1889 aliis
825 1863 855 1890 et
872 1859 1021 1896 infausta,
1036 1860 1091 1890 vel
1111 1860 1246 1898 infestam
1267 1860 1276 1875 ‘
1294 1859 1351 1889 sed
1368 1859 1446 1889 milii
1463 1859 1628 1899 probatur

164 1903 310 1933 maxime
327 1902 498 1942 scriptura
513 1902 641 1933 codicis
656 1901 964 1939 Francofurtensis,
976 1902 1104 1941 infecta,
1115 1903 1202 1943 quod
1218 1902 1315 1943 pullis
1332 1902 1530 1933 staminibus
1546 1911 1627 1933 cou-

163 1946 472 1976 venientissimum:
499 1945 607 1985 possis
625 1950 736 1975 autem
755 1943 915 1975 infectam
932 1954 1080 1983 manum,
1099 1950 1218 1982 atram,
1244 1945 1549 1984 sanguinolentam,
1569 1954 1626 1975 ve-

164 1993 336 2025 nenatam,
352 1991 414 2019 &tn
433 1997 620 2027 exponere,
637 1987 678 2018 de
696 1996 761 2028 quo
779 1986 885 2017 verbo
913 1987 1011 2026 plura
1034 1987 1077 2017 ad
1092 1988 1166 2017 Val.
1184 1988 1277 2018 Flac.
1293 1996 1335 2017 11.
1356 1990 1427 2017 155.
1455 1986 1625 2018 diximus!

165 2030 385 2061 Reum—247
410 2030 551 2060 Plurimi
571 2030 690 2069 scripti
705 2039 858 2060 suo...ore,
904 2029 974 2059 Pro
989 2030 1105 2060 diceret
1120 2030 1236 2060 Burin.
1253 2030 1370 2060 mallet
1383 2030 1519 2068 duceret,
1535 2028 1628 2070 quod

163 2073 209 2111 τῷ
224 2074 315 2111 longa
330 2073 529 2103 conveniret
542 2072 778 2103 melius.—24S
804 2071 957 2102 Emenda
973 2071 1065 2103 Fata.
1090 2072 1265 2103 Constant.
1279 2073 1424 2103 Fanens.
1467 2073 1550 2102 Tum
1567 2071 1626 2102 alii

163 2115 247 2146 enuit
263 2121 297 2146 et
321 2117 531 2146 canat—249
554 2115 625 2145 Ma.
641 2125 669 2145 v.
684 2124 738 2153 per
754 2124 811 2145 me.
836 2115 920 2144 Mox
938 2114 1003 2144 duo
1020 2119 1104 2146 vett.
1120 2118 1174 2145 tua
1194 2114 1310 2153 funera
1325 2115 1511 2145 dise—250
1531 2114 1623 2145 Unus

170 2158 244 2189 Pat.
261 2161 330 2188 vota
347 2168 406 2199 pro
424 2158 634 2188 verbm—252
658 2157 726 2188 Pro
745 2157 823 2192 Quae
851 2156 972 2188 Heins.
989 2157 1085 2188 malit
1103 2157 1182 2193 Quo.
1226 2158 1309 2189 Mox
1336 2158 1393 2188 alii
1409 2157 1626 2197 experiare.—

775 2241 784 2251 ’
824 2251 969 2286 Nom:

209 2332 270 2361 245
297 2328 423 2369 Clotho]
456 2330 541 2362 Quae
569 2338 635 2360 una
662 2332 717 2361 est
744 2329 868 2362 Parca·
923 2332 1012 2363 antis
1029 2331 1129 2369 filius,
1156 2330 1358 2371 sagittarum
1380 2326 1541 2359 Herculis
1557 2325 1627 2356 hae-

166 2391 253 2412 rum.
923 2392 991 2423 res,
1006 2392 1146 2424 quarum
1174 2391 1241 2413 una
1265 2381 1461 2411 vulneratus
1482 2377 1515 2406 in
1535 2375 1624 2416 pede

210 2432 273 2461 246
289 2429 396 2470 Pulla]
413 2429 508 2470 Atra,
521 2431 673 2472 adeoque
690 2430 866 2471 lugubria;
924 2444 989 2474 quo
1004 2433 1094 2464 illius
1107 2432 1272 2464 tumulum
1287 2434 1406 2461 contra
1423 2425 1626 2480 sacramenti

167 2482 217 2512 uti
234 2481 356 2522 saepius
373 2481 581 2513 inculcatum
594 2483 626 2512 in
643 2481 868 2522 praecedenti-
922 2482 1022 2513 fidem
1039 2482 1260 2518 indicaverat,
1273 2479 1390 2509 decem
1407 2485 1512 2516 prope
1529 2483 1626 2506 annia

171 2531 242 2561 bus.
924 2529 1184 2561 immedicabilis
1205 2527 1355 2559 vulneris
1372 2526 1495 2557 foetore
1512 2529 1548 2556 et
1564 2524 1623 2556 do-

210 2583 272 2611 253
299 2580 474 2620 Exemplis]
497 2581 583 2613 Quae
611 2581 737 2613 futurae
761 2581 868 2612 Ibidis
923 2581 993 2611 lore
1010 2580 1180 2610 cruciatus
1196 2583 1259 2609 est.

168 2630 371 2662 calamitatis
389 2630 455 2660 sint
470 2631 623 2671 quaedam
641 2633 735 2673 quasi
751 2632 868 2673 pigno-
966 2633 1029 2661 250
1051 2629 1219 2669 Venenato]
1243 2629 1396 2669 Namque
1413 2631 1448 2659 et
1464 2626 1625 2659 Herculis

168 2690 219 2721 ra,
235 2684 273 2711 ut
288 2689 328 2710 ne
343 2679 550 2711 incredibilis
567 2681 732 2713 videatur.
924 2681 1056 2720 sagittae
1083 2689 1214 2711 veneno
1239 2689 1298 2710 seu
1326 2678 1405 2710 felle
1426 2678 1539 2720 hydrae
1563 2678 1625 2709 im-

212 2733 273 2762 255
292 2730 471 2772 Poeantius]
495 2730 704 2763 Philoctetes
717 2735 781 2773 est,
795 2732 871 2763 Pae-
924 2729 1029 2761 butae.
