1877 3193
566 169 722 200 EPIST.
756 169 823 199 Ex
858 170 1017 200 ΡοΝΤο
1051 170 1148 202 mss.
1180 170 1234 202 11.
1265 161 1309 202 2.

209 260 414 305 Praeterit
432 261 529 317 ipse
548 275 652 303 suos
673 263 818 304 animo
835 263 1122 306 Germanicus
1142 278 1296 316 annos,

268 329 366 372 Nec
388 331 509 380 vigor
531 336 597 372 est
620 332 757 373 Drusi
780 334 1006 373 nobilitate
1028 335 1180 375 minor.

207 397 337 439 Adde
356 411 504 447 nurus,
527 404 763 452 neptesque
787 400 899 452 pias,
920 404 1134 453 natosque
1150 404 1376 454 nepotum,

268 465 510 518 Ceteraque
532 465 744 515 Augustae
766 466 958 504 membra
979 466 1121 505 valere
1142 467 1314 509 domus.

209 530 339 572 Adde
361 532 646 584 triumphatos
669 531 800 570 modo
824 530 1030 579 Paeonas,
1057 532 1171 572 adde
1191 534 1328 586 quieti

267 598 451 639 Subdita
471 602 690 637 montanae
713 597 890 637 brachia
912 597 1162 641 Dalmatiae.

210 664 308 705 Nec
330 664 563 717 dedignata
582 670 650 705 est
672 665 863 719 abjectis
888 665 1036 719 Illyris
1057 667 1188 707 armis

265 731 521 773 Caesareum
542 732 706 773 famulo
732 735 895 774 vertice
918 734 1029 774 ferre
1050 734 1223 787 pedem.

208 797 312 852 Ipse
333 813 469 853 super
488 812 661 841 currum
681 801 857 854 placido
877 801 1135 854 spectabilis
1156 814 1231 843 ore

263 858 483 921 Tempora
505 869 705 909 Phoebea
727 869 890 921 virgine
910 881 1026 910 nexa
1046 869 1156 911 tulit.

1613 736 1669 778 80

208 1019 320 1050 naria.-
333 1019 426 1061 filius
450 1023 543 1060 auget
574 1021 737 1061 imperium
762 1021 942 1053 Ausonium.
989 1021 1058 1060 Ipse
1089 1021 1292 1052 Germanicus
1313 1025 1438 1062 superat
1459 1021 1560 1053 animo
1581 1031 1669 1052 suam

208 1066 341 1100 (etatem,
359 1073 453 1102 neque
469 1065 558 1102 vigor
585 1064 683 1094 Drusi
709 1067 754 1094 est
783 1064 913 1100 inferior
938 1063 1108 1095 nobilitate.
1152 1064 1241 1094 Adde
1260 1075 1365 1103 nurus,
1380 1068 1409 1095 et
1422 1065 1492 1104 pius
1508 1067 1623 1103 neptes,
1641 1067 1670 1094 et

198 1104 287 1145 filios
303 1109 457 1144 nepotum,
474 1109 503 1136 et
520 1107 650 1146 reliquus
664 1110 769 1146 partes
785 1108 888 1137 domus
905 1107 1056 1145 Augustoe
1073 1105 1183 1136 valere.
1230 1108 1319 1138 Adde
1346 1108 1477 1136 Paeonus
1502 1108 1588 1136 modo
1610 1107 1669 1136 tri-

210 1147 392 1186 umphatos;
415 1150 492 1179 udde
521 1149 603 1179 vires
627 1149 798 1180 Dalmatiae
826 1152 981 1179 montanae
1002 1152 1138 1187 pacatus.
1185 1149 1291 1188 Neque
1315 1149 1422 1189 Illyris
1444 1148 1670 1187 negavitferre

206 1191 313 1228 pedem
347 1191 522 1221 Coesareum
549 1191 648 1231 capite
672 1191 805 1228 subdito,
821 1192 918 1221 armis
931 1191 1085 1230 projectis.
1132 1191 1201 1229 Ipse
1217 1192 1446 1230 conspiciendus
1459 1193 1546 1221 vultu
1562 1191 1622 1220 leni
1637 1191 1670 1220 in

207 1242 299 1263 curru
326 1233 431 1264 habuit
459 1237 595 1273 tempora
620 1234 725 1263 vincta
751 1233 872 1271 virgine
903 1233 1048 1263 Phoebea.
1097 1233 1195 1267 Quem
1216 1234 1263 1272 pii
1289 1233 1390 1273 liberi,
1409 1233 1498 1271 digni
1511 1235 1600 1272 putre
1616 1242 1670 1263 suo

819 1313 1056 1324 eeeeeeeeeee

206 1367 284 1400 Jun.
302 1367 396 1399 Leid.
411 1371 447 1398 et
463 1368 560 1399 multi
577 1368 632 1399 alii
647 1378 718 1399 suas
731 1378 793 1409 pro
810 1371 975 1399 tuas.—73
1001 1369 1071 1399 Pro
1088 1369 1151 1409 ipse
1166 1368 1268 1400 Barb.
1285 1370 1357 1400 ille.-
1381 1368 1501 1400 Heius.
1518 1368 1669 1400 malebat

205 1413 370 1441 ecca—74
395 1411 454 1441 Est
482 1411 587 1442 Druso
608 1411 742 1449 malim;
777 1412 831 1443 vel
858 1411 892 1442 in
920 1412 1038 1442 Druso.
1065 1412 1271 1442 Heins.-75
1295 1412 1350 1442 Sic
1377 1412 1497 1443 Heius.
1525 1421 1567 1442 ex
1584 1411 1669 1452 Arg.

207 1452 367 1494 Scaliger.
384 1453 565 1495 multisque
583 1459 777 1494 praeterea:
811 1455 866 1484 Sa.
891 1454 967 1484 Pol.
995 1458 1028 1484 et
1057 1454 1113 1483 alii
1138 1455 1228 1485 Adde
1254 1464 1364 1484 nurum
1389 1457 1567 1493 neptemque
1587 1454 1667 1493 pias.

205 1496 293 1526 Tum
311 1496 368 1527 alii
395 1506 538 1537 carosque
565 1500 706 1536 nepotes;
739 1496 876 1536 quidam
904 1496 1006 1525 etiarn
1028 1499 1149 1535 natosq.
1176 1497 1390 1535 nepotiS.—77
1415 1496 1485 1526 Pro
1513 1497 1609 1534 quieti
1626 1496 1667 1527 R.

205 1539 318 1578 quieto,
333 1543 368 1569 et
383 1539 440 1569 Sa.
457 1539 579 1578 quietis.
604 1538 721 1568 Heius.
737 1538 826 1577 conj.
862 1537 982 1572 Quiriti
1010 1538 1062 1567 vel
1086 1537 1203 1568 Pineti.
1241 1537 1308 1567 Sed
1333 1537 1399 1567 vid.
1430 1538 1512 1568 Not.
1537 1538 1665 1567 Var.—-

206 1583 247 1611 78
270 1581 388 1613 Burm.
405 1581 493 1621 conj.
508 1580 646 1611 Reddita
662 1581 841 1611 mont.—82
866 1579 986 1610 Heius.
1003 1588 1090 1610 corr.
1110 1580 1214 1620 Tc‘mp.
1238 1580 1344 1610 Penea
1367 1580 1449 1619 virg.
1475 1579 1666 1612 Gronovius

869 1686 1009 1718 NOTAE

251 1774 290 1802 73
316 1770 481 1811 Praeterz't]
504 1771 619 1812 Major
635 1772 712 1813 quia
725 1772 789 1804 fuit
805 1773 912 1804 virtus

208 1831 306 1863 quam
325 1831 386 1862 per
401 1827 538 1853 aetatem
555 1823 690 1854 liceret.

250 1876 290 1904 74
316 1872 429 1914 Drusi]
453 1873 520 1904 Hie
545 1872 611 1904 fuit
636 1873 769 1904 Tiberii
796 1883 838 1904 ex
867 1873 910 1904 A·

209 1921 482 1963 grippinafili1153
501 1923 596 1962 cnjus
612 1932 695 1953 uxor
705 1922 803 1954 Livia
818 1932 911 1953 soror

209 1973 419 2012 Germanici,
435 1972 476 2003 de
495 1982 560 2013 quo
575 1972 726 2004 Tacitus.

251 2025 291 2054 75
317 2023 440 2064 Nurus]
464 2023 647 2054 Antoniam
664 2024 765 2053 Drusi
778 2023 908 2054 Tiberii

209 2072 339 2112 fratris,
362 2073 589 2113 Agrippinam
621 2073 828 2113 Germanici,
856 2073 909 2103 Li·

208 2123 365 2163 viamque
394 2123 498 2153 Drusi
529 2123 656 2153 Tiberii
686 2122 759 2160 filii,
788 2132 910 2153 uxores

175 2204 187 2210 ,
208 2173 383 2212 intellige;
418 2183 561 2213 namque
590 2173 631 2203 de
660 2173 733 2203 Caii
758 2177 791 2203 et
815 2172 910 2202 Lucii

209 2222 395 2261 Caesarum,
416 2222 548 2262 jamdiu
565 2220 818 2260 defunctorum,
832 2230 912 2251 uxo-

209 2272 300 2305 ribus
316 2273 424 2303 minus
441 2272 615 2303 commode
633 2272 790 2311 accipias.

252 2322 385 2363 Neptes]
423 2322 493 2353 Per
531 2327 653 2362 neptes
690 2326 913 2363 nepotesque,

209 2375 407 2407 Germanici
426 2375 599 2415 Drusique
616 2374 771 2414 junioris,
787 2373 829 2404 de
847 2383 912 2414 quo

209 2426 322 2464 modo,
337 2426 461 2457 liberos
477 2425 642 2465 intellige,
658 2425 690 2455 in
707 2424 827 2465 quibus
843 2424 913 2464 qui-

210 2475 286 2507 dem
311 2476 548 2516 Caligula,·qui
571 2475 709 2506 Tiberio
734 2474 912 2513 successit,

212 2524 413 2566 Agrippina,
425 2538 499 2567 quae
513 2527 655 2568 primuni
670 2526 818 2556 Domitio
830 2535 912 2565 nup-

213 2575 271 2614 sit,
284 2576 371 2606 unde
391 2577 494 2616 Nero,
510 2587 587 2607 mox
605 2576 746 2607 Claudio
768 2576 913 2615 impera-

215 2623 279 2656 tori
291 2625 411 2664 juncta
423 2626 587 2663 est‚Ju1ia
602 2626 683 2656 item
700 2632 735 2657 et
749 2625 911 2663 Drusilla,

216 2676 351 2715 aliique,
367 2674 409 2704 de
427 2674 545 2714 quibus
559 2675 710 2706 Tacitus.

256 2728 298 2756 76
324 2722 481 2762 Membra]
505 2723 718 2765 Propinquus
733 2728 913 2766 etquoquo

967 1772 1068 1803 modo
1105 1771 1269 1812 Augustae
1308 1771 1424 1803 domui
1468 1770 1667 1811 conjunctos

966 1823 1060 1854 dicit.
1134 1822 1137 1824 ’

1008 1875 1048 1903 77
1083 1871 1229 1912 Pceonas]
1265 1871 1358 1902 Gens
1384 1869 1451 1901 fuit
1478 1869 1514 1900 in
1542 1870 1666 1909 Mysiae

966 1922 1150 1962 superioris
1165 1920 1323 1959 confinio,
1338 1929 1402 1950 non
1418 1919 1514 1959 longe
1530 1919 1571 1949 ab
1584 1919 1666 1960 Illy-

965 1972 1022 2002 riis
1040 1976 1074 2002 et
1090 1970 1288 2007 Pannoniis,
1305 1978 1386 2009 quas
1414 1969 1446 1999 in
1472 1972 1587 2008 partes
1612 1968 1667 1999 Ti-

965 2021 1075 2052 berius
1100 2031 1162 2051 una
1179 2030 1253 2050 cum
1271 2019 1476 2051 Germanico
1499 2018 1668 2050 Romanas

966 2071 1056 2102 acies
1074 2071 1198 2101 intulit.

1007 2124 1048 2152 78
1074 2119 1260 2159 Dalmatiae]
1294 2118 1425 2159 Illyrici
1442 2127 1517 2158 pars
1535 2121 1596 2158 est,
1611 2127 1667 2148 cu-

959 2171 1014 2210 jus
1049 2170 1195 2210 regionis
1222 2169 1342 2200 incolae
1373 2169 1573 2208 plerumque
1601 2168 1665 2198 sub

965 2219 1068 2261 sylvis
1100 2219 1262 2260 agebant,
1297 2218 1387 2249 unde
1421 2218 1455 2248 in
1489 2217 1667 2249 latrocinia

966 2270 1196 2311 promtissimi,
1222 2269 1348 2309 saepius
1374 2269 1478 2300 etiam
1505 2268 1665 2300 adversus

968 2321 1135 2351 Romanos
1151 2320 1306 2351 rebelles,

1008 2373 1049 2401 79
1068 2370 1191 2411 Illyris]
1209 2369 1315 2409 Regio
1332 2373 1384 2400 est
1401 2368 1443 2399 ad
1461 2377 1552 2398 oram
1564 2367 1664 2399 maris

966 2420 1136 2452 Adriatici
1151 2420 1262 2451 Italiae
1280 2418 1450 2458 opposita.

1008 2475 1048 2502 80
1075 2469 1263 2508 Coesureum]
1287 2468 1425 2505 Tiberii,
1448 2466 1503 2507 qui
1525 2465 1566 2496 de
1583 2465 1664 2497 Dal-

964 2522 1062 2553 matis
1079 2526 1113 2551 et
1126 2519 1324 2554 Pannoniis,
1337 2517 1476 2556 aliisque
1493 2515 1563 2555 ejus
1578 2521 1663 2548 trac-

966 2577 1018 2602 tus
1036 2570 1206 2610 gentibus,
1225 2566 1456 2606 triumphavit.

1008 2625 1045 2651 81
1063 2620 1149 2660 Ipse]
1172 2618 1341 2654 Tiberius,
1356 2615 1499 2655 scilicet,
1513 2625 1580 2646 non
1595 2614 1666 2647 Au·

967 2676 1096 2713 gustus,
1111 2668 1212 2699 sicuti
1228 2666 1381 2698 nonnulli
1400 2671 1642 2706 exposuerunt.

1009 2723 1050 2752 82
1066 2716 1213 2757 Plaoebeu]
1230 2717 1352 2756 Lauro,
1362 2715 1395 2747 in
1406 2724 1506 2757 quam
1518 2715 1662 2757 Daphne
