1877 3193
859 193 971 225 IBIS.

186 290 340 332 Frater
357 294 406 331 ut
421 288 588 343 *AntaeL
609 302 695 343 quo
718 290 931 342 sanguine
952 290 1118 340 debuit,
1142 302 1243 332 aras

241 358 420 408 Tinxit3
452 361 493 398 et
514 357 730 410 exemplis
751 357 915 398 occidit
934 358 1029 410 ipse
1053 359 1167 399 suis.

185 423 250 465 Ut
272 426 346 478 qui
367 426 577 466 terribiles
599 438 677 478 pro
699 437 873 477 gramen
893 424 1155 465 habentibus
1176 425 1321 466 herbis

243 492 413 544 Impius
434 492 619 532 humano
641 492 809 533 viscere
830 491 956 543 pavit
977 504 1137 543 equos,

156 572 159 575 ·
186 557 250 600 Ut
269 559 354 599 duo
377 559 560 600 diversis
581 559 662 598 sub
683 557 840 598 eodem
860 555 1034 597 vindice
1056 557 1163 597 caesi

241 625 536 679 Temporibus
563 624 746 672 Nessus,
771 623 1108 678 Dexamenique
1130 637 1275 677 gener.

188 692 250 733 Ut
270 705 506 745 pronepos,
531 691 734 739 Saturne,
758 696 858 731 tuus
877 705 885 731 :
918 704 1047 744 quem
1068 691 1246 733 reddere
1268 693 1403 734 vitam

244 758 364 799 Urbe
386 758 630 799 Coronides
649 758 758 799 vidit
780 759 835 799 ab
858 759 954 812 ipse
977 773 1072 801 sua.

187 826 250 868 Ut
270 826 404 877 Sinis,
426 831 469 867 et
490 826 660 875 Sciron,
677 829 719 866 et
737 826 790 866 de
810 826 1114 881 Polypemone
1133 831 1276 877 natus,

245 893 423 948 Quique
444 894 575 935 homo
596 897 721 947 parte
744 894 828 944 sui,
851 899 972 948 parte
988 895 1207 950 juvencus
1227 900 1331 937 erat.

1563 561 1649 601 405

1564 899 1649 939 410

183 1032 231 1061 ria
247 1040 304 1070 quo
324 1031 475 1069 sanguine
490 1030 606 1069 debuit,
630 1034 721 1070 atque
745 1031 808 1070 ipse
834 1032 933 1072 periit
963 1034 1113 1073 arempIis
1137 1034 1211 1065 suis.
1262 1033 1306 1063 Ut
1329 1034 1482 1070 scelestus,
1500 1035 1552 1074 qui
1568 1035 1648 1064 aluit

182 1073 364 1113 praecordiis
378 1074 520 1104 humanis
542 1083 602 1113 pro
627 1073 731 1103 herbis
751 1074 934 1106 habentibus
956 1086 1084 1115 gramen
1110 1085 1205 1106 scm-os
1230 1085 1328 1116 equos,
1378 1076 1422 1106 Ut
1447 1078 1506 1107 (luo
1534 1078 1650 1107 Nessus

186 1116 293 1146 scilic.
309 1119 339 1146 et
352 1126 448 1155 gener
475 1116 652 1147 Dexameni
677 1117 805 1147 mactati
821 1118 950 1148 dirersis
964 1118 1150 1158 temporibus
1163 1118 1218 1148 sub
1242 1120 1344 1149 eodem
1360 1119 1469 1150 ultore.
1520 1119 1562 1150 Ut
1577 1129 1649 1159 pro-

184 1168 278 1199 nepos
292 1162 374 1197 tuus,
390 1158 534 1197 Saturne,
551 1169 639 1199 quem
654 1159 719 1198 ipse
732 1160 898 1191 Coronides
914 1161 993 1191 vidit
1008 1162 1112 1202 efflare
1124 1162 1220 1191 vitam
1232 1161 1270 1191 ab
1282 1161 1356 1192 urbe
1372 1171 1438 1192 sua.
1489 1162 1532 1192 Ut
1547 1161 1648 1201 Sinis,

185 1204 215 1231 et
231 1201 353 1242 Sciron,
367 1205 396 1232 et
410 1212 477 1232 cum
493 1202 702 1242 Polypemone
718 1205 820 1242 natus,
837 1206 865 1233 et
883 1204 936 1244 qui
950 1207 1017 1234 erat
1034 1204 1120 1234 homo
1138 1207 1230 1244 parte
1245 1204 1304 1244 sui,
1317 1207 1407 1245 purte
1423 1208 1542 1236 taurus.
1568 1204 1646 1239 Qni-

801 1288 1035 1300 etet-‘ueste‘

186 1347 360 1376 moderator
374 1346 560 1385 iniq.—400
574 1346 668 1376 Unus
681 1345 766 1376 Cod.
784 1349 819 1375 et
836 1354 886 1384 pr.
904 1345 966 1375 Ed.
985 1347 1107 1377 Eduxit
1120 1348 1312 1387 plum—401
1329 1347 1463 1387 Mycill.
1482 1347 1570 1388 conj.
1587 1347 1653 1378 An-

185 1388 363 1418 coei.——403
378 1388 406 1418 Ῐ.
420 1393 454 1417 et
467 1388 542 1417 Par.
552 1387 658 1417 terrib.
670 1390 758 1418 artus
770 1397 827 1427 pro
838 1397 967 1427 gramen
981 1388 1126 1420 habentes
1136 1401 1146 1421 :
1160 1390 1248 1421 alter
1262 1391 1340 1421 Pet.
1352 1395 1386 1421 et
1397 1390 1463 1420 duo
1476 1390 1530 1421 alii
1543 1390 1649 1421 terrib.

182 1440 240 1471 pro
251 1431 398 1469 gramina
415 1430 596 1460 habentibus
609 1429 729 1459 herbas.
776 1430 817 1459 In
835 1439 900 1459 uno
917 1430 1013 1460 lzoedis
1031 1441 1091 1470 pro
1107 1432 1229 1462 herbis:
1253 1437 1287 1462 et
1312 1433 1391 1472 quia
1417 1433 1556 1472 vulgata
1579 1433 1651 1463 Sal-

188 1472 311 1513 vagnio
328 1473 464 1502 videtur
481 1472 626 1501 insolens
643 1471 782 1508 locutio,
801 1476 985 1510 propterea
1002 1482 1090 1503 corr.
1117 1474 1200 1503 urvis
1216 1483 1276 1513 pro
1292 1474 1514 1505 herbis-401
1539 1476 1593 1504 Fr.
1616 1481 1652 1505 et

189 1520 258 1545 tres
276 1515 331 1544 alii
347 1515 496 1552 sanguine
514 1522 573 1553 pro
590 1513 825 1543 viscera-406
848 1513 936 1543 Mor.
955 1518 989 1544 et
1006 1515 1089 1545 alius
1111 1515 1294 1546 Vulneribus
1307 1516 1411 1554 Nessi,
1429 1517 1476 1547 D.
1504 1517 1651 1548 Quidam

189 1557 291 1588 etiam
302 1556 536 1597 Dissimanique
550 1565 622 1595 gen.
654 1556 698 1586 Et
714 1555 791 1586 Pet.
810 1556 1017 1597 Dexameniq.
1034 1561 1252 1597 genus—409
1269 1558 1308 1589 Iu
1326 1558 1521 1599 quibusdam
1540 1559 1653 1599 Scyrus

851 1668 991 1700 NOTAE

187 1746 358 1784 Thrasius,
375 1746 433 1786 qui
452 1744 643 1776 Busiridem
659 1744 812 1785 hospites
832 1744 892 1776 im-

185 1797 314 1827 molare
335 1795 462 1835 docuit,
488 1800 525 1826 ut
547 1795 678 1836 pluvias
698 1805 716 1825 a
732 1795 819 1827 Jove
835 1795 893 1825 im·

189 1850 356 1886 petraret,
383 1850 485 1887 atque
514 1846 640 1886 primns
666 1846 736 1886 ejus
756 1846 890 1886 tyranni

182 1897 295 1937 jussu,
311 1906 376 1927 non
393 1897 464 1928 sine
493 1906 595 1928 causa
624 1901 748 1937 tamen,
766 1902 892 1927 macta-

188 1952 243 1978 tus
261 1951 325 1978 est.

231 2000 290 2029 401
330 1997 460 2037 Frater]
491 1998 620 2029 Busiris
651 2002 715 2037 est,
741 1998 895 2038 Neptuni

188 2048 290 2080 etiam
306 2048 407 2087 filius,
423 2059 520 2090 quem
538 2049 706 2080 Hercules
724 2050 873 2081 sustulit.

231 2102 293 2131 403
312 2100 374 2135 Qui
385 2100 555 2139 terribiles]
572 2099 773 2130 Diomedem
785 2100 893 2140 ipsum

188 2149 286 2189 dicit,
299 2159 398 2191 quem
412 2150 506 2191 equis
521 2150 627 2190 ipsius
642 2150 810 2181 Hercules
828 2154 894 2182 tra-

189 2199 275 2231 didit
293 2200 475 2232 edendum.

232 2252 296 2281 406
321 2250 452 2291 Nessus]
476 2251 667 2282 Centaurus
687 2251 728 2282 ab
744 2251 893 2283 Hercule

188 2309 306 2332 caesus.

232 2351 424 2391 Dexumeni]
447 2351 560 2391 Hujus
587 2361 667 2383 vero
696 2351 893 2382 Deianiram

189 2398 293 2430 filiam
325 2398 411 2430 facit
440 2400 609 2441 Hyginus,
634 2411 734 2442 quam
759 2400 893 2442 quidem

143 2461 148 2465 ·
190 2450 256 2481 vim
282 2451 403 2481 timens
433 2451 607 2491 Eurytioni
635 2452 806 2483 Centauro
837 2451 894 2482 de-

189 2500 386 2540 sponderat,
422 2499 590 2532 Hercules
621 2502 805 2533 interfecto
830 2502 895 2532 isto

190 2549 389 2581 vindicavit.

234 2603 296 2631 407
316 2599 488 2639 Pronepos]
503 2599 714 2641 Periphetan
731 2601 897 2641 intellige,

192 2659 291 2691 quern
317 2660 336 2680 a
363 2650 458 2681 clava
479 2660 578 2691 quain
603 2657 737 2691 gestare
766 2651 897 2682 solebat

193 2701 387 2741 Corynetan
398 2701 502 2741 inagis
511 2702 779 2742 appellaverunt.
795 2702 897 2733 Hunc

196 2751 362 2784 latronem
390 2752 537 2784 Theseus
564 2752 655 2784 circa
679 2753 898 2794 Epidaurum,

948 1755 1014 1787 quo
1032 1746 1107 1777 loco
1123 1746 1335 1787 AEsculapius
1357 1746 1579 1786 peculiariter
1596 1756 1651 1777 co-

947 1795 1094 1836 lebatur,
1106 1795 1288 1827 mactavit:
1315 1805 1419 1836 quare
1434 1800 1469 1826 et
1483 1805 1558 1826 eum
1576 1796 1651 1826 red-

947 1845 1030 1876 dere
1060 1846 1164 1877 vitam
1188 1855 1245 1877 seu
1266 1846 1350 1876 mori
1374 1845 1472 1876 vidit.
1516 1846 1652 1877 Saturni

949 1900 1061 1927 autem
1085 1905 1252 1936 pronepos
1269 1896 1394 1927 dicitur
1414 1896 1493 1936 quia
1508 1896 1653 1927 'Vulcani

947 1945 1012 1976 fuit
1036 1945 1134 1986 filius,
1150 1947 1202 1987 cuj
1211 1956 1247 1977 us
1263 1950 1371 1977 mater
1387 1946 1492 1986 Juno,
1505 1945 1652 1976 Saturno

947 2000 1034 2027 sata.

991 2050 1053 2079 408
1080 2045 1263 2086 Coronides]
1292 2045 1520 2087 AEsculapius,
1549 2045 1651 2078 Coro-

948 2098 1036 2130 nidis
1050 2108 1092 2130 ex
1107 2099 1267 2140 Apolline
1283 2098 1383 2130 filius.

990 2151 1054 2180 409
1078 2150 1166 2180 Sinis
1180 2153 1210 2180 et
1228 2148 1355 2188 Sciron]
1391 2150 1446 2180 De
1469 2148 1519 2179 his
1537 2159 1555 2180 a
1569 2149 1654 2180 'rhe-

949 2208 1007 2230 seo
1025 2200 1166 2231 sublatis
1193 2199 1380 2231 latronibus
1397 2199 1430 2229 in
1455 2198 1653 2239 praeceden-

949 2251 1041 2282 tibus
1057 2251 1210 2283 vidimus.

993 2302 1211 2342 Polypemone]
1228 2301 1330 2333 Hunc
1342 2301 1486 2332 eundem
1500 2300 1555 2342 qui
1568 2301 1652 2332 Pro-

949 2357 1079 2383 crustes
1111 2361 1248 2393 quoque
1275 2351 1402 2382 dicitur
1433 2360 1506 2381 esse
1537 2351 1652 2380 volue-

950 2403 1039 2433 runt.
1066 2401 1231 2442 Hospites
1247 2400 1394 2440 cogebat
1409 2408 1510 2439 super
1525 2399 1652 2429 lectum

950 2451 1158 2488 ascendere3
1195 2460 1260 2490 quo
1286 2450 1312 2479 si
1338 2449 1509 2489 longiores
1526 2455 1652 2490 essent,

950 2509 1026 2539 pars
1056 2499 1310 2539 supereminens
1339 2497 1601 2538 amputabatur-3
1626 2499 1652 2529 si

949 2548 1136 2586 breviores,
1153 2547 1448 2578 distendebantur.
1486 2548 1551 2578 Alii
1568 2548 1653 2580 Pro-

951 2604 1088 2629 crusten
1113 2598 1356 2638 Polypemonis
1379 2597 1485 2629 filium
1510 2598 1653 2640 iaciunt,

951 2660 1016 2680 uon
1035 2650 1100 2679 alio
1114 2658 1212 2690 quam
1229 2649 1291 2679 boc
1310 2649 1456 2680 Nasonis
1470 2649 1546 2680 loco
1558 2648 1649 2681 freti.

952 2701 1032 2740 lpse
1048 2704 1141 2730 certe
1158 2700 1284 2731 haerco.

995 2754 1058 2783 410
1095 2751 1215 2793 Quique
1241 2750 1343 2792 homo]
1377 2751 1429 2784 De
1456 2751 1651 2785 Minotauro
