1863 3193
225 171 339 213 2284

707 183 749 213 1³.
781 181 941 212 OVlDll
976 179 1188 212 NASONIS

226 275 387 316 Omnia
405 289 636 329 perversas
657 281 844 330 possunt
865 288 1141 329 corrumpere
1159 278 1350 317 mentes:

282 342 410 385 Stant
429 348 573 385 tamen
593 345 669 385 illa
692 345 783 385 suis
802 344 1065 384 omnia-tuta
1085 343 1211 384 locis.

224 408 287 451 At
306 411 460 463 procul
482 412 538 451 ab
560 412 722 464 scripta
743 412 849 451 solis
870 411 1173 451 meretricibus
1194 408 1302 450 Arte

282 476 524 518 Submovet
544 479 755 530 ingenuas
776 479 937 531 pagina
958 479 1099 531 prima
1118 490 1268 519 nurus.

227 541 532 597 Quaecumque
553 545 768 598 irrumpit,
801 557 887 598 quo
909 558 994 585 non
1022 545 1126 586 sinit
1144 545 1206 585 ire
1227 544 1448 595 sacerdos,

1590 541 1677 583 305

283 610 490 651 Protinus
511 612 594 652 hoe
615 612 740 652 vetiti
760 612 953 651 criminis
974 615 1074 652 acta
1103 623 1179 652 rea
1197 615 1281 651 est.

226 675 323 716 Nee
344 681 485 718 tamen
507 683 576 719 est
594 678 764 718 facinus
784 678 939 718 molles
960 679 1163 719 evolvere
1184 690 1362 718 versus:

285 743 431 785 Multa
451 745 555 785 licet
576 748 712 785 castae
735 757 820 784 non
840 744 1043 785 facienda
1060 746 1219 797 legant.

226 810 357 864 Saepe
378 812 600 869 supercilii
619 812 757 852 nudas
777 815 976 852 matrona
996 813 1152 861 severi,
1205 855 1207 857 ,

282 878 338 917 Et
357 878 544 918 Veneris
564 882 732 918 stantes
753 879 808 917 ad
829 892 965 929 genus
986 891 1130 927 omne,
1148 878 1282 919 videt.

1591 876 1677 918 310

225 942 420 996 Corpora
438 943 646 984 Vestales
668 943 784 983 oculi
803 944 1050 984 meretricia
1071 948 1274 986 cernunt:

282 1010 381 1051 Nec
403 1010 582 1051 domino
603 1024 746 1064 poenae
767 1024 836 1052 res
855 1024 908 1052 ea
928 1024 1064 1052 eausa
1083 1011 1175 1052 fuit.

224 1128 258 1159 in
276 1128 399 1159 Cerere.
447 1130 566 1160 Cuncta
589 1132 717 1169 possunt
738 1131 866 1169 perdere
889 1130 1008 1160 animos
1027 1134 1197 1170 corruptos.
1242 1129 1391 1161 Attamen
1405 1128 1462 1159 illa
1476 1128 1579 1159 omnia
1591 1131 1677 1159 stant

225 1170 288 1201 suis
302 1171 435 1201 sedibus,
482 1174 525 1202 At
549 1172 652 1211 prima
674 1172 790 1212 pagina
805 1175 888 1202 arcet
905 1172 1047 1202 honestas
1061 1176 1219 1202 matronas
1233 1173 1271 1202 ab
1286 1173 1366 1202 Arte
1381 1172 1499 1211 scripta
1512 1170 1585 1201 solis
1598 1180 1678 1201 scor-

227 1212 279 1242 tis.
325 1213 530 1252 Quacumque
555 1224 609 1253 per
624 1214 686 1244 vim
708 1214 826 1244 accedit
851 1224 908 1253 quo
930 1216 1071 1244 sacerdos
1094 1214 1235 1253 prohihet
1262 1216 1415 1252 accedere,
1439 1224 1473 1244 ea
1489 1223 1521 1244 re
1535 1214 1679 1244 continuo

225 1255 372 1294 arguitur
388 1257 545 1286 interdicti
559 1256 693 1287 sceleris.
736 1258 843 1296 Neque
858 1260 960 1286 tamen
976 1260 1020 1286 est
1027 1255 1192 1296 flagitium
1206 1257 1361 1295 perlegere
1384 1257 1497 1286 lasciva
1510 1256 1651 1295 poe'mata
1661 1266 1674 1292 ;

227 1297 299 1328 licet
312 1299 432 1337 pudicae
456 1300 594 1329 evolvant
616 1299 753 1338 plurima
768 1309 825 1329 non
848 1299 1050 1329 admittenda.
1097 1299 1248 1328 stlatrona
1263 1297 1412 1337 frequens
1427 1299 1505 1328 casti
1519 1297 1678 1336 supercilii

227 1338 365 1370 intuetur
391 1343 489 1371 nudas
515 1341 728 1379 meretrices,
752 1345 783 1371 et
806 1351 869 1371 sese
893 1341 1064 1381 proebentes
1087 1342 1128 1371 ad
1153 1351 1238 1370 omne
1261 1350 1359 1379 genus
1383 1339 1537 1370 Veneris.
1587 1339 1678 1369 Oculi

232 1381 368 1413 Vestales
382 1387 522 1423 spectant
537 1393 663 1424 corpora
687 1383 883 1415 meretricia.-
906 1393 1000 1423 neque
1023 1393 1057 1414 ea
1085 1393 1136 1414 res
1153 1382 1223 1420 fuit
1244 1393 1336 1413 causa
1359 1384 1480 1413 mulctoe
1496 1392 1514 1411 a
1532 1381 1677 1412 Domino.

834 1467 1068 1479 eeeeeeeeeeee

228 1521 539 1553 scribuntur.—300
565 1522 633 1553 Alii
664 1524 877 1554 Iasius.—301
908 1524 990 1555 Ber.
1021 1534 1106 1564 perv.
1138 1526 1285 1563 poterunt
1322 1532 1400 1553 corr.
1446 1523 1525 1552 Duo
1560 1520 1678 1560 scripti

223 1567 350 1604 possunt
370 1569 546 1604 pervertere
566 1569 765 1597 ment.—303
792 1565 859 1596 Alii
876 1567 920 1596 Et
933 1576 1017 1606 proc.
1041 1566 1174 1606 Gryph.
1202 1570 1237 1596 et
1254 1565 1402 1596 nonnulli
1418 1565 1502 1595 editi
1520 1564 1580 1594 Sed
1592 1573 1678 1602 proc.

226 1608 331 1637 —304
357 1608 463 1638 Nurus
479 1617 520 1638 ex
535 1614 678 1648 quatuor
693 1613 778 1639 vett.
797 1609 915 1639 Heius.
933 1609 1083 1648 reposuit
1106 1618 1166 1647 pro
1183 1609 1274 1647 vulg.
1291 1618 1414 1638 manus:
1438 1607 1556 1637 Burm.
1574 1606 1678 1636 etiam

224 1652 323 1678 notat
337 1648 437 1680 hasce
454 1659 553 1680 voces
570 1660 662 1690 saepe
682 1651 836 1681 librarios
854 1650 1058 1690 confudisse,
1074 1651 1262 1691 probatque
1278 1652 1488 1680 nurus—305
1514 1648 1680 1687 Irrumpz't,

225 1699 283 1728 quo
308 1691 404 1720 multi
433 1696 517 1722 vett.
552 1693 607 1723 alii
623 1694 769 1732 erumpit,
796 1696 975 1733 qum—306
998 1695 1049 1724 Ex
1077 1698 1221 1734 quatuor
1248 1692 1385 1732 scriptis
1409 1692 1527 1722 Heius.
1544 1690 1678 1730 recepit

227 1732 282 1762 hoc
299 1742 359 1772 pro
376 1734 467 1772 vulg.
484 1734 570 1764 haec:
602 1740 671 1765 tres
688 1735 788 1766 etiam
814 1736 1001 1767 hina—307
1026 1736 1129 1766 Multi
1154 1735 1238 1765 editi
1254 1739 1289 1765 et
1305 1745 1364 1765 sex
1381 1735 1498 1774 scripti
1516 1734 1586 1764 Non
1601 1736 1677 1763 tam.

227 1783 312 1804 unus
344 1775 520 1805 Nih—:312
544 1777 661 1807 Heius.
689 1777 775 1808 hune
801 1788 850 1809 vs.
880 1777 1107 1809 adulteratum
1135 1782 1262 1815 censet,
1288 1781 1346 1807 aut
1372 1775 1587 1807 scribendum
1611 1775 1678 1805 Nec

227 1816 335 1848 damno
351 1827 447 1848 scenoe
463 1828 511 1848 res
525 1828 560 1850 ea
575 1819 640 1850 visa
657 1819 743 1857 suit.-
768 1820 801 1851 in
823 1830 924 1851 voces
940 1830 990 1851 res
1004 1830 1039 1851 ea
1067 1830 1126 1861 pro
1151 1830 1222 1851 var.
1240 1819 1387 1851 lectione
1404 1818 1522 1850 Comb.
1539 1816 1678 1849 exhibet

877 1909 1020 1941 NOTAE

268 1981 330 2009 302
357 1979 452 2018 Tuta]
497 1980 616 2021 Neque
642 1981 791 2020 porticus
814 1990 922 2022 neque

229 2028 354 2067 templa
371 2034 583 2068 evertuntur,
604 2032 683 2071 quia
704 2041 746 2062 ex
764 2032 843 2071 illis,
865 2036 923 2063 aut

226 2077 259 2108 in
276 2078 351 2117 illis,
365 2080 546 2119 ingeniosae
557 2081 598 2110 ad
611 2081 794 2120 nequitiam
807 2082 921 2111 mulie-

227 2137 280 2158 res
295 2131 380 2159 male
398 2129 544 2159 faciendi
567 2139 679 2159 ansam
702 2131 922 2169 praeripinnt:

225 2178 377 2218 adeoque
407 2187 516 2217 neque
542 2178 709 2209 Amatorii
731 2179 834 2209 libelli
861 2180 922 2210 tol-

225 2226 330 2264 lendi,
345 2231 400 2255 aut
415 2236 528 2256 vorum
540 2227 669 2257 Auctor
682 2227 921 2267 profligandus.

228 2275 341 2315 Atque
357 2276 409 2305 liic
430 2286 526 2306 verus
540 2282 590 2306 est
606 2287 721 2306 sensus
733 2277 829 2316 liujus
847 2278 922 2316 loci,

227 2326 259 2355 ni
282 2324 400 2355 fallor:
426 2336 532 2366 neque
548 2327 682 2365 placent
698 2337 771 2366 quw
790 2328 821 2357 iu
846 2338 921 2358 eum

227 2374 282 2405 alii
298 2385 377 2415 quos
395 2376 527 2415 quidem
548 2376 612 2406 vidi
632 2377 858 2414 protulerunt.

269 2426 329 2454 305
357 2425 572 2464 Quocumque]
617 2425 734 2465 Neque
758 2435 793 2455 se
810 2430 920 2456 vatem

226 2482 335 2513 neque
355 2475 497 2504 veneris
514 2475 721 2504 sacerdotem
740 2484 831 2504 reum
850 2485 921 2505 esse

226 2532 245 2552 a
268 2523 365 2552 simili
395 2525 507 2561 arguit
533 2525 644 2561 Nas03
667 2524 725 2554 sed
749 2534 822 2554 eam
848 2535 920 2565 quae

226 2573 394 2612 prohibita
411 2575 608 2611 inspexerit.

269 2625 331 2651 308
365 2623 467 2661 Licet]
494 2625 632 2655 Verum.
669 2625 736 2655 Sed
758 2624 921 2665 nequitias

226 2672 349 2702 docere
367 2677 468 2713 atque
481 2673 654 2706 libidinem
671 2675 839 2714 proritare
854 2683 920 2705 nou

228 2723 320 2754 licet.

1020 1985 1083 2013 309
1115 1981 1239 2021 Severi]
1279 1978 1313 2011 Si
1344 1980 1485 2012 credere
1513 1978 1564 2010 fas
1599 1984 1674 2012 est:

978 2034 1107 2064 Catone
1137 2040 1282 2071 namque
1314 2031 1482 2061 theatrum
1512 2030 1675 2070 ingresso,

976 2090 1041 2112 non
1059 2090 1158 2111 ausus
1174 2086 1224 2110 est
1240 2081 1384 2120 populus
1406 2085 1441 2110 ut
1464 2079 1676 2110 nudarentur

977 2131 1135 2161 mulieres
1152 2140 1305 2169 poscere,
1322 2129 1536 2170 quamobrem
1550 2128 1675 2160 disces-

977 2179 1057 2208 sisse
1093 2184 1239 2209 testatur
1269 2180 1384 2209 Valer.
1422 2179 1602 2217 Maximus,
1631 2188 1674 2210 ne

978 2228 1158 2268 praesentia
1174 2238 1233 2257 sua
1250 2229 1436 2267 spectaculi
1462 2228 1676 2259 consuetudi-

976 2287 1050 2308 nem
1068 2277 1260 2316 impediret.
1305 2278 1340 2307 Si
1358 2287 1432 2317 qua*
1458 2287 1540 2316 ergo
1562 2282 1676 2308 essent

977 2327 1149 2367 supercilii
1179 2327 1286 2357 severi
1316 2332 1492 2363 matronae,
1523 2327 1674 2358 Florales

976 2377 1072 2407 ludos
1097 2382 1191 2406 certe
1212 2386 1276 2406 non
1302 2381 1529 2415 spectassent,
1554 2376 1674 2416 quibus

977 2426 1175 2464 turpissima⁴
1190 2425 1387 2455 nwretrices
1401 2425 1569 2455 lasciviam
1579 2435 1674 2456 suam

976 2475 1120 2505 ostentui
1139 2475 1312 2504 baberent.

1018 2527 1080 2554 312
1119 2523 1266 2562 Domino]
1316 2523 1474 2553 Pontifici
1512 2524 1675 2564 Maximo,

977 2575 1032 2615 qui
1060 2574 1091 2603 in
1124 2575 1278 2603 Vestales
1309 2573 1613 2614 animadvertebat,
1644 2575 1672 2606 si

976 2624 1170 2655 castitatem
1211 2623 1405 2653 violassent.
1471 2624 1671 2665 Quanquam

975 2677 1152 2715 suspectus
1168 2676 1221 2704 est
1233 2671 1358 2704 erroris
1373 2672 1427 2704 hic
1446 2681 1571 2706 versuS.
