1877 3193
552 190 706 222 EPisr.
742 191 807 221 EX
843 191 1001 224 PoN'ro
1035 192 1130 223 ΜΒ.
1162 191 1229 222 lv.
1259 181 1301 222 6.
1536 181 1649 225 2699

200 284 246 327 N
249 296 320 326 am
339 284 460 338 prius
480 285 684 327 umbrosa
701 286 911 327 carituros
933 287 1085 328 arbore
1104 288 1289 336 montes,

255 350 312 392 Et
330 351 443 393 freta
459 352 672 394 velivolas
692 366 776 394 non
797 353 998 394 habitura
1017 359 1150 404 rates,

198 413 485 472 Fluminaque
506 419 550 459 in
569 419 710 460 fontes
732 432 862 460 cursu
883 419 1073 459 reditura
1094 419 1281 473 supino;

253 485 412 526 Gratia
431 499 560 538 quam
579 486 720 526 meriti
741 484 888 537 possit
906 485 1028 524 abire
1050 485 1129 524 tui.

197 551 315 593 Haec
335 552 413 592 ubi
435 552 650 600 dixeritis,
673 554 821 591 servet
842 562 923 590 sua
942 547 1076 599 dona,
1098 554 1265 603 rogate.
1595 550 1652 592 45

253 618 330 665 Sic,
348 618 476 659 fuerit
497 621 653 659 vestrae
676 630 813 658 causa
834 621 1014 671 peracta
1032 617 1131 658 viae.

195 744 280 775 Nam
294 748 366 776 ante
385 746 474 777 colles
490 746 671 777 destitutum
686 746 728 776 iri
745 745 852 777 arbore
866 746 1020 785 umbrosa,
1033 749 1064 777 et
1079 746 1179 777 maria
1194 744 1331 777 caritura
1352 745 1481 776 navibus
1499 744 1649 784 velivolis,

194 789 225 816 et
232 786 351 827 flunios
365 798 539 819 reversuros
553 789 586 819 in
601 789 810 827 scaturigines
821 789 917 830 fluxu
932 789 1088 820 contrario
1109 792 1199 829 atque
1218 788 1352 827 inverso,
1375 798 1464 828 quam
1477 788 1587 828 gratia
1603 787 1651 818 tui

193 828 331 870 benfficii
344 831 443 870 possit
465 832 570 862 deleri.
615 832 783 871 Postquam
799 841 834 862 ea
855 832 1062 873 protuleritis,
1077 834 1164 862 orate
1178 834 1212 863 ut
1225 833 1350 862 tueatur
1364 840 1419 863 sua
1434 840 1581 862 munera.-
1603 830 1651 861 ita

193 880 284 903 causa
297 874 394 904 vestri
409 873 536 905 itineris
545 873 643 913 fuerit
660 875 795 914 expleta.

808 962 1038 974 eeeeeeee

194 1027 338 1058 habeat:
364 1027 464 1058 video
488 1031 523 1058 et
549 1028 723 1069 Excerpta
739 1028 905 1069 Scaligeri
932 1029 1015 1060 hanc
1032 1028 1214 1061 lectionem
1231 1026 1407 1070 praeferre,
1423 1027 1481 1058 sed
1499 1036 1541 1058 ex
1557 1027 1650 1058 nullo

194 1070 325 1102 codice.
348 1070 539 1101 Brissonius
555 1071 613 1101 lib.
631 1080 678 1101 Vl.
692 1071 732 1101 de
749 1072 858 1103 Form.
883 1082 914 1111 p.
931 1075 1004 1103 517,
1029 1072 1149 1102 lubens
1165 1071 1337 1110 emendat,
1353 1071 1395 1101 Se
1408 1070 1482 1108 fore
1497 1070 1651 1110 mancipio

194 1115 312 1152 tempus
322 1113 354 1143 in
367 1123 453 1143 omne
469 1116 554 1143 tuum
567 1124 576 1143 .·
591 1118 628 1144 ut
639 1113 700 1145 inf.
719 1114 815 1153 Eleg.
826 1122 884 1144 xv.
895 1116 948 1144 42.
966 1113 1064 1153 dixit,
1075 1115 1083 1131 ‘
1098 1115 1225 1154 Meque
1235 1118 1329 1144 tuum
1340 1112 1424 1144 libra
1433 1113 1520 1142 norit
1531 1116 1567 1142 et
1582 1121 1651 1143 aere

192 1155 301 1185 minus
313 1155 333 1186 :’
358 1161 391 1185 et
410 1156 547 1186 Luci-et.
564 1165 619 1186 ιιι.
635 1158 708 1187 984.
747 1157 755 1173 ‘
774 1156 921 1196 Vitaque
937 1157 1107 1195 mancipio
1123 1156 1203 1186 nulli
1221 1155 1346 1186 datur.'
1391 1155 1477 1187 Quae
1494 1153 1648 1195 quamvis

194 1207 259 1227 non
278 1197 494 1237 displiceant,
521 1203 641 1228 contra
666 1199 767 1228 libros
792 1202 905 1228 tamen
930 1198 1075 1237 scriptos
1096 1197 1274 1228 intrudere
1292 1197 1518 1237 periculosum
1535 1195 1650 1227 credo.

192 1242 200 1255 ‘
222 1239 441 1280 Mancipium'
457 1249 538 1279 ergo
555 1249 616 1279 pro
633 1249 730 1270 servo
755 1240 918 1280 capimus,
946 1244 982 1270 ut
1010 1238 1069 1269 inf.
1097 1240 1195 1278 Eleg.
1214 1247 1297 1269 vm.
1313 1242 1365 1269 66.
1400 1240 1408 1255 ‘
1424 1239 1459 1269 Si
1477 1237 1569 1278 quid,
1586 1240 1650 1268 stc.

195 1282 315 1312 Restat
330 1282 364 1312 in
388 1282 522 1321 ingenio
546 1281 670 1312 serviet
693 1291 789 1312 omne
815 1281 900 1313 tibi!
924 1282 1122 1312 Burm.—42
1146 1281 1290 1311 Plurimi
1304 1279 1544 1317 veliferam—43
1568 1280 1650 1312 Jun.

194 1328 227 1354 et
243 1328 387 1366 quatuor
403 1324 460 1354 alii
477 1325 507 1354 in
526 1327 643 1355 montes
658 1333 738 1354 curs.

849 1419 986 1451 NOTAE

232 1496 275 1524 '42
317 1493 484 1533 Velivolas]
529 1493 615 1525 Qnae
646 1492 798 1523 velorum
828 1501 891 1522 usu
989 1494 1028 1522 45
1053 1491 1177 1530 Seri-et]
1215 1491 1265 1521 Ea
1279 1493 1419 1521 tueatur
1443 1499 1518 1530 quae
1543 1490 1575 1520 in
1593 1499 1648 1521 me

189 1544 350 1575 flantibus
366 1545 476 1575 ventis
493 1545 557 1574 huc
576 1544 656 1575 illuc
674 1543 855 1574 ducuntur.
947 1541 1103 1579 contulit,
1132 1549 1171 1570 ac
1199 1539 1277 1570 mihi
1305 1548 1406 1579 porro
1441 1539 1646 1570 benefacere

233 1597 274 1625 43
298 1593 431 1634 Supina]
463 1593 654 1625 Contrario.
947 1595 1079 1630 pergat.

233 1648 273 1676 44
299 1644 417 1676 Gratia
437 1644 543 1685 quarn]
577 1644 687 1677 Quam
711 1642 892 1674 obliviscar
989 1642 1030 1670 46
1052 1639 1121 1679 Sic]
1166 1639 1353 1680 Postquam
1385 1638 1459 1669 haec
1489 1638 1645 1669 mandata

190 1693 358 1727 beneficii.
946 1689 1182 1729 impieveritis.

637 2060 1045 2111 EPISTOLA
1102 2060 1193 2107 vl.

801 2209 1032 2252 BRUTO.

736 2372 1100 2405 ARGUMENTUM.

196 2462 250 2494 AD
266 2463 412 2494 Brutum
430 2460 617 2493 Romanum
635 2459 801 2499 scribens,
818 2462 932 2490 narrat
950 2468 984 2490 se
998 2455 1263 2498 quinquennium
1280 2454 1390 2494 egisse
1406 2453 1438 2484 in
1456 2453 1583 2484 Ponto:
1609 2457 1644 2485 et

235 2524 311 2545 cum
326 2514 471 2545 maxime
488 2513 634 2544 reditum
652 2516 807 2553 speraret
823 2511 984 2552 precibus
1012 2509 1106 2540 Fabii
1133 2507 1287 2545 Maximi,
1302 2506 1336 2536 in
1352 2515 1417 2546 quo
1436 2515 1529 2545 spem
1543 2506 1644 2537 habe-

238 2566 310 2605 bat,
326 2576 402 2597 cum
417 2566 556 2606 periisse
571 2565 684 2597 docet.
730 2566 873 2597 Fatetur
896 2569 1007 2595 tamen
1033 2563 1176 2591 Brutum
1192 2559 1293 2590 nihilo
1317 2557 1512 2589 inferiorem
1529 2568 1643 2590 amore

237 2627 319 2657 erga
334 2627 370 2648 se
387 2626 472 2648 esse.
515 2617 694 2648 Postremo
709 2618 780 2658 ejus
795 2626 942 2648 amorem
959 2620 993 2645 et
1011 2613 1154 2644 virtutes
1177 2611 1365 2652 peculiares
1380 2611 1542 2651 exponit3
1564 2620 1642 2651 pro-

238 2670 421 2710 fiteturque
437 2677 606 2710 nunquam
620 2678 656 2701 se
670 2669 744 2703 fore
758 2670 926 2713 ingratum
953 2666 1162 2707 meritorum,
1177 2674 1252 2706 quae
1279 2664 1368 2705 apud
1395 2673 1432 2695 se
1457 2663 1500 2696 ab
1526 2663 1641 2696 amicis

238 2723 407 2756 collocata
422 2725 510 2754 suut.
