1877 3193
644 190 886 222 TmSTlUM
922 191 1017 223 LlB.
1051 191 1118 222 1V.

1149 181 1222 222 10.
1549 180 1662 223 2421

201 284 250 326 Si
272 284 373 338 quid
394 284 441 326 id
461 287 540 334 est,
561 296 703 337 usque
726 297 752 326 a
771 286 952 339 proavis
974 289 1096 327 vetus
1116 284 1286 326 ordinis
1303 283 1473 337 haeres3

259 352 366 393 Non
386 352 517 393 modo
538 350 744 392 Fortunae
766 365 939 393 munere
959 352 1102 393 factus
1123 364 1275 406 eques,

200 419 298 461 Nec
320 421 452 473 stirps
474 418 616 472 prima
636 418 701 459 sui
719 433 730 469 ;

767 419 912 472 genito
926 420 1020 473 Jam
1042 418 1174 459 fratre
1192 420 1361 459 creatus
1378 431 1390 471 ;

257 485 348 537 Qui
368 487 507 528 tribus
526 490 627 526 ante
647 491 804 540 quater
820 486 1044 525 mensibus
1065 488 1184 524 ortus
1203 487 1310 525 erat.

1608 482 1664 522 10

199 552 376 594 Lucifer
395 552 620 593 amborum
639 552 863 593 natalibus
883 550 1006 591 affuit
1026 550 1141 590 idem
1157 564 1167 591 t

259 619 358 660 Una
379 621 597 661 celebrata
615 622 682 660 est
703 632 779 673 per
797 619 884 659 duo
905 618 997 659 liba
1012 617 1122 658 dies.

200 685 317 728 Haec
340 692 411 728 est
429 687 643 728 armiferae
665 686 790 728 festis
818 686 872 727 de
893 686 1087 740 quinque
1110 685 1342 737 Minervae,

254 753 370 804 Quae
391 755 485 796 fieri
508 767 655 808 pugna
674 756 815 809 prima
836 760 1016 795 cruenta
1039 754 1165 795 solet.

199 820 406 863 Protinus
426 823 669 863 excolimur
687 822 844 872 teneri,
865 834 1058 875 curaque
1078 821 1268 874 parentis

1606 820 1663 862 15

254 887 380 930 Imus
402 889 460 930 ad
481 889 675 941 insignes
696 888 831 930 Urbis
853 888 910 929 ab
932 892 1024 930 arte
1046 889 1181 929 viros.

198 953 347 997 Frater
368 956 424 997 ad
442 956 667 1008 eloquium
684 955 810 996 viridi
835 955 1038 996 tendebat
1056 956 1111 996 ab
1133 967 1247 1006 aevo,

255 1021 405 1064 Fortia
424 1022 601 1064 verbosi
622 1025 750 1064 natus
771 1021 828 1063 ad
855 1035 976 1063 arma
998 1022 1116 1063 Fori.

194 1161 266 1182 <um
284 1151 380 1182 hoeres
404 1152 523 1183 ordinis
548 1152 715 1201 equestris
740 1162 833 1194 usque
858 1162 877 1184 a
899 1152 1037 1193 proavis,
1061 1161 1122 1182 non
1144 1160 1240 1191 nuper
1256 1151 1366 1188 factus
1381 1160 1473 1191 eques
1494 1151 1572 1182 dono
1589 1151 1661 1189 for·

194 1199 290 1225 tunae.
338 1195 442 1234 Neque
460 1194 515 1233 fui
539 1196 644 1234 prt'ma
658 1195 784 1231 soboles,
810 1198 898 1225 ortus
913 1194 1022 1232 fratre
1038 1193 1110 1231 J‘am
1124 1196 1209 1232 nato,
1234 1193 1288 1233 qui
1314 1194 1348 1224 in
1364 1194 1461 1224 lucem
1476 1194 1577 1224 editus
1591 1196 1661 1224 erat

194 1240 267 1267 mee
291 1237 447 1267 duodecim
469 1246 596 1268 menses,
640 1237 729 1268 Idem
752 1218 882 1274 Lucifer
903 1236 1008 1268 astitit
1028 1235 1184 1266 natalibus
1206 1236 1388 1275 utriusque;
1409 1246 1470 1266 una
1495 1237 1561 1266 dies
1584 1237 1661 1267 cele-

196 1280 284 1309 brata
299 1282 345 1309 est
357 1289 414 1318 per
429 1280 488 1309 duo
504 1279 579 1309 liba.
624 1278 706 1309 Hoec
731 1282 777 1310 est
803 1280 841 1309 dc
865 1279 998 1319 quinque
1015 1277 1114 1317 sestis
1130 1278 1287 1308 Illinertoe
1309 1278 1488 1317 bellatricis,
1515 1287 1582 1318 (μα’
1595 1280 1661 1318 pri-

194 1331 245 1351 mu
259 1321 413 1351 consuevit
428 1321 506 1361 fieri
530 1323 660 1352 cruenta
683 1320 863 1352 certamine.
912 1321 1066 1352 Continuo
1082 1322 1179 1352 teneri
1206 1321 1389 1359 excolimur,
1413 1324 1443 1352 et
1468 1321 1660 1351 concedimus

192 1364 232 1394 ad
258 1363 340 1393 viros
365 1363 503 1394 illustres
528 1366 596 1394 arte
626 1362 733 1404 Urbis,
762 1373 836 1395 cura
863 1365 977 1404 patris.
1021 1363 1137 1395 Frater
1163 1363 1304 1395 studebat
1331 1364 1449 1404 eloquio
1473 1374 1493 1394 a
1518 1363 1660 1394 mollibus

805 1455 1041 1468 ”mOOOM

194 1525 327 1563 septem
344 1523 404 1556 alii
417 1532 534 1554 noscas.
538 1525 601 1553 —7
626 1522 745 1553 Burm.
761 1521 816 1553 hic
837 1522 990 1553 restituit
1007 1522 1086 1554 olim
1103 1528 1280 1564 receptam
1293 1523 1498 1555 lectionem:
1522 1522 1657 1563 plurimi

192 1570 279 1596 vett.
296 1565 429 1613 scripti,
447 1569 536 1596 teste
554 1564 674 1595 Heius.
692 1564 728 1594 Si
743 1565 814 1604 quis
828 1568 858 1594 et
874 1574 893 1594 α
908 1566 1032 1604 proavis
1046 1575 1140 1606 usque
1155 1570 1212 1604 est,
1229 1567 1283 1597 vel
1297 1567 1332 1597 Si
1348 1567 1438 1607 quid:
1455 1566 1517 1596 Be.
1533 1564 1569 1595 Sz'
1581 1566 1658 1604 quid

194 1609 225 1638 id
239 1618 258 1638 α
270 1608 395 1647 proavis
408 1610 570 1647 supereet:
596 1606 716 1638 Heins
734 1606 817 1646 legit
834 1606 873 1637 Si
889 1607 962 1647 quid
978 1607 1011 1637 id
1026 1619 1045 1638 a
1058 1609 1185 1648 promis
1199 1618 1291 1649 usque
1304 1612 1348 1639 est
1365 1612 1425 1640 vet.
1426 1611 1490 1638 —8
1506 1607 1656 1640 Quidam

193 1650 313 1689 legunt
331 1650 403 1680 Non
417 1659 484 1679 sum
506 1650 542 1680 F.
560 1650 636 1679 Duo
651 1649 713 1679 libr
716 1649 725 1679 i
742 1650 816 1679 Non
830 1651 917 1679 modo
930 1649 1054 1681 militia>
1070 1651 1331 1688 turbinesactus;

1354 1661 1396 1692 qu
1378 1650 1444 1682 uod
1458 1659 1522 1681 nec
1539 1650 1656 1680 Burm.

193 1691 364 1731 displicet.
366 1695 429 1722 —9
452 1693 527 1721 Jam
546 1691 661 1723 Heius.
678 1691 775 1722 dedit
796 1701 838 1722 ex
857 1691 1056 1724 Medouian.
1082 1703 1144 1734 pro
1161 1694 1249 1734 vulg.
1271 1703 1357 1724 sum:
1381 1693 1448 1724 duo
1464 1693 1519 1723 alii
1535 1692 1656 1723 sine.—

196 1737 232 1764 ll
259 1732 354 1764 ned.
382 1744 426 1774 op
430 1739 454 1765 t.
483 1734 585 1773 Lucis.
602 1734 746 1764 ambobus
764 1735 860 1765 natal.
863 1737 947 1765 -13
973 1734 1041 1766 Alii
1067 1737 1242 1775 armigerce.
1246 1739 1330 1767 —14
1356 1737 1436 1772 Quae
1450 1739 1537 1766 vett.
1553 1734 1655 1772 lihri3

197 1775 254 1806 nii
273 1775 362 1810 Qua:
381 1776 422 1808 P.
438 1776 541 1808 etiam
560 1787 579 1807 a
591 1787 708 1818 pugna.
711 1780 796 1810 —18
820 1777 890 1808 Pro
910 1777 1027 1809 verbosi
1043 1788 1128 1810 unus
1143 1779 1200 1811 lib.
1208 1778 1351 1818 famose]-
1374 1780 1459 1810 alius
1468 1776 1611 1817 formosi.

848 1896 879 1926 N
886 1895 988 1928 0⁷1¹AE

234 1984 253 2013 7
280 1981 424 2022 Ordinis]
447 1981 635 2022 Equestris,
651 1982 794 2014 scilicet.

235 2035 255 2062 8
279 2032 441 2072 Fortunae]
470 2032 619 2063 Divitiis.

191 2082 386 2113 sestertium
409 2082 732 2123 quadringentorum
755 2082 895 2113 millium

191 2141 311 2163 census
329 2138 415 2172 erat,
440 2134 461 2163 ii
477 2133 509 2163 in
533 2133 685 2164 ordinem
703 2137 896 2175 equestrem

191 2182 441 2214 referebantur.

234 2235 272 2263 11
297 2232 441 2273 Lucifer]
459 2234 600 2265 Stellam
614 2233 815 2265 matutinam
830 2242 893 2274 pro

190 2281 244 2314 die
259 2282 333 2321 ipso
352 2283 476 2323 posuit.

233 2335 273 2364 12
296 2333 392 2373 Liba]
425 2334 529 2375 Cujus
554 2335 689 2374 generis
715 2335 893 2375 placentas

191 2382 361 2413 natalibus
377 2383 467 2414 mitti
486 2384 601 2416 solutas
618 2393 720 2425 supra
736 2384 893 2415 vidimus.

235 2435 273 2463 13
298 2433 420 2475 Festis]
445 2434 531 2465 Vide
550 2435 728 2466 Fastorum
745 2443 803 2466 ιιι.
821 2437 894 2466 809.

192 2480 248 2511 ubi
270 2483 412 2522 primam
440 2484 529 2515 diem
571 2486 738 2516 Minervae
761 2494 892 2516 sacram

194 2531 353 2569 sauguine
363 2542 496 2573 vacare,
506 2535 594 2576 quod
607 2546 645 2565 ea
659 2536 735 2567 Dea
747 2540 827 2566 nata
835 2535 892 2575 sit,

193 2583 323 2610 ceteras
347 2587 452 2613 strata
480 2594 582 2616 arena
598 2591 633 2617 et
651 2585 737 2616 ludis
765 2585 892 2626 gladia-

194 2628 288 2658 toriis
304 2630 467 2661 celebrari
483 2635 598 2665 solitas
615 2645 701 2675 esse,
717 2635 881 2666 invenies.

238 2681 275 2709 14
302 2679 382 2713 Quae
400 2680 488 2721 fieri]
506 2682 620 2724 Atque
637 2685 724 2717 adeo
741 2685 892 2717 secunda

195 2729 259 2760 suit
275 2739 318 2760 ex
342 2729 490 2771 quinque
515 2733 680 2766 Minervae
705 2736 811 2768 sacris
824 2736 891 2768 dic-

950 1983 1290 2025 bus‚quorum⁴prima
1300 1983 1332 2014 in
1344 1985 1395 2013 13.
1406 1979 1579 2022 KahApr,
1588 1981 1654 2013 hoc

652 2032 783 2065 Quibus
806 2032 896 2063 enim
951 2038 1003 2064 est
1019 2036 1071 2066 20.
1084 2033 1174 2064 diem
1189 2033 1309 2065 Martii
1321 2032 1456 2068 mensis,
1470 2031 1655 2063 incidebat.

997 2083 1148 2124 Cruenta]
1174 2082 1411 2114 Gladiatorum
1428 2081 1604 2121 sanguine.

1003 2135 1043 2163 15
1064 2132 1259 2171 Excutimur]
1276 2132 1465 2162 Literni-um
1475 2130 1653 2163 elementis

951 2187 987 2214 et
1003 2182 1098 2213 bonis
1112 2183 1242 2213 artibus
1258 2182 1450 2213 imbunuur.

992 2236 1032 2264 16
1046 2233 1096 2264 Ab
1108 2232 1192 2273 arte]
1209 2233 1276 2266 Qui
1292 2233 1422 2264 artibus
1437 2231 1652 2273 quibuscum-

946 2292 1013 2325 que
1029 2282 1192 2314 docendis
1208 2282 1372 2314 celebres.

992 2335 1032 2364 17
1073 2333 1251 2374 Eloquium]
1287 2332 1540 2374 Eloquentiam,
1577 2342 1652 2373 quae

948 2383 1138 2425 praesertim
1156 2384 1187 2413 in
1202 2383 1357 2425 dicendis
1377 2383 1488 2414 causis
1504 2383 1629 2414 elucet.

993 2438 1032 2467 18
1057 2434 1183 2474 Fortia]
1205 2433 1379 2474 Siquidem
1404 2433 1550 2463 animum
1570 2440 1652 2473 quo-

948 2496 1094 2526 cumque
1110 2496 1194 2526 opus
1209 2490 1260 2516 est
1274 2484 1428 2515 flectunt.

996 2535 1139 2574 Verbosi]
1165 2535 1231 2565 Ubi
1248 2534 1350 2564 etiam
1369 2533 1560 2564 blaterones
1575 2532 1648 2572 plu-

947 2587 1036 2624 rimi,
1053 2591 1088 2616 et
1106 2584 1291 2623 importuni
1314 2582 1419 2613 rabul
1414 2593 1456 2623 1²,
1469 2582 1558 2613 inani
1576 2592 1648 2613 xer-

948 2635 1065 2666 borum
1096 2631 1301 2673 profluentia
1334 2641 1448 2663 veram
1485 2632 1646 2684 eloquem-

948 2683 1027 2714 tiatn
1044 2691 1118 2714 sese
1136 2685 1258 2723 putant
1274 2680 1410 2713 imitati.
