1863 3193
245 183 359 226 2314
727 193 772 223 P.
803 192 962 224 ovum
995 190 1210 222 NAsouls

244 285 393 340 thue
412 288 519 329 viret
538 300 705 342 semper
722 288 886 337 laurus,
907 301 989 328 nec
1010 286 1161 328 fronde
1183 285 1355 328 caduca
1639 287 1697 329 45

302 353 529 408 Carpitur;
561 361 769 397 aeternum
791 356 855 396 sic
875 356 1006 395 habet
1027 356 1102 395 illa
1122 355 1258 395 decus
1275 355 1294 394 ’ἒ

246 419 405 471 Causa,
429 423 719 476 superpositae
741 424 906 475 scripto
927 426 1089 462 testata
1109 434 1299 470 coronae,

303 489 508 529 Servatos
529 490 650 529 cives
669 489 835 530 indicat
853 489 984 542 hujus
1007 502 1107 542 ope.

245 553 404 608 Adjice
426 557 608 596 servatis
628 569 777 605 unum,
801 556 933 596 Pater
953 556 1132 608 optime,
1155 557 1324 608 civem3

305 621 393 671 Qui
415 624 569 674 procul
590 627 782 663 extremo
799 624 953 676 pulsus
972 624 1016 663 in
1036 623 1138 663 orbe
1155 623 1289 676 jacet.
1646 622 1702 662 50

248 688 302 730 In
324 702 412 741 quo
435 702 680 741 poenarum,
703 703 815 742 quas
837 702 884 730 se
903 690 1115 730 meruisse
1138 691 1313 740 fatetur,

306 755 409 796 Non
422 756 593 797 facinus
615 769 810 806 causam,
831 757 909 797 sed
931 769 1038 797 suus
1059 770 1173 798 error
1191 758 1338 798 habet.

249 819 327 861 Me
347 823 565 873 miserum,
583 836 823 878 vereorque
844 824 1003 874 locum,
1025 837 1293 878 venerorque
1314 827 1546 878 potentem,

304 888 362 929 Et
381 890 570 941 quatitur
589 891 760 943 trepido
780 892 905 931 litera
924 896 1075 932 nostra
1094 895 1226 932 metu.

247 954 429 1008 Aspicis
451 957 668 1009 exsangui
689 958 884 999 chartam
904 959 1072 1012 pallere
1094 959 1271 1000 colore‘?
1648 957 1704 999 55

304 1021 486 1074 Aspicis
506 1024 694 1065 alternos
714 1025 991 1066 intremuisse
1016 1026 1156 1079 pedes
1173 1026 1191 1065 C?

249 1087 644 1142 Quandocumque,
663 1104 832 1143 precor,
853 1096 1004 1133 nostro
1025 1093 1206 1145 placata
1226 1092 1393 1145 parenti

305 1156 456 1196 Isdem
477 1157 558 1197 sub
580 1157 766 1197 dominis
788 1158 1007 1210 aspiciare
1028 1159 1200 1200 domus.

252 1286 297 1316 Et
313 1287 564 1326 quemadmodum
579 1287 682 1317 laurus
696 1295 813 1325 semper
829 1286 966 1325 virescit,
981 1295 1074 1326 neque
1089 1285 1179 1317 habet
1193 1286 1276 1324 folia
1290 1287 1419 1318 decidua
1430 1297 1442 1323 ,·
1464 1287 1508 1318 sz'c
1524 1288 1602 1318 illud
1618 1288 1709 1320 habet

250 1329 393 1359 honorem
405 1328 613 1369 perpetuum?
650 1330 751 1359 Causa
767 1338 884 1358 coronoe
897 1328 1095 1369 superpositae
1110 1330 1208 1368 elogio
1223 1330 1378 1359 declarata
1393 1332 1528 1359 testatur
1541 1330 1622 1360 cives
1637 1331 1710 1361 libe-

250 1373 336 1402 ratos
349 1371 437 1410 hujus
451 1372 581 1402 auxilio.
627 1372 724 1402 Pater
747 1371 874 1411 optime,
896 1372 973 1402 adde
988 1381 1081 1402 unum
1106 1372 1199 1402 civem
1215 1371 1359 1410 servatis,
1385 1372 1435 1411 qui
1451 1372 1539 1410 longe
1554 1372 1710 1412 relegatus

248 1414 401 1452 protritus
417 1417 460 1444 est
476 1415 510 1444 in
523 1415 619 1454 plaga
633 1414 847 1444 remotissima.
894 1414 934 1444 In
949 1424 1005 1453 quo
1020 1424 1079 1444 uon
1096 1414 1276 1455 flagitium,
1304 1416 1357 1445 sed
1372 1423 1458 1444 error
1473 1424 1546 1444 suus
1560 1414 1653 1445 habet
1667 1415 1711 1445 ti-

251 1456 349 1486 tulum
362 1466 530 1496 poenarum,
546 1457 655 1496 quibus
669 1457 807 1494 agnoscit
822 1466 854 1485 se
869 1457 995 1495 dignum
1012 1466 1085 1487 esse.
1131 1458 1186 1487 Me
1202 1456 1367 1495 infelicem,
1393 1460 1422 1486 et
1439 1456 1530 1487 timeo
1546 1458 1653 1497 locum,
1678 1461 1710 1488 et

254 1497 367 1528 honoro
394 1499 548 1529 domiuum
561 1510 572 1535 ;
595 1503 624 1529 et
648 1502 754 1529 nostra
779 1499 871 1529 litera
893 1499 1067 1538 percellitur
1090 1499 1200 1529 timore
1227 1499 1357 1538 trepido.
1408 1499 1539 1530 Videsne
1557 1509 1711 1540 papyrum

250 1540 366 1578 pallere
380 1542 477 1571 colore
492 1539 671 1580 exsangui?
722 1541 853 1571 Videsne
865 1542 956 1580 pedes
971 1541 1105 1572 alternos
1122 1539 1317 1581 trepidasse?
1365 1541 1428 1571 Oro
1443 1544 1477 1571 ut
1493 1543 1600 1572 domus
1615 1552 1711 1581 quan-

251 1582 415 1623 documque
436 1584 565 1614 delinita
585 1586 691 1614 nostro
714 1584 813 1623 patri,
835 1584 970 1613 videaris
989 1583 1044 1614 sub
1067 1584 1175 1615 iisdem
1200 1584 1343 1614 donanis.
1387 1584 1465 1614 Inde
1486 1585 1579 1615 ducor
1601 1584 1713 1624 aequuli

864 1667 1097 1678 eeeeeeeeeee

254 1720 295 1748 42
319 1719 414 1749 Unus
444 1719 529 1750 liber
554 1729 646 1759 semp.
674 1720 773 1751 amica
799 1721 932 1751 D.--45
957 1721 1054 1752 Unus
1077 1720 1180 1751 Liber
1199 1720 1307 1758 frond.
1329 1721 1538 1760 pudica—46
1561 1719 1620 1751 Pr.
1637 1720 1713 1752 Pol.

253 1760 325 1800 ipsa
340 1770 400 1800 pro
415 1762 563 1793 illm—47
589 1762 673 1793 Lov.
691 1763 822 1802 Mycill.
839 1763 971 1794 Bersm.
990 1764 1122 1804 Gryph.
1137 1767 1173 1793 et
1186 1764 1259 1794 aliae
1279 1763 1366 1794 Edd.
1409 1764 1565 1802 Causaque
1578 1764 1714 1803 supposi-

256 1806 311 1833 toe.
335 1804 417 1834 Mox
446 1805 580 1844 plurimi
607 1809 741 1835 testante
772 1815 834 1844 pro
858 1809 1074 1836 testatae—49
1097 1806 1231 1836 Merula
1257 1816 1336 1837 serv.
1361 1816 1407 1836 me
1431 1815 1484 1835 un.
1529 1806 1611 1835 Tum
1628 1815 1712 1836 unus

255 1844 342 1875 liber
356 1855 475 1885 precor,
491 1850 640 1886 opt.-50
666 1847 734 1878 Alii
750 1848 814 1878 orb.
830 1849 1003 1879 latet.—5l
1029 1849 1126 1879 Serv.
1150 1852 1200 1879 sat
1229 1858 1289 1887 pro
1310 1850 1438 1878 san—53
1469 1847 1656 1887 Venerorque
1672 1857 1713 1878 ex

256 1895 323 1917 uno
347 1888 433 1919 libro
451 1899 512 1929 pro
538 1891 629 1929 vulg.
654 1900 826 1930 vereorque.
863 1891 946 1921 Tum
978 1891 1009 1921 iu
1038 1891 1206 1921 nonnullis
1230 1894 1411 1930 parentem:
1446 1890 1529 1919 alius
1552 1892 1713 1928 potentes.-

256 1928 376 1960 Heins.
402 1932 488 1969 conj.
514 1932 745 1963 Penates.-54
779 1933 942 1974 Plerique
968 1934 1087 1973 scripti
1111 1937 1196 1973 quat.
1223 1933 1332 1972 rapido
1355 1934 1404 1962 lit.
1436 1941 1521 1961 unus
1548 1932 1715 1971 pavido.—

256 1974 297 2001 57
324 1973 607 2014 Quantumcumque
626 1975 722 2006 Leid.
739 1980 772 2005 et
789 1980 933 2015 quatuor
950 1976 1006 2005 alii
1021 1987 1028 2005 :
1055 1976 1113 2006 sed
1130 1977 1376 2015 quandocumque
1392 1973 1460 2004 dici
1478 1973 1520 2004 de
1537 1973 1714 2005 indefinito

256 2017 410 2053 tempore
428 2026 500 2055 pro,
517 2017 709 2057 aliquando,
726 2017 842 2048 docuit
871 2022 949 2058 post
977 2018 1059 2048 alios
1085 2017 1260 2048 Bentleius
1286 2017 1327 2047 ad
1349 2017 1432 2047 Hor.
1455 2016 1597 2047 Sern1.1.
1614 2019 1646 2047 9.
1663 2019 1715 2048 33.

257 2055 369 2087 Burm.
395 2058 477 2088 Mox
490 2058 650 2089 Ciofanns
666 2065 781 2090 monet
794 2061 919 2099 placata
933 2060 1112 2099 legendum
1131 2069 1173 2089 ex
1190 2058 1322 2089 duobus
1339 2059 1381 2090 V.
1399 2063 1435 2089 et
1450 2058 1522 2089 Ma.
1541 2068 1601 2099 pro
1623 2059 1714 2099 vulg.

914 2163 1054 2193 NOTAE

300 2236 342 2263 46
364 2233 439 2274 Illa]
458 2234 598 2273 Domus,
614 2235 685 2265 scil.
702 2234 861 2275 Augusti.
1011 2241 1201 2276 potentem,
1219 2242 1321 2277 atque
1339 2238 1520 2269 dominum.

299 2285 340 2312 47
365 2282 592 2322 Superpositoe]
615 2284 778 2324 Superior
806 2295 883 2325 pars
904 2286 956 2325 ja-
1053 2290 1095 2317 56
1132 2287 1293 2326 Alamos]
1333 2288 1422 2319 Quia
1448 2287 1587 2318 alternis
1613 2287 1717 2319 hexa-

258 2341 334 2362 nuae
352 2330 529 2362 frondibus
547 2334 631 2363 lauri
661 2340 780 2365 ornata
802 2340 887 2375 erat,
903 2336 956 2365 cui
1011 2340 1121 2367 metro
1137 2342 1170 2366 et
1189 2341 1404 2376 pentametro
1422 2347 1499 2367 usus
1512 2341 1564 2367 est
1577 2337 1699 2370 Poeta.

257 2381 410 2421 subjecta
429 2392 552 2412 corona
569 2393 707 2423 querna,
734 2385 798 2414 illis
816 2384 889 2414 dari
906 2394 956 2414 so·
1063 2387 1277 2425 Intremuisse]
1317 2387 1412 2417 Istud
1451 2387 1535 2418 dicit
1574 2393 1717 2428 propter

257 2431 319 2462 lita
333 2433 389 2473 qui
406 2433 512 2463 civem
539 2439 745 2474 servassent,
769 2438 871 2474 atquc
888 2434 957 2465 ‘ci-
1012 2438 1214 2477 pentametri
1248 2437 1463 2474 brevitatem,
1503 2438 1596 2477 quasi
1626 2438 1714 2471 iuce-

257 2482 344 2513 vica'
362 2482 550 2514 dicebatur.
1012 2487 1093 2517 dere
1110 2492 1281 2517 vereatur.

300 2535 342 2563 48
367 2533 489 2572 Hujus]
514 2533 672 2572 Augusti,
1054 2540 1093 2567 57
1121 2537 1397 2577 Quandocumque]
1422 2538 1567 2569 Quando
1580 2539 1717 2578 placue-

299 2585 343 2614 49
369 2584 488 2625 Unum]
515 2586 693 2625 Nasonem,
716 2585 789 2617 scil.
1013 2587 1058 2618 rit
1086 2588 1224 2619 Caesari.
1268 2589 1346 2619 Non
1374 2588 1462 2619 enim
1491 2588 1610 2620 definit
1631 2593 1716 2622 tem-

301 2636 341 2663 51
379 2634 417 2664 In
447 2634 520 2674 quo]
555 2635 663 2676 Orbe,
692 2635 861 2677 inquiunt.
903 2637 957 2668 De
1015 2648 1088 2679 pus.

259 2682 394 2714 Nasone
411 2684 575 2723 intellige.
1058 2688 1205 2729 Furenti]
1244 2689 1382 2728 Nasoni,
1407 2689 1479 2722 scil.
1506 2689 1565 2736 qui
1594 2694 1715 2725 auctor

301 2734 341 2765 53
358 2731 486 2775 Locum]
503 2733 651 2775 Propter
665 2734 869 2779 Augustum,
885 2737 961 2783 ejus
1015 2747 1074 2772 seu
1091 2742 1190 2781 pater
1205 2737 1305 2782 hujus
1323 2738 1442 2773 libelli.
