1877 3193
1507 175 1534 215 N>

1535 177 1561 216 a:-

1564 175 1588 217 m

1592 177 1619 216 01

623 186 866 218 TRISTmM
900 187 994 219 Lm.
1026 187 1073 217 v.
1098 176 1168 217 13.

168 281 265 323 Nec
285 295 485 336 possum,
508 285 550 323 et
570 283 698 335 cupio
719 296 807 323 non
827 283 938 324 ullos
958 283 1116 325 ducere
1135 292 1305 323 versuS.

227 350 409 391 Ponitur
428 349 592 390 idcirco
613 355 766 390 noster
784 351 825 390 in
847 351 946 402 igne
964 351 1101 391 labor.

171 415 269 458 Nec
292 417 373 457 nisi
395 429 495 470 pars
516 429 623 456 casu
650 416 836 457 flammis
857 422 1021 469 erepta,
1045 418 1219 465 dolove,
1567 413 1623 453 (35

226 483 298 525 Ad
319 498 400 525 vos
420 484 578 536 ingenii
600 485 795 536 pervenit
815 485 905 523 ulla
923 484 1023 524 mei.

171 551 246 591 Sic
267 552 448 600 utinam,
476 564 575 603 quae
596 551 656 590 nil
677 554 938 590 metuentem
959 550 1046 590 tale
1066 549 1321 601 magistrum

228 618 436 667 Perdidit,
467 618 508 658 in
529 618 698 658 cineres
721 615 809 658 Ars
830 629 928 658 mea
946 629 1078 659 versa
1097 616 1221 658 soret.

170 759 227 780 non
241 750 372 780 scribere
387 751 463 780 ullos
478 760 592 781 versus.
637 750 767 791 Ideoque
778 754 881 782 noster
895 749 979 781 labor
991 749 1131 788 injicitur
1144 749 1177 778 z'n
1192 748 1307 786 ignem.
1353 747 1460 786 Neque
1472 756 1546 787 pars
1562 748 1625 778 ulla

172 792 287 830 ingenii
302 793 361 822 mei
376 793 435 822 nisi
450 793 609 823 subtracta
624 793 693 832 igni
710 794 844 831 fortuna
859 796 912 823 aut
936 795 1003 822 arte
1018 793 1056 822 ad
1079 801 1130 821 vos
1145 790 1273 821 accedit.
1323 789 1452 821 Utinam
1468 793 1532 821 Ars
1546 800 1624 831 mea,

170 845 235 874 quoe
246 835 386 876 prodidit
401 836 557 866 dominum
572 836 651 866 nihil
665 836 764 867 simile
779 836 949 874 timentem,
967 838 1044 866 esset
1060 837 1180 865 mutata
1196 834 1227 864 in
1234 832 1377 870 favilla&

783 918 1014 929 ‘nme-‘me

171 976 341 1005 caum—63
365 973 543 1004 Distichou
560 972 746 1012 inficetum,
762 983 825 1004 nec
843 975 1065 1013 Nasonianae,
1089 972 1213 1014 siquid
1237 971 1350 1011 video,
1378 981 1483 1003 venae.
1512 971 1625 1003 Heius.

171 1018 250 1047 Non
269 1016 402 1056 quidem
421 1017 483 1046 hoc
508 1016 676 1047 distichon
694 1017 828 1047 accedit
844 1017 886 1047 ad
903 1017 1047 1047 nitorem
1079 1016 1171 1046 illum
1196 1025 1294 1056 quem
1319 1016 1351 1045 in
1369 1013 1538 1045 amatoriis
1555 1024 1627 1044 ver-

173 1059 261 1090 sibus
278 1058 421 1089 Ovidius
440 1058 642 1089 exhibebat:
668 1059 728 1089 sed
746 1069 819 1090 cum
838 1061 936 1099 plura
953 1059 1070 1089 similis
1086 1064 1176 1089 nota·
1203 1058 1269 1088 sint
1290 1058 1323 1087 in
1343 1057 1394 1087 his
1412 1056 1519 1095 libris,
1548 1056 1627 1087 scri-

172 1101 303 1139 berem,
328 1102 394 1131 Nec
408 1110 540 1139 possum,
565 1104 600 1131 ut
617 1101 717 1141 cupio,
741 1103 846 1132 molles
861 1103 1006 1132 deducere
1022 1111 1142 1131 versus.-
1166 1110 1242 1130 nam
1261 1101 1293 1129 in
1318 1099 1519 1139 quibusdam
1537 1098 1628 1129 codi-

173 1143 268 1174 cibus
284 1147 348 1181 est,
369 1153 427 1173 non
443 1143 551 1174 nullos.
596 1144 719 1174 Posset
735 1149 782 1182 et,
803 1154 862 1174 non
878 1145 989 1174 multos
1001 1145 1109 1173 ducere
1124 1152 1249 1177 tersus,-
1271 1147 1308 1172 ut
1324 1150 1478 1180 magnam
1494 1141 1628 1180 copiam

174 1196 209 1216 se
226 1186 279 1216 vel
297 1185 438 1215 invitum
455 1184 630 1216 effundere
655 1195 812 1216 versuum
830 1186 941 1223 dicat;
955 1185 1059 1223 „unde
1076 1184 1214 1222 accidit,
1239 1188 1274 1213 ut
1290 1193 1368 1222 pars
1384 1192 1464 1213 casu
1481 1183 1534 1212 vel
1548 1183 1628 1212 dolo

172 1228 314 1259 flammis
331 1228 505 1264 eripiatur.
532 1228 647 1258 Dicere
663 1228 765 1258 etiam
784 1228 911 1257 Moreti
926 1238 932 1257 :
949 1231 1037 1256 nter-e
1051 1236 1155 1256 versus
1170 1225 1325 1255 Leidens.
1341 1225 1431 1265 quod
1447 1224 1529 1264 quid
1546 1224 1631 1255 velit

173 1270 298 1301 nescio.
342 1270 351 1285 ‘
369 1270 504 1299 Ducere
521 1269 670 1298 carmen’
696 1269 797 1299 etiam
816 1268 903 1298 dixit
922 1278 964 1299 ex
989 1269 1090 1299 Pont.
1108 1278 1131 1299 1.
1148 1272 1177 1298 5.
1193 1270 1224 1298 7.
1242 1267 1298 1297 ubi
1315 1272 1349 1297 et
1367 1276 1453 1297 verS.
1471 1269 1520 1297 13.
1545 1268 1553 1283 ‘
1571 1267 1631 1297 de-

174 1313 299 1343 ducere
318 1310 475 1340 versum!
518 1311 605 1340 Vide
622 1311 761 1342 Salmas.
793 1311 835 1341 ad
863 1311 1009 1341 Simmiae
1038 1320 1137 1341 ovum
1165 1319 1240 1349 pag.
1268 1312 1340 1340 166.
1365 1310 1563 1340 Burm.—65
1589 1309 1629 1339 Iu

172 1352 336 1384 nonnullis
364 1357 437 1383 erat
464 1352 550 1382 Hinc
575 1363 637 1392 pro
663 1354 751 1390 Nec;
774 1358 809 1385 et
833 1363 905 1395 seq.
930 1363 977 1386 vs,
1002 1354 1108 1393 ingen.
1134 1363 1196 1383 non
1218 1352 1302 1383 venit
1326 1353 1381 1383 ull.
1415 1351 1496 1383 Jun.
1524 1351 1630 1382 habet

163 1397 285 1437 flamm.
300 1395 458 1426 subtracta
473 1396 587 1427 dolove.

832 1450 971 1481 NOTAE

215 1528 255 1556 63
281 1525 348 1555 Nec
370 1523 504 1563 possum]
541 1523 617 1554 Non
646 1524 813 1554 immerito
841 1525 874 1554 in
972 1527 1011 1553 023
1039 1524 1121 1554 Pars
1144 1521 1278 1561 ingenii]
1313 1521 1380 1551 Pro
1407 1520 1559 1551 versibus
1584 1521 1629 1550 ‘m-

176 1575 307 1615 spurios
338 1574 457 1614 rejecit
489 1573 570 1604 istos
602 1582 716 1604 versus
747 1574 876 1604 clariss.
931 1574 1028 1614 genio
1046 1573 1205 1603 exaratis.
1228 1572 1419 1610 Metouym.

176 1626 348 1657 Heinsius.
973 1627 1014 1654 (55
1039 1622 1117 1663 Ars]
1144 1621 1455 1660 Aiuaudi‚scilicei.

641 1944 964 1993 ELEGIA
1020 1943 1175 1990 Xln.

724 2109 753 2140 A
760 2109 819 2140 RG
827 2108 897 2139 UM
903 2107 961 2139 EN
968 2107 1081 2138 TUM.

178 2206 333 2238 Amcum
358 2208 512 2237 hortatur
527 2211 576 2242 ut,
601 2205 874 2247 quandoquidem
890 2204 1013 2235 amoris
1030 2203 1137 2234 multa
1153 2202 1230 2233 olim
1248 2202 1390 2243 pignora
1401 2202 1464 2233 sibi
1487 2201 1634 2239 dederit,

221 2269 310 2290 nuuc
336 2259 447 2290 verbis
471 2267 506 2290 et
521 2259 629 2289 literis
645 2268 687 2289 ne
710 2261 839 2299 parcat.
884 2257 983 2290 Quod
1007 2256 1035 2288 si
1060 2255 1262 2297 emendarit,
1285 2255 1371 2287 dicit
1396 2256 1478 2297 nihil
1505 2255 1546 2287 ab
1563 2256 1634 2295 ejus

220 2313 370 2344 amicitia
386 2312 527 2353 ampiius
544 2311 807 2344 desiderandum
824 2321 911 2343 esse.

182 2414 350 2470 HANc
372 2435 473 2472 tuus
495 2444 518 2471 e
540 2430 699 2472 Getico
718 2431 851 2472 mittit
871 2431 951 2472 tibi
974 2430 1101 2471 Naso
1121 2429 1304 2471 salutem
1324 2441 1333 2468 ε

241 2496 414 2538 Mittere
432 2511 523 2539 rem
543 2499 582 2539 si
603 2500 719 2552 quis,
743 2512 831 2552 qua
851 2502 967 2540 carot
986 2499 1096 2551 ipse,
1117 2499 1277 2550 potest.

227 2604 313 2635 Naso
328 2607 398 2634 tuus
411 2605 509 2636 mittit
524 2607 583 2637 tibi
597 2618 612 2638 e
627 2608 732 2639 littore
750 2608 860 2639 Getico
874 2610 951 2639 hanc
967 2609 1108 2645 salutem,
1122 2603 1149 2633 si
1164 2602 1232 2642 quis
1244 2602 1343 2641 potest
1360 2599 1485 2630 mittere
1500 2608 1564 2630 rem
1577 2609 1637 2640 qua

230 2744 245 2771 1
273 2741 361 2772 Dau.
385 2739 506 2773 Heius.
533 2740 581 2773 ita
607 2741 776 2775 distichon
793 2742 972 2785 iogendiuu
990 2745 1089 2782 putat
1107 2739 1201 2770 Hanc
1216 2741 1241 2770 t.
1259 2748 1274 2770 e
1292 2738 1333 2771 G.
1349 2748 1389 2768 m.
1402 2741 1426 2770 t.
1442 2738 1485 2770 N.
1501 2737 1635 2769 libeltum
