1863 3193
628 171 870 203 'ruis'rluM
905 172 997 202 Lm,
1030 172 1082 202 11.
1472 163 1586 204 2275

129 265 330 323 Cumque
352 268 427 309 alii
447 279 582 309 causa
601 266 679 307 tibi
698 268 783 309 sint
803 268 997 320 graviore
1015 266 1169 320 fugati,

187 333 379 377 Ulterior
396 334 517 383 nulli,
541 347 672 386 quam
693 334 815 383 mihi,
838 339 949 375 terra
969 334 1072 375 data
1092 337 1173 374 est.

132 400 325 454 Longius
346 402 428 442 hac
449 400 555 441 nihil
576 403 658 448 est,
679 400 767 439 nisi
785 404 953 441 tantum
974 401 1112 452 frigus
1134 404 1177 441 et
1194 397 1361 449 hostis3
1501 397 1587 438 195

187 468 245 509 Et
265 469 396 513 maris
417 467 598 508 astricto
619 479 716 519 quae
741 467 829 507 coit
846 466 967 507 unda
988 467 1099 519 gelu.

133 534 358 576 Hactenus
380 534 544 575 Euxini
565 546 669 588 pars
687 538 755 573 est
774 533 981 575 Romana
1001 533 1162 574 sinistri
1179 547 1188 573 :

188 602 399 643 Proxima
418 602 644 643 Basternae
667 602 1026 656 Sauromataeque
1046 604 1206 642 tenent.

132 667 180 709 H
183 681 246 710 aec
267 674 335 709 est
354 668 558 712 Ausonio
581 670 662 710 sub
676 669 776 722 jure
796 669 1053 718 novissima,
1074 669 1241 720 vixque

188 734 350 775 Haeret
372 737 414 776 in
436 736 609 790 imperii
629 736 824 789 margine
846 740 961 775 terra
983 735 1062 775 tui.
1503 733 1588 774 200

137 799 260 842 Unde
281 815 438 854 precor
459 803 649 856 supplex
668 807 718 843 ut
737 815 816 843 nos
837 802 883 842 in
904 805 1000 843 tuta
1018 801 1184 853 releges
1201 814 1211 842 :

187 867 258 908 Ne
279 869 337 909 sit
358 882 457 909 cum
479 869 619 922 patria
638 882 730 920 pax
751 882 928 920 quoque
949 869 1094 908 demta
1114 868 1219 908 mihi
1237 881 1247 908 t

132 934 203 974 Ne
223 936 397 976 timeam
418 942 581 988 gentes,
605 947 716 987 quas
736 947 824 974 non
845 935 958 975 bene
981 935 1214 975 submovet
1231 934 1367 975 Ister:

189 1002 314 1043 Neve
337 1006 438 1043 tuus
458 1002 628 1056 possim
649 1002 760 1042 civis
783 1003 837 1042 ab
858 1002 981 1042 hoste
1004 1001 1120 1054 capi.

133 1068 219 1110 Fas
236 1070 439 1122 prohibet
460 1070 590 1109 Latio
612 1082 860 1122 quenquam
882 1068 936 1109 de
956 1067 1166 1119 sanguine
1187 1070 1352 1115 natum,
1504 1066 1589 1107 200

190 1135 444 1176 Caesaribus
467 1136 619 1184 salvis,
638 1135 826 1174 barbara
847 1133 994 1173 vincla
1013 1133 1123 1185 pati.

135 1202 404 1242 Perdiderint
426 1214 525 1241 cum
547 1214 615 1240 me
635 1200 721 1240 duo
743 1199 936 1247 crimina,
961 1212 1136 1239 carmen
1156 1202 1198 1239 et
1218 1211 1358 1249 error3

190 1268 384 1308 Alterius
405 1267 514 1306 facti
537 1266 669 1319 culpa
690 1265 859 1306 silenda
877 1265 997 1306 mihi.
1270 1255 1275 1258 ”

131 1391 221 1413 causa
236 1380 361 1421 majore,
375 1381 453 1412 nulli
469 1381 558 1411 tellus
573 1381 734 1420 assignata
750 1384 794 1411 est
810 1381 957 1411 remotior
971 1390 1062 1421 quam
1075 1380 1164 1410 mihi.
1211 1379 1304 1410 Nihil
1319 1383 1364 1410 est
1380 1380 1510 1412 ulterius
1523 1381 1592 1420 hac,

129 1435 219 1464 quam
233 1423 343 1462 frigus
358 1427 480 1454 tantum
497 1427 526 1454 ec
541 1423 647 1463 hostis,
662 1426 692 1453 et
714 1433 793 1463 aqua
809 1433 876 1463 quae
891 1423 1058 1454 concrescit
1070 1423 1171 1461 glacie
1187 1422 1297 1463 firma.
1345 1423 1506 1454 Hactenus
1517 1434 1592 1464 pars

129 1467 251 1498 sinistri
277 1466 399 1496 Euxini
413 1469 457 1496 est
474 1466 625 1496 Romana.
672 1466 837 1496 Basternoe
851 1469 881 1496 et
897 1466 1054 1496 Sarmata>
1069 1466 1181 1495 habent
1193 1465 1349 1504 proxima.
1397 1465 1476 1495 Hoec
1502 1468 1592 1497 tellus

131 1513 176 1540 est
191 1509 302 1540 ultima
325 1508 377 1538 sub
403 1509 520 1539 ditione
542 1508 637 1546 Itala,
663 1508 775 1547 vixque
791 1511 837 1538 est
852 1508 886 1538 in
902 1512 1040 1539 extrema
1056 1518 1109 1537 ora
1126 1507 1173 1537 tnz'
1188 1507 1320 1546 imperii.
1370 1508 1457 1538 Unde
1472 1519 1524 1538 oro
1539 1510 1593 1538 hu·

133 1552 215 1583 milis
236 1555 271 1582 ut
287 1560 340 1581 nos
355 1551 530 1581 submoveas
551 1551 585 1580 in
600 1551 663 1580 loca
679 1553 769 1580 tuta:
791 1560 829 1580 ne
851 1560 918 1590 pax
941 1550 982 1580 sit
1007 1550 1084 1580 mihi
1107 1550 1228 1579 sublata
1253 1551 1347 1579 etiam
1374 1559 1440 1579 cum
1462 1551 1591 1589 patria:

130 1605 167 1625 ne
182 1597 314 1625 metuam
330 1595 477 1631 nationes,
501 1603 576 1633 quas
592 1593 756 1623 Danubius
771 1603 831 1623 non
846 1594 925 1623 sutis
939 1596 1024 1623 arcet
1038 1603 1048 1628 ‚·
1072 1602 1143 1622 neve
1158 1595 1230 1621 tuus
1252 1591 1328 1621 civis
1342 1592 1454 1630 possim
1470 1593 1538 1622 tolli
1554 1592 1591 1623 ab

133 1637 228 1667 hoste.
268 1637 331 1667 Fas
356 1639 441 1666 vetat
457 1645 626 1676 quenquam
641 1638 743 1665 ortum
765 1645 804 1665 ex
824 1635 974 1673 sanguine
998 1635 1112 1665 Latino
1119 1634 1210 1671 ferre
1226 1637 1349 1663 catenus
1366 1634 1510 1665 barbaras
1526 1635 1595 1664 Coe·

133 1678 252 1709 saribus
279 1678 488 1709 incolumibus.
537 1679 615 1708 Cum
641 1679 699 1708 duo
718 1680 845 1718 peccata
862 1688 909 1708 me
921 1678 1129 1717 prodiderint,
1146 1686 1260 1715 versus,
1278 1676 1422 1716 scilicet,
1439 1680 1469 1707 et
1484 1686 1593 1714 error,-

752 1761 984 1773 'Metam‘

136 1816 220 1847 Lov.
236 1816 509 1855 vitreoque—191
536 1818 605 1848 Pro
624 1818 730 1849 Colchi
746 1819 881 1849 Merula
894 1816 1073 1857 legendum
1091 1817 1190 1855 putat
1209 1814 1418 1844 Corsi.—193
1436 1813 1478 1845 P.
1498 1814 1597 1854 alter,

136 1859 217 1890 Jun.
235 1863 270 1888 et
287 1860 368 1888 alius
384 1859 448 1888 sint
465 1859 778 1896 melioresug.——l95
804 1861 844 1890 In
864 1859 1046 1890 veterrimo
1065 1857 1147 1888 eod.
1179 1857 1345 1894 Excerpt.
1360 1856 1457 1885 Voss.
1483 1862 1517 1886 et
1541 1866 1593 1895 pr.

137 1900 202 1931 Ed.
230 1901 286 1931 hac
301 1901 380 1930 nihil
395 1904 440 1930 est
457 1904 542 1930 terra
557 1900 710 1939 nisifrig.
736 1903 796 1933 Pr.
824 1902 898 1932 Pol.
914 1902 970 1931 huc
985 1905 1071 1931 terra,
1085 1899 1164 1929 nihil
1191 1901 1235 1928 est
1260 1897 1320 1927 nisi
1337 1897 1422 1935 frig.
1449 1898 1509 1927 Re.
1532 1898 1593 1927 nisi

137 1946 258 1974 tantum
273 1946 384 1982 pontus
399 1946 427 1973 et
444 1942 563 1972 hostes:
588 1942 684 1972 Leid.
701 1944 804 1973 etiam
821 1944 879 1973 dat
896 1947 924 1973 el
942 1943 1160 1972 hostes.-—197
1184 1941 1264 1972 Jun.
1281 1942 1325 1968 est
1349 1943 1402 1968 lua
1422 1939 1517 1969 Roma
1536 1939 1595 1971 sin.

139 1985 229 2026 quod
248 1990 282 2016 et
299 1986 413 2015 Burm.
432 1985 829 2015 arridet.-—198P.alter
845 1989 879 2015 et
896 1986 978 2014 Lov.
998 1985 1095 2013 I’rooe.
1110 1981 1249 2011 Bistonii
1262 1980 1295 2010 S.
1312 1980 1397 2009 Turn
1410 1980 1498 2010 idem
1513 1981 1595 2012 Lov.

135 2031 246 2068 petunt
258 2038 317 2066 pro
331 2030 553 2058 tenena—200
568 2026 678 2056 Iloeret
692 2027 860 2062 meliores⁷
871 2030 957 2057 teste
970 2025 1088 2055 Heius.
1098 2023 1205 2053 ceteri
1221 2022 1334 2052 Haesit.
1350 2023 1432 2051 Mox
1445 2026 1597 2062 proterra

139 2071 222 2101 Lov.
234 2076 267 2100 et
281 2077 347 2099 tres
359 2071 412 2100 alii
427 2071 640 2100 nomm—202
653 2069 769 2099 Demta
780 2079 821 2099 ex
834 2069 964 2098 duobus
978 2071 1061 2096 vett.
1074 2066 1192 2095 Heius,
1205 2063 1347 2103 profert,
1358 2066 1450 2104 quasi
1464 2065 1596 2096 mollius

141 2122 240 2153 quam
252 2113 339 2149 vulg.
351 2114 591 2142 numum-³203
604 2111 790 2142 UnusCod.
805 2112 877 2142 Non
892 2111 960 2140 tim.
975 2110 1058 2138 'rum
1072 2108 1158 2137 Mor.
1168 2110 1291 2145 gentem
1305 2116 1404 2145 quam.
1420 2107 1501 2137 Mox
1515 2107 1596 2139 Jun.

140 2155 208 2185 ben.
223 2157 352 2186 sustinet
367 2155 503 2185 1.-204
518 2155 599 2184 'rr-es
619 2154 692 2183 libri
710 2155 796 2184 miles
812 2163 873 2193 pro
889 2153 1082 2182 civim—205
1101 2150 1196 2179 Unus
1208 2148 1294 2179 liber
1309 2149 1346 2178 (le
1360 2149 1473 2179 semine
1485 2153 1597 2180 nat.—

139 2199 204 2228 206
241 2198 317 2228 Pol.
354 2197 475 2227 vincula
501 2206 582 2227 soeta
614 2199 682 2236 put.
714 2196 831 2227 Burni.
861 2195 949 2235 conj.
973 2194 1180 2224 serven—209
1205 2191 1291 2222 Nam
1321 2190 1404 2221 tanti
1433 2201 1493 2222 uon
1517 2201 1595 2232 sum,

802 2290 942 2321 NOTAE.

186 2369 248 2397 198
271 2364 450 2404 Basternoe]
468 2365 589 2404 Populi
603 2364 741 2395 fuerunt
755 2365 843 2395 ultra
897 2374 1002 2395 manae
1017 2362 1185 2403 superbiae
1203 2361 1394 2392 videbatur.

145 2415 353 2454 Danubium,
380 2426 463 2456 quos
491 2415 669 2445 Germanis
699 2425 739 2445 an
767 2415 842 2445 Sar·
940 2417 1001 2444 207
1028 2412 1175 2452 Carmen]
1203 2412 1322 2442 Libros
1339 2411 1423 2442 dicit
1436 2410 1477 2441 de
1495 2409 1597 2440 Amo·

145 2466 243 2496 matis
255 2466 402 2496 ascribat
419 2466 552 2496 dubitat
565 2465 713 2495 Tacitus.
736 2471 739 2473 ’
900 2465 990 2495 ribus
1007 2469 1041 2495 et
1057 2464 1142 2494 Arte
1160 2463 1303 2493 amandi.

191 2513 397 2556 Sauromatae]
444 2516 490 2547 Hi
525 2515 565 2546 ad
595 2516 844 2555 Borysthenem
945 2514 1058 2553 Error]
1095 2511 1327 2552 Imprudentia
1354 2514 1388 2540 et
1415 2518 1524 2548 casus,
1554 2509 1597 2539 de

149 2566 299 2603 porrecti
315 2572 425 2597 erant.
901 2575 966 2605 quo
979 2565 1050 2604 janu
1068 2563 1199 2601 sai-pius.

192 2615 255 2644 203
279 2615 373 2655 Ister]
395 2617 460 2648 Qui
485 2617 549 2646 alio
566 2616 700 2646 nomine
722 2616 846 2646 dicitur
944 2618 1006 2644 2οὸ
1033 2613 1146 2651 culpa]
1169 2611 1343 2650 Cogitavit
1360 2609 1538 2650 aliquando
1556 2609 1598 2640 de

151 2662 349 2694 Danubius:
374 2664 415 2693 de
431 2675 496 2704 quo
508 2666 579 2705 jani
596 2675 709 2705 supra.
903 2665 1055 2704 Agrippa
1079 2666 1204 2700 nepote
1229 2661 1270 2691 ab
1291 2660 1392 2690 exilio
1408 2659 1600 2690 revocando

195 2716 257 2744 205
282 2713 346 2745 Fas
368 2713 524 2754 prohibet]
552 2716 600 2746 Ut
624 2715 759 2756 quidem
784 2716 849 2747 Ro·
903 2714 1092 2755 Augustus,
1113 2721 1223 2753 neque
1250 2711 1322 2752 ejus
1347 2710 1396 2741 rei
1426 2709 1599 2741 conscium
