1877 3193
211 179 326 224 2568
695 192 739 224 P.
771 190 929 222 ovmu
965 188 1177 220 NAsoms

211 286 331 328 Tuta
350 290 501 340 petant
520 288 607 329 alii.
653 287 849 329 Fortuna
866 285 1105 327 miserrima
1124 288 1221 327 tuta
1240 288 1329 329 est:

267 353 388 394 Nam
409 355 535 396 timor
554 359 732 396 eventus
754 353 986 395 deterioris
1008 354 1149 395 abest.

210 418 320 474 [Qui
340 422 506 474 rapitur
525 422 644 472 fatis,
667 422 773 475 quid
794 425 955 474 praeter
975 420 1068 461 fata
1086 420 1305 474 requirat?

268 487 400 541 Saepe
420 493 536 529 creat
555 489 710 529 molles
729 500 885 541 aspera
906 488 1034 540 spina
1054 486 1211 537 rosas]

212 552 305 604 Qui
323 557 486 608 rapitur
507 560 735 609 spumante
756 555 867 604 salo,
890 568 970 595 sua
989 554 1172 595 brachia
1192 553 1310 594 cauti
1605 552 1663 594 35

267 620 471 673 Porrigit,
494 627 538 663 et
554 623 702 674 spinas
722 622 914 674 duraque
935 634 1044 661 saxa
1065 621 1198 674 capit.

209 685 479 740 Accipitrem
500 692 695 728 metuens
715 688 870 740 pennis
892 687 1212 740 trepidantibus
1232 688 1326 729 ales

266 752 414 795 Audet
435 755 489 795 ad
508 755 723 794 humanos
743 753 864 793 sessa
884 753 1031 794 venire
1050 754 1184 794 sinus.

211 818 312 861 Nec
332 833 379 860 se
397 821 542 861 vicino
563 821 738 861 dubitat
759 820 1023 860 committere
1044 822 1173 868 tecto,

268 885 382 935 Quae
403 886 514 939 sugit
533 887 715 927 infestas
737 887 891 926 territa
913 898 1042 926 cerva
1062 898 1212 927 canes.
1607 887 1662 928 40

211 951 297 1001 Da,
315 965 485 1006 precor,
508 966 737 994 aceessum
758 953 982 1007 lacrymis,
1005 952 1249 1003 mitissime,
1269 953 1455 995 nostris:

268 1018 365 1060 Nec
388 1019 550 1061 timidis
569 1021 755 1074 rigidam
775 1020 961 1062 vocibus
983 1020 1098 1061 obde
1118 1020 1264 1060 forem.

209 1084 449 1140 Verbaque
468 1093 621 1128 nostra
640 1087 795 1130 favens
819 1087 1022 1128 Romana
1042 1086 1098 1128 ad
1119 1086 1315 1128 Numina
1334 1087 1490 1142 perfer,

267 1150 371 1192 Non
390 1153 469 1194 tibi
489 1153 680 1206 Tarpeio
699 1155 816 1195 culta
835 1154 1031 1194 Tonante
1049 1154 1208 1194 minus.

210 1216 500 1273 Mandatique
526 1221 613 1260 mei
633 1221 806 1273 legatus
827 1222 1000 1273 suscipe
1023 1234 1202 1262 causam
1222 1235 1231 1261 :
1608 1219 1664 1261 45

267 1284 409 1327 Nulla
428 1299 526 1327 meo
548 1288 747 1340 quamvis
767 1287 938 1328 nomine
960 1299 1099 1327 causa
1117 1287 1232 1327 bona
1251 1291 1329 1328 est.

209 1447 278 1467 rum
290 1438 378 1468 navis
393 1447 459 1468 mea
474 1447 533 1468 non
548 1438 649 1468 currit
664 1447 719 1477 per·
732 1448 827 1477 aquas
842 1438 972 1477 quietas.
1016 1437 1083 1468 Alii
1097 1440 1264 1477 sequantur
1276 1440 1355 1468 tuta.
1402 1436 1541 1467 Fortuna
1556 1435 1663 1466 miser-

208 1479 288 1509 rima
301 1482 347 1509 est
361 1483 430 1510 tuta
442 1490 452 1509 .·
475 1489 602 1520 namque
617 1481 718 1510 nultus
732 1483 776 1510 est
793 1483 891 1509 metus
911 1479 1024 1518 pejoris
1039 1483 1173 1509 eventus.
1221 1479 1284 1514 Qui
1300 1479 1493 1509 abstrahitur
1500 1478 1595 1518 satis,
1611 1488 1663 1509 cu-

208 1521 258 1553 ius
270 1530 355 1560 opem
366 1525 473 1561 poscat
483 1521 640 1559 nisisati‘!
662 1531 743 1561 saepe
753 1521 841 1561 spina
855 1530 935 1550 soeva
948 1520 1057 1559 gignit
1073 1524 1194 1551 teneras
1209 1529 1304 1550 rosas.
1350 1520 1413 1554 Qui
1428 1520 1567 1557 aufertur
1582 1520 1663 1551 mari

208 1573 346 1602 spumoso
363 1564 463 1595 tendit
474 1574 544 1595 suos
554 1565 683 1594 lacertos
697 1563 780 1603 rupi,
794 1566 824 1593 et
833 1563 997 1602 prehendit
1008 1561 1125 1602 spinas,
1138 1566 1168 1593 et
1181 1571 1259 1592 saxa
1271 1571 1390 1601 aspera.
1436 1562 1513 1592 Avis
1529 1565 1663 1594 metuens

208 1605 386 1645 accipitrem
399 1607 507 1646 pennis
523 1605 733 1645 trementibus,
748 1607 828 1636 lassa
846 1615 905 1636 non
920 1604 1103 1643 reformidat
1119 1604 1224 1635 venire
1241 1606 1281 1635 ad
1295 1604 1382 1635 sinus
1400 1604 1556 1635 humanos.
1599 1604 1665 1635 Ne-

209 1658 264 1687 que
279 1658 369 1679 cerva
383 1652 516 1679 tremens
530 1659 597 1689 quae
610 1649 692 1679 vitat
704 1658 793 1679 canes
806 1657 902 1678 saevos
915 1651 1038 1678 veretur
1054 1657 1087 1678 se
1102 1648 1223 1678 credere
1236 1647 1339 1678 domui
1347 1647 1509 1687 proximae.
1540 1645 1662 1685 Praebe,

212 1700 325 1729 quaeso,
337 1690 504 1729 lenissime,
518 1692 638 1722 aditum
652 1691 766 1721 nostris
779 1690 911 1731 fletibus
922 1701 934 1727 ;
957 1700 1051 1730 neque
1065 1690 1186 1720 occlude
1192 1689 1323 1726 januam
1336 1699 1449 1720 soevam
1463 1688 1563 1720 verbis
1574 1689 1664 1729 pavi·

209 1733 270 1763 «lis.
313 1733 356 1763 Et
373 1743 476 1773 oequus
488 1733 591 1774 perfer
605 1737 724 1764 nostros
737 1742 888 1764 sermones
903 1734 942 1763 ad
957 1733 1043 1763 Deos
1059 1732 1226 1772 Romanos,
1239 1732 1299 1762 tibi
1313 1742 1373 1762 non
1389 1732 1488 1762 minus
1502 1731 1666 1761 honoratos

209 1777 335 1806 tonante
353 1775 494 1816 Tarpeia
537 1776 639 1817 Atque
653 1779 759 1807 orator
767 1777 918 1816 praecepti
929 1776 989 1806 mai
1003 1776 1133 1806 admitte
1147 1784 1270 1806 causam
1280 1785 1292 1813 ;
1316 1774 1440 1806 tametsi
1449 1783 1540 1805 causa
1554 1783 1664 1814 nequa-

824 1864 1056 1876 “amem

211 1930 286 1962 dam
313 1931 449 1972 scriptis
475 1934 560 1963 tuta.-
585 1932 676 1972 vulg.
701 1933 904 1963 nasta—32
927 1930 982 1962 Sa.
1004 1930 1072 1962 tim.
1097 1933 1227 1962 eventu:
1261 1930 1384 1961 Heius.
1409 1929 1494 1970 conj.
1509 1929 1665 1960 eventi.—

209 1976 250 2004 33
275 1973 315 2005 In
346 1984 411 2005 uno
440 1973 528 2005 libro
557 1975 670 2014 ventis,
695 1975 769 2015 quid
800 1976 918 2014 proeter
942 1973 1018 2010 sata
1051 1973 1292 2013 relinquit—35
1318 1972 1465 2006 Quidam
1487 1971 1576 2010 freto
1601 1981 1663 2013 pro

210 2017 297 2052 rullo,-
319 2017 403 2047 etin
421 2026 484 2047 uno
501 2017 585 2049 Cod.
612 2017 737 2048 brachia
759 2017 862 2054 nanti,
893 2019 930 2047 et
954 2016 1087 2046 Ber-sm.
1113 2016 1177 2046 Ed.
1199 2015 1398 2055 campi.—36
1419 2014 1488 2045 Alii
1517 2014 1610 2046 Porr.
1625 2015 1666 2045 ad

207 2059 287 2096 spin.
305 2057 365 2089 sed
391 2060 453 2089 hoc
470 2063 504 2090 et
523 2059 721 2099 praecedens
748 2059 917 2090 distichon
940 2056 1146 2098 superfluum
1170 2062 1204 2089 et
1220 2057 1406 2089 tollendum
1423 2060 1542 2088 censet
1557 2056 1666 2088 Hein-

211 2099 376 2131 sius.—-37
400 2101 562 2132 Nonnulli
589 2102 696 2133 Codd.
722 2102 974 2141 Accipitremque
992 2101 1103 2132 timens
1124 2103 1303 2140 mmm—38
1326 2100 1378 2131 Ad
1401 2109 1444 2130 ex
1460 2099 1598 2138 scriptis
1614 2108 1666 2130 re-

211 2142 324 2180 posuit
341 2142 462 2173 Heins.
480 2152 541 2181 pro
567 2144 659 2182 vulg.
673 2144 803 2174 ivn—40
827 2144 869 2173 P.
899 2144 977 2173 Cum
994 2142 1070 2180 sug.
1097 2147 1133 2173 et
1160 2142 1215 2173 alii
1245 2142 1373 2180 infestos
1399 2144 1559 2172 term—42
1582 2140 1666 2172 Mss.

211 2183 340 2213 Barthii
357 2184 422 2214 Nec
439 2184 566 2214 totidem
581 2185 647 2215 tim.
674 2185 764 2215 unde
789 2185 845 2214 ille
863 2187 970 2215 totam.
1015 2184 1151 2214 Deinde
1168 2188 1251 2214 vett.
1267 2184 1414 2224 quinque
1427 2183 1495 2212 obd.
1510 2191 1665 2212 seram.—

210 2227 251 2256 43
276 2225 358 2258 Jun.
374 2229 409 2256 et
430 2225 497 2256 duo
513 2226 569 2256 alii
585 2225 696 2263 fovens
710 2236 772 2266 pro
781 2225 903 2264 favens.
919 2226 959 2256 R.
978 2225 1079 2256 etiam
1098 2226 1142 2256 Ν.
1155 2224 1360 2264 proser.-47
1386 2223 1547 2255 Nonnulli
1561 2231 1663 2266 server

864 2347 1003 2380 NOTAE

253 2434 293 2463 31
321 2431 416 2472 Tuta]
441 2432 504 2464 Est
529 2442 621 2475 sane,
635 2433 800 2475 siquidem
826 2432 908 2464 nihil
963 2430 1211 2462 calamitatibus
1253 2429 1427 2461 laetissima
1463 2428 1663 2471 quandoque

211 2482 309 2523 pejus
325 2482 430 2523 possit
445 2483 620 2515 accedere.
965 2485 1166 2521 exsurgunt.
1218 2481 1438 2520 Tempestate
1469 2479 1502 2510 in
1528 2483 1663 2520 portum

254 2536 294 2564 33
331 2533 415 2569 Quid
439 2534 569 2575 praeter]
603 2534 703 2566 Istud
730 2533 911 2574 signifieat,
965 2540 1201 2571 nonnunquam
1219 2539 1320 2560 naves
1338 2529 1567 2570 impelluntur.

211 2582 374 2623 siquidem
391 2585 473 2615 satis
496 2584 685 2625 abripiatur
700 2593 761 2625 per
776 2583 861 2623 fata,
875 2586 911 2614 et
1007 2583 1047 2612 43
1072 2580 1226 2619 Romana]
1251 2579 1439 2619 Augustum
1454 2583 1489 2610 et
1504 2578 1642 2610 liberos.

213 2632 309 2671 quasi
333 2634 403 2664 sine
427 2634 581 2675 consilio,
606 2634 671 2666 sibi
698 2634 810 2666 omnia
835 2642 910 2665 esse
1007 2632 1047 2661 44
1074 2629 1220 2669 Tarpeio]
1243 2629 1329 2660 Jove
1346 2628 1548 2668 Capitolino.

213 2681 390 2711 tentanda.
1006 2682 1048 2711 46
1062 2679 1209 2720 Nomine]
1226 2678 1326 2713 Quod
1339 2678 1494 2721 Augusto
1504 2676 1661 2710 invisum.

256 2732 297 2762 34
331 2730 442 2772 Creat]
474 2731 589 2775 Atque
615 2733 700 2765 adeo
722 2742 765 2764 ex
791 2731 909 2766 mediis
