<?xml version="1.0" encoding="UTF-8"?>
<!DOCTYPE html PUBLIC "-//W3C//DTD XHTML 1.0 Transitional//EN"
    "http://www.w3.org/TR/xhtml1/DTD/xhtml1-transitional.dtd">
<html xmlns="http://www.w3.org/1999/xhtml" xml:lang="en" lang="en">
 <head>
  <title>
</title>
<meta http-equiv="Content-Type" content="text/html;charset=utf-8" />
  <meta name='ocr-system' content='tesseract 3.04.00' />
  <meta name='ocr-capabilities' content='ocr_page ocr_carea ocr_par ocr_line ocrx_word'/>
</head>
<body>
  <div class='ocr_page' id='page_1' title='image "./operaomniaexedit05oviduoft/operaomniaexedit05oviduoft_0493.png"; bbox 0 0 1877 3193; ppageno 0'>
   <div class='ocr_carea' id='block_1_1' title="bbox 535 163 1623 206">
    <p class='ocr_par' dir='ltr' id='par_1_1' title="bbox 535 163 1623 206">
     <span class='ocr_line' id='line_1_1' title="bbox 535 163 1623 206; baseline 0.005 -5"><span class='ocrx_word' id='word_1_1' title='bbox 535 172 683 203; x_wconf 65' lang='lat' dir='ltr'><strong>Emsr.</strong></span> <span class='ocrx_word' id='word_1_2' title='bbox 719 171 783 202; x_wconf 80' lang='lat' dir='ltr'><strong>Ex</strong></span> <span class='ocrx_word' id='word_1_3' title='bbox 820 172 977 202; x_wconf 78' lang='lat' dir='ltr'>PONTo</span> <span class='ocrx_word' id='word_1_4' title='bbox 1011 172 1106 204; x_wconf 76' lang='lat' dir='ltr'><strong>Lm.</strong></span> <span class='ocrx_word' id='word_1_5' title='bbox 1138 172 1204 203; x_wconf 91' lang='lat' dir='ltr'><strong>1v.</strong></span> <span class='ocrx_word' id='word_1_6' title='bbox 1235 163 1276 203; x_wconf 91' lang='grc'><strong>4.</strong></span> <span class='ocrx_word' id='word_1_7' title='bbox 1514 164 1623 206; x_wconf 81' lang='lat'><strong>2691</strong></span> 
     </span>
    </p>
   </div>
   <div class='ocr_carea' id='block_1_2' title="bbox 176 299 1626 513">
    <p class='ocr_par' dir='ltr' id='par_1_2' title="bbox 176 299 1626 513">
     <span class='ocr_line' id='line_1_2' title="bbox 836 299 973 331; baseline 0 0"><span class='ocrx_word' id='word_1_8' title='bbox 836 299 973 331; x_wconf 83' lang='lat' dir='ltr'>NOTAE</span> 
     </span>
     <span class='ocr_line' id='line_1_3' title="bbox 179 371 1626 412; baseline 0.001 -10"><span class='ocrx_word' id='word_1_9' title='bbox 179 372 379 412; x_wconf 76' lang='lat' dir='ltr'><strong>pelleretur.</strong></span> <span class='ocrx_word' id='word_1_10' title='bbox 928 374 1003 405; x_wconf 84' lang='lat' dir='ltr'><strong>dam</strong></span> <span class='ocrx_word' id='word_1_11' title='bbox 1012 373 1173 405; x_wconf 84' lang='lat' dir='ltr'><strong>insaniam</strong></span> <span class='ocrx_word' id='word_1_12' title='bbox 1180 373 1322 404; x_wconf 83' lang='lat' dir='ltr'><strong>multum</strong></span> <span class='ocrx_word' id='word_1_13' title='bbox 1330 371 1483 405; x_wconf 83' lang='lat' dir='ltr'><strong>conferre</strong></span> <span class='ocrx_word' id='word_1_14' title='bbox 1494 376 1626 404; x_wconf 71' lang='lat' dir='ltr'><strong>veteres</strong></span> 
     </span>
     <span class='ocr_line' id='line_1_4' title="bbox 220 422 1164 464; baseline 0.001 -12"><span class='ocrx_word' id='word_1_15' title='bbox 220 426 258 453; x_wconf 81' lang='grc'><strong>5-1</strong></span> <span class='ocrx_word' id='word_1_16' title='bbox 284 423 451 464; x_wconf 79' lang='lat' dir='ltr'><strong><em>Anticyra]</em></strong></span> <span class='ocrx_word' id='word_1_17' title='bbox 486 422 599 454; x_wconf 80' lang='lat' dir='ltr'><strong>Insula</strong></span> <span class='ocrx_word' id='word_1_18' title='bbox 615 428 667 455; x_wconf 86' lang='lat' dir='ltr'><strong>est</strong></span> <span class='ocrx_word' id='word_1_19' title='bbox 692 424 783 455; x_wconf 85' lang='lat' dir='ltr'><strong>sinus</strong></span> <span class='ocrx_word' id='word_1_20' title='bbox 799 425 874 455; x_wconf 86' lang='lat' dir='ltr'><strong>Ma-</strong></span> <span class='ocrx_word' id='word_1_21' title='bbox 929 423 1164 454; x_wconf 82' lang='lat' dir='ltr'><strong>crediderunt.</strong></span> 
     </span>
     <span class='ocr_line' id='line_1_5' title="bbox 176 470 1624 513; baseline 0.001 -12"><span class='ocrx_word' id='word_1_22' title='bbox 176 470 264 509; x_wconf 86' lang='lat' dir='ltr'><strong>liaci,</strong></span> <span class='ocrx_word' id='word_1_23' title='bbox 291 472 348 502; x_wconf 87' lang='lat' dir='ltr'><strong>ubi</strong></span> <span class='ocrx_word' id='word_1_24' title='bbox 376 472 598 504; x_wconf 83' lang='lat' dir='ltr'><strong>Helleborum</strong></span> <span class='ocrx_word' id='word_1_25' title='bbox 630 483 748 513; x_wconf 85' lang='lat' dir='ltr'><strong>magna</strong></span> <span class='ocrx_word' id='word_1_26' title='bbox 775 473 874 513; x_wconf 85' lang='lat' dir='ltr'>copia</span> <span class='ocrx_word' id='word_1_27' title='bbox 970 474 1011 502; x_wconf 91' lang='lat'><strong>58</strong></span> <span class='ocrx_word' id='word_1_28' title='bbox 1034 471 1120 502; x_wconf 87' lang='lat' dir='ltr'><strong>Dum</strong></span> <span class='ocrx_word' id='word_1_29' title='bbox 1140 472 1287 512; x_wconf 79' lang='lat' dir='ltr'><strong>loqueris]</strong></span> <span class='ocrx_word' id='word_1_30' title='bbox 1319 471 1423 504; x_wconf 79' lang='lat' dir='ltr'><strong>Horae</strong></span> <span class='ocrx_word' id='word_1_31' title='bbox 1440 475 1624 503; x_wconf 84' lang='lat' dir='ltr'><strong>momento.</strong></span> 
     </span>
    </p>
   </div>
   <div class='ocr_carea' id='block_1_3' title="bbox 177 523 873 564">
    <p class='ocr_par' dir='ltr' id='par_1_3' title="bbox 177 523 873 564">
     <span class='ocr_line' id='line_1_6' title="bbox 177 523 873 564; baseline 0.001 -12"><span class='ocrx_word' id='word_1_32' title='bbox 177 523 345 561; x_wconf 71' lang='lat' dir='ltr'><strong>nascitur5</strong></span> <span class='ocrx_word' id='word_1_33' title='bbox 369 523 462 562; x_wconf 88' lang='lat' dir='ltr'><strong>cujus</strong></span> <span class='ocrx_word' id='word_1_34' title='bbox 483 532 620 555; x_wconf 85' lang='lat' dir='ltr'><strong>succum</strong></span> <span class='ocrx_word' id='word_1_35' title='bbox 638 523 680 554; x_wconf 89' lang='lat' dir='ltr'><strong>ad</strong></span> <span class='ocrx_word' id='word_1_36' title='bbox 701 523 873 564; x_wconf 83' lang='lat' dir='ltr'><strong>depellen-</strong></span> 
     </span>
    </p>
   </div>
   <div class='ocr_carea' id='block_1_4' title="bbox 622 905 1174 1115">
    <p class='ocr_par' dir='ltr' id='par_1_4' title="bbox 622 905 1174 1115">
     <span class='ocr_line' id='line_1_7' title="bbox 622 905 1174 956; baseline 0.002 -3"><span class='ocrx_word' id='word_1_37' title='bbox 622 905 914 956; x_wconf 87' lang='lat' dir='ltr'>EPISTO</span> <span class='ocrx_word' id='word_1_38' title='bbox 928 907 1026 955; x_wconf 93' lang='lat' dir='ltr'><strong>LA</strong></span> <span class='ocrx_word' id='word_1_39' title='bbox 1083 907 1174 954; x_wconf 81' lang='lat' dir='ltr'><strong>IV·</strong></span> 
     </span>
     <span class='ocr_line' id='line_1_8' title="bbox 622 1071 1170 1115; baseline 0.004 -3"><span class='ocrx_word' id='word_1_40' title='bbox 622 1071 831 1114; x_wconf 87' lang='lat' dir='ltr'><strong>SEXTO</strong></span> <span class='ocrx_word' id='word_1_41' title='bbox 868 1071 1170 1115; x_wconf 88' lang='lat' dir='ltr'><strong>POMPEIO.</strong></span> 
     </span>
    </p>
   </div>
   <div class='ocr_carea' id='block_1_5' title="bbox 716 1239 1080 1272">
    <p class='ocr_par' dir='ltr' id='par_1_5' title="bbox 716 1239 1080 1272">
     <span class='ocr_line' id='line_1_9' title="bbox 716 1239 1080 1272; baseline -0.003 0"><span class='ocrx_word' id='word_1_42' title='bbox 716 1239 1080 1272; x_wconf 88' lang='lat' dir='ltr'><strong>ARGUMENTUM.</strong></span> 
     </span>
    </p>
   </div>
   <div class='ocr_carea' id='block_1_6' title="bbox 170 1334 1624 1641">
    <p class='ocr_par' dir='ltr' id='par_1_6' title="bbox 170 1334 1624 1641">
     <span class='ocr_line' id='line_1_10' title="bbox 170 1334 1624 1377; baseline 0.001 -10"><span class='ocrx_word' id='word_1_43' title='bbox 170 1335 227 1367; x_wconf 80' lang='lat' dir='ltr'><strong>AD</strong></span> <span class='ocrx_word' id='word_1_44' title='bbox 242 1335 380 1366; x_wconf 87' lang='lat' dir='ltr'><strong>Sextum</strong></span> <span class='ocrx_word' id='word_1_45' title='bbox 398 1334 601 1375; x_wconf 86' lang='lat' dir='ltr'><strong>Pompeium</strong></span> <span class='ocrx_word' id='word_1_46' title='bbox 623 1335 772 1368; x_wconf 81' lang='lat' dir='ltr'><strong>scribens</strong></span> <span class='ocrx_word' id='word_1_47' title='bbox 796 1336 921 1377; x_wconf 65' lang='lat' dir='ltr'>Poeta,</span> <span class='ocrx_word' id='word_1_48' title='bbox 946 1337 1070 1368; x_wconf 87' lang='lat' dir='ltr'><strong>nullam</strong></span> <span class='ocrx_word' id='word_1_49' title='bbox 1098 1346 1169 1368; x_wconf 88' lang='lat' dir='ltr'><strong>rem</strong></span> <span class='ocrx_word' id='word_1_50' title='bbox 1195 1339 1263 1369; x_wconf 84' lang='lat' dir='ltr'><strong>tam</strong></span> <span class='ocrx_word' id='word_1_51' title='bbox 1290 1336 1424 1369; x_wconf 83' lang='lat' dir='ltr'><strong>tristem</strong></span> <span class='ocrx_word' id='word_1_52' title='bbox 1446 1346 1520 1368; x_wconf 83' lang='lat' dir='ltr'><strong>esse</strong></span> <span class='ocrx_word' id='word_1_53' title='bbox 1540 1337 1624 1370; x_wconf 82' lang='lat' dir='ltr'><strong>dicit</strong></span> 
     </span>
     <span class='ocr_line' id='line_1_11' title="bbox 211 1386 1623 1432; baseline 0.002 -14"><span class='ocrx_word' id='word_1_54' title='bbox 211 1397 285 1430; x_wconf 84' lang='lat' dir='ltr'><strong>quae</strong></span> <span class='ocrx_word' id='word_1_55' title='bbox 302 1397 368 1418; x_wconf 87' lang='lat' dir='ltr'><strong>non</strong></span> <span class='ocrx_word' id='word_1_56' title='bbox 384 1386 507 1419; x_wconf 87' lang='lat' dir='ltr'><strong>habeat</strong></span> <span class='ocrx_word' id='word_1_57' title='bbox 521 1387 705 1429; x_wconf 85' lang='lat' dir='ltr'><strong>aliquando</strong></span> <span class='ocrx_word' id='word_1_58' title='bbox 729 1389 856 1432; x_wconf 87' lang='lat' dir='ltr'><strong>aliquid</strong></span> <span class='ocrx_word' id='word_1_59' title='bbox 881 1389 1032 1422; x_wconf 82' lang='lat' dir='ltr'><strong>laetitiae:</strong></span> <span class='ocrx_word' id='word_1_60' title='bbox 1068 1389 1159 1431; x_wconf 90' lang='lat' dir='ltr'>quod</span> <span class='ocrx_word' id='word_1_61' title='bbox 1176 1389 1239 1421; x_wconf 87' lang='lat' dir='ltr'><strong>sibi</strong></span> <span class='ocrx_word' id='word_1_62' title='bbox 1256 1390 1436 1430; x_wconf 82' lang='lat' dir='ltr'><strong>contigisse</strong></span> <span class='ocrx_word' id='word_1_63' title='bbox 1461 1390 1623 1421; x_wconf 87' lang='lat' dir='ltr'>ostendit.</span> 
     </span>
     <span class='ocr_line' id='line_1_12' title="bbox 212 1441 1623 1483; baseline 0.002 -12"><span class='ocrx_word' id='word_1_64' title='bbox 212 1441 296 1472; x_wconf 91' lang='lat' dir='ltr'><strong>Cum</strong></span> <span class='ocrx_word' id='word_1_65' title='bbox 312 1441 400 1472; x_wconf 86' lang='lat' dir='ltr'><strong>enim</strong></span> <span class='ocrx_word' id='word_1_66' title='bbox 413 1441 519 1472; x_wconf 81' lang='lat' dir='ltr'><strong>tristis</strong></span> <span class='ocrx_word' id='word_1_67' title='bbox 535 1441 568 1472; x_wconf 91' lang='lat' dir='ltr'><strong>in</strong></span> <span class='ocrx_word' id='word_1_68' title='bbox 583 1442 703 1473; x_wconf 80' lang='lat' dir='ltr'><strong>littore</strong></span> <span class='ocrx_word' id='word_1_69' title='bbox 724 1442 874 1474; x_wconf 87' lang='lat' dir='ltr'>Pontico</span> <span class='ocrx_word' id='word_1_70' title='bbox 899 1443 1116 1483; x_wconf 81' lang='lat' dir='ltr'><strong>spatiaretur,</strong></span> <span class='ocrx_word' id='word_1_71' title='bbox 1131 1441 1220 1473; x_wconf 85' lang='lat' dir='ltr'><strong>fama</strong></span> <span class='ocrx_word' id='word_1_72' title='bbox 1236 1442 1267 1473; x_wconf 89' lang='lat' dir='ltr'><strong>ei</strong></span> <span class='ocrx_word' id='word_1_73' title='bbox 1287 1443 1466 1483; x_wconf 85' lang='lat' dir='ltr'><strong>nuntiavit,</strong></span> <span class='ocrx_word' id='word_1_74' title='bbox 1481 1444 1623 1475; x_wconf 86' lang='lat' dir='ltr'>Sextum</span> 
     </span>
     <span class='ocr_line' id='line_1_13' title="bbox 211 1493 1622 1534; baseline -0.001 -8"><span class='ocrx_word' id='word_1_75' title='bbox 211 1493 412 1534; x_wconf 84' lang='lat' dir='ltr'><strong>Pompeium</strong></span> <span class='ocrx_word' id='word_1_76' title='bbox 439 1494 608 1524; x_wconf 82' lang='lat' dir='ltr'><strong>consulem</strong></span> <span class='ocrx_word' id='word_1_77' title='bbox 634 1493 849 1533; x_wconf 84' lang='lat' dir='ltr'><strong>designatum</strong></span> <span class='ocrx_word' id='word_1_78' title='bbox 876 1503 962 1525; x_wconf 84' lang='lat' dir='ltr'><strong>esse.</strong></span> <span class='ocrx_word' id='word_1_79' title='bbox 1021 1495 1130 1527; x_wconf 82' lang='lat' dir='ltr'><strong>Quam</strong></span> <span class='ocrx_word' id='word_1_80' title='bbox 1153 1503 1223 1524; x_wconf 90' lang='lat' dir='ltr'><strong>rem</strong></span> <span class='ocrx_word' id='word_1_81' title='bbox 1249 1494 1333 1525; x_wconf 86' lang='lat' dir='ltr'><strong>dicit</strong></span> <span class='ocrx_word' id='word_1_82' title='bbox 1356 1495 1533 1525; x_wconf 78' lang='lat' dir='ltr'>maximam</span> <span class='ocrx_word' id='word_1_83' title='bbox 1557 1495 1622 1526; x_wconf 84' lang='lat' dir='ltr'>sibi</span> 
     </span>
     <span class='ocr_line' id='line_1_14' title="bbox 210 1544 1623 1585; baseline -0.001 -6"><span class='ocrx_word' id='word_1_84' title='bbox 210 1547 365 1579; x_wconf 86' lang='lat' dir='ltr'><strong>laetitiam</strong></span> <span class='ocrx_word' id='word_1_85' title='bbox 390 1547 558 1578; x_wconf 82' lang='lat' dir='ltr'><strong>attulisse.</strong></span> <span class='ocrx_word' id='word_1_86' title='bbox 600 1545 786 1576; x_wconf 89' lang='lat' dir='ltr'>Postmodo</span> <span class='ocrx_word' id='word_1_87' title='bbox 816 1544 910 1576; x_wconf 87' lang='lat' dir='ltr'><strong>dolet</strong></span> <span class='ocrx_word' id='word_1_88' title='bbox 932 1554 998 1576; x_wconf 89' lang='lat' dir='ltr'><strong>non</strong></span> <span class='ocrx_word' id='word_1_89' title='bbox 1025 1555 1137 1585; x_wconf 86' lang='lat' dir='ltr'><strong>posse⁷</strong></span> <span class='ocrx_word' id='word_1_90' title='bbox 1164 1555 1240 1576; x_wconf 89' lang='lat' dir='ltr'><strong>cum</strong></span> <span class='ocrx_word' id='word_1_91' title='bbox 1262 1546 1496 1585; x_wconf 83' lang='lat' dir='ltr'><strong>magistratum</strong></span> <span class='ocrx_word' id='word_1_92' title='bbox 1521 1546 1623 1577; x_wconf 89' lang='lat' dir='ltr'>inibit</span> 
     </span>
     <span class='ocr_line' id='line_1_15' title="bbox 211 1597 1624 1641; baseline -0.001 -10"><span class='ocrx_word' id='word_1_93' title='bbox 211 1598 408 1641; x_wconf 81' lang='lat' dir='ltr'><strong>Pompeius,</strong></span> <span class='ocrx_word' id='word_1_94' title='bbox 424 1599 474 1630; x_wconf 87' lang='lat' dir='ltr'><strong>illi</strong></span> <span class='ocrx_word' id='word_1_95' title='bbox 487 1599 665 1629; x_wconf 83' lang='lat' dir='ltr'><strong>interesse.</strong></span> <span class='ocrx_word' id='word_1_96' title='bbox 710 1597 889 1628; x_wconf 85' lang='lat' dir='ltr'><strong>Postremo</strong></span> <span class='ocrx_word' id='word_1_97' title='bbox 906 1597 1000 1628; x_wconf 88' lang='lat' dir='ltr'><strong>illum</strong></span> <span class='ocrx_word' id='word_1_98' title='bbox 1017 1602 1178 1638; x_wconf 86' lang='lat' dir='ltr'><strong>precatur</strong></span> <span class='ocrx_word' id='word_1_99' title='bbox 1191 1601 1228 1628; x_wconf 87' lang='lat' dir='ltr'><strong>ut</strong></span> <span class='ocrx_word' id='word_1_100' title='bbox 1243 1597 1424 1639; x_wconf 87' lang='lat' dir='ltr'><strong>aliquando</strong></span> <span class='ocrx_word' id='word_1_101' title='bbox 1440 1597 1491 1630; x_wconf 83' lang='lat' dir='ltr'><strong>sui</strong></span> <span class='ocrx_word' id='word_1_102' title='bbox 1509 1607 1624 1630; x_wconf 83' lang='lat' dir='ltr'><strong>recor·</strong></span> 
     </span>
    </p>
   </div>
   <div class='ocr_carea' id='block_1_7' title="bbox 211 1652 323 1685">
    <p class='ocr_par' dir='ltr' id='par_1_7' title="bbox 211 1652 323 1685">
     <span class='ocr_line' id='line_1_16' title="bbox 211 1652 323 1685; baseline 0.009 -1"><span class='ocrx_word' id='word_1_103' title='bbox 211 1652 323 1685; x_wconf 85' lang='lat' dir='ltr'><strong>detur.</strong></span> 
     </span>
    </p>
   </div>
   <div class='ocr_carea' id='block_1_8' title="bbox 168 1740 1618 2141">
    <p class='ocr_par' dir='ltr' id='par_1_8' title="bbox 169 1740 1389 1874">
     <span class='ocr_line' id='line_1_17' title="bbox 169 1740 1389 1804; baseline -0.001 -8"><span class='ocrx_word' id='word_1_104' title='bbox 169 1740 372 1798; x_wconf 72' lang='lat' dir='ltr'>NULLA</span> <span class='ocrx_word' id='word_1_105' title='bbox 393 1755 488 1796; x_wconf 88' lang='lat' dir='ltr'><strong>dies</strong></span> <span class='ocrx_word' id='word_1_106' title='bbox 510 1754 621 1796; x_wconf 86' lang='lat' dir='ltr'><strong>adeo</strong></span> <span class='ocrx_word' id='word_1_107' title='bbox 641 1758 709 1795; x_wconf 88' lang='lat' dir='ltr'><strong>est</strong></span> <span class='ocrx_word' id='word_1_108' title='bbox 729 1753 995 1795; x_wconf 80' lang='lat' dir='ltr'><strong>australibus</strong></span> <span class='ocrx_word' id='word_1_109' title='bbox 1016 1752 1195 1795; x_wconf 86' lang='lat' dir='ltr'><strong>humida</strong></span> <span class='ocrx_word' id='word_1_110' title='bbox 1213 1752 1389 1804; x_wconf 85' lang='lat' dir='ltr'>nimbis,</span> 
     </span>
     <span class='ocr_line' id='line_1_18' title="bbox 224 1819 1120 1874; baseline -0.003 -10"><span class='ocrx_word' id='word_1_111' title='bbox 224 1821 331 1864; x_wconf 92' lang='lat' dir='ltr'><strong>Non</strong></span> <span class='ocrx_word' id='word_1_112' title='bbox 351 1821 611 1863; x_wconf 84' lang='lat' dir='ltr'><strong>intermissis</strong></span> <span class='ocrx_word' id='word_1_113' title='bbox 631 1824 678 1861; x_wconf 86' lang='lat' dir='ltr'><strong>ut</strong></span> <span class='ocrx_word' id='word_1_114' title='bbox 698 1819 806 1861; x_wconf 83' lang='lat' dir='ltr'><strong>fluat</strong></span> <span class='ocrx_word' id='word_1_115' title='bbox 824 1820 958 1861; x_wconf 85' lang='lat' dir='ltr'><strong>imber</strong></span> <span class='ocrx_word' id='word_1_116' title='bbox 978 1820 1120 1874; x_wconf 81' lang='lat' dir='ltr'><strong>aquis.</strong></span> 
     </span>
    </p>

    <p class='ocr_par' dir='ltr' id='par_1_9' title="bbox 170 1886 1324 1997">
     <span class='ocr_line' id='line_1_19' title="bbox 170 1886 1324 1936; baseline -0.003 -5"><span class='ocrx_word' id='word_1_117' title='bbox 170 1889 268 1931; x_wconf 86' lang='lat' dir='ltr'><strong>Nec</strong></span> <span class='ocrx_word' id='word_1_118' title='bbox 289 1889 448 1931; x_wconf 81' lang='lat' dir='ltr'><strong>sterilis</strong></span> <span class='ocrx_word' id='word_1_119' title='bbox 465 1889 593 1929; x_wconf 87' lang='lat' dir='ltr'><strong>locus</strong></span> <span class='ocrx_word' id='word_1_120' title='bbox 612 1887 727 1928; x_wconf 88' lang='lat' dir='ltr'><strong>ullus</strong></span> <span class='ocrx_word' id='word_1_121' title='bbox 748 1887 810 1927; x_wconf 82' lang='lat' dir='ltr'><strong>ita</strong></span> <span class='ocrx_word' id='word_1_122' title='bbox 829 1890 910 1936; x_wconf 86' lang='lat' dir='ltr'><strong>est,</strong></span> <span class='ocrx_word' id='word_1_123' title='bbox 931 1890 981 1927; x_wconf 89' lang='lat' dir='ltr'><strong>ut</strong></span> <span class='ocrx_word' id='word_1_124' title='bbox 1000 1899 1088 1927; x_wconf 90' lang='lat' dir='ltr'><strong>non</strong></span> <span class='ocrx_word' id='word_1_125' title='bbox 1109 1886 1164 1926; x_wconf 87' lang='lat' dir='ltr'><strong>sit</strong></span> <span class='ocrx_word' id='word_1_126' title='bbox 1183 1886 1228 1928; x_wconf 87' lang='lat' dir='ltr'><strong>in</strong></span> <span class='ocrx_word' id='word_1_127' title='bbox 1246 1886 1324 1928; x_wconf 90' lang='lat' dir='ltr'><strong>illo</strong></span> 
     </span>
     <span class='ocr_line' id='line_1_20' title="bbox 225 1954 1069 1997; baseline -0.005 0"><span class='ocrx_word' id='word_1_128' title='bbox 225 1956 374 1997; x_wconf 85' lang='lat' dir='ltr'><strong>Mixta</strong></span> <span class='ocrx_word' id='word_1_129' title='bbox 392 1955 478 1996; x_wconf 84' lang='lat' dir='ltr'><strong>sere</strong></span> <span class='ocrx_word' id='word_1_130' title='bbox 498 1955 616 1995; x_wconf 88' lang='lat' dir='ltr'><strong>duris</strong></span> <span class='ocrx_word' id='word_1_131' title='bbox 637 1954 757 1994; x_wconf 87' lang='lat' dir='ltr'><strong>utilis</strong></span> <span class='ocrx_word' id='word_1_132' title='bbox 775 1954 909 1994; x_wconf 85' lang='lat' dir='ltr'><strong>herba</strong></span> <span class='ocrx_word' id='word_1_133' title='bbox 930 1954 1069 1994; x_wconf 90' lang='lat' dir='ltr'><strong>rubis.</strong></span> 
     </span>
    </p>

    <p class='ocr_par' dir='ltr' id='par_1_10' title="bbox 168 2019 1618 2141">
     <span class='ocr_line' id='line_1_21' title="bbox 168 2019 1618 2074; baseline -0.001 -11"><span class='ocrx_word' id='word_1_134' title='bbox 168 2021 247 2064; x_wconf 91' lang='lat' dir='ltr'><strong>Nil</strong></span> <span class='ocrx_word' id='word_1_135' title='bbox 267 2022 378 2063; x_wconf 83' lang='lat' dir='ltr'><strong>adeo</strong></span> <span class='ocrx_word' id='word_1_136' title='bbox 401 2023 596 2063; x_wconf 82' lang='lat' dir='ltr'>Fortuna</span> <span class='ocrx_word' id='word_1_137' title='bbox 616 2021 759 2074; x_wconf 86' lang='lat' dir='ltr'><strong>gravis</strong></span> <span class='ocrx_word' id='word_1_138' title='bbox 780 2020 1025 2061; x_wconf 81' lang='lat' dir='ltr'><strong>miserabile</strong></span> <span class='ocrx_word' id='word_1_139' title='bbox 1052 2019 1169 2069; x_wconf 84' lang='lat' dir='ltr'><strong>fecit,</strong></span> <span class='ocrx_word' id='word_1_140' title='bbox 1591 2022 1618 2061; x_wconf 83' lang='lat'>5</span> 
     </span>
     <span class='ocr_line' id='line_1_22' title="bbox 225 2086 1162 2141; baseline -0.003 -11"><span class='ocrx_word' id='word_1_141' title='bbox 225 2089 290 2130; x_wconf 86' lang='lat' dir='ltr'><strong>Ut</strong></span> <span class='ocrx_word' id='word_1_142' title='bbox 309 2090 510 2131; x_wconf 82' lang='lat' dir='ltr'><strong>minuant</strong></span> <span class='ocrx_word' id='word_1_143' title='bbox 533 2089 655 2129; x_wconf 83' lang='lat' dir='ltr'><strong>nulla</strong></span> <span class='ocrx_word' id='word_1_144' title='bbox 676 2088 837 2141; x_wconf 83' lang='lat' dir='ltr'><strong>gaudia</strong></span> <span class='ocrx_word' id='word_1_145' title='bbox 856 2100 968 2141; x_wconf 80' lang='lat' dir='ltr'><strong>pace</strong></span> <span class='ocrx_word' id='word_1_146' title='bbox 989 2086 1162 2129; x_wconf 84' lang='lat' dir='ltr'><strong>malum.</strong></span> 
     </span>
    </p>
   </div>
   <div class='ocr_carea' id='block_1_9' title="bbox 166 2203 1621 2336">
    <p class='ocr_par' dir='ltr' id='par_1_11' title="bbox 166 2203 1621 2336">
     <span class='ocr_line' id='line_1_23' title="bbox 212 2203 1620 2250; baseline -0.004 -9"><span class='ocrx_word' id='word_1_147' title='bbox 212 2209 309 2241; x_wconf 80' lang='lat' dir='ltr'><strong>Nulla</strong></span> <span class='ocrx_word' id='word_1_148' title='bbox 323 2210 390 2241; x_wconf 81' lang='lat' dir='ltr'><strong>dies</strong></span> <span class='ocrx_word' id='word_1_149' title='bbox 403 2212 449 2241; x_wconf 79' lang='lat' dir='ltr'><strong>est</strong></span> <span class='ocrx_word' id='word_1_150' title='bbox 464 2211 538 2240; x_wconf 83' lang='lat' dir='ltr'><strong>adeo</strong></span> <span class='ocrx_word' id='word_1_151' title='bbox 550 2209 691 2250; x_wconf 82' lang='lat' dir='ltr'><strong>pluviosa</strong></span> <span class='ocrx_word' id='word_1_152' title='bbox 705 2208 855 2239; x_wconf 79' lang='lat' dir='ltr'><strong>imbribus</strong></span> <span class='ocrx_word' id='word_1_153' title='bbox 869 2207 1065 2246; x_wconf 78' lang='lat' dir='ltr'><strong>australibus,</strong></span> <span class='ocrx_word' id='word_1_154' title='bbox 1080 2209 1115 2237; x_wconf 80' lang='lat' dir='ltr'><strong>ut</strong></span> <span class='ocrx_word' id='word_1_155' title='bbox 1127 2204 1231 2246; x_wconf 80' lang='lat' dir='ltr'><strong>pluvia</strong></span> <span class='ocrx_word' id='word_1_156' title='bbox 1245 2203 1375 2236; x_wconf 74' lang='lat' dir='ltr'><strong>distillet</strong></span> <span class='ocrx_word' id='word_1_157' title='bbox 1389 2204 1475 2244; x_wconf 78' lang='lat' dir='ltr'><strong>aquis</strong></span> <span class='ocrx_word' id='word_1_158' title='bbox 1488 2212 1546 2235; x_wconf 81' lang='lat' dir='ltr'><strong>non</strong></span> <span class='ocrx_word' id='word_1_159' title='bbox 1557 2213 1620 2235; x_wconf 80' lang='lat' dir='ltr'><strong>ces·</strong></span> 
     </span>
     <span class='ocr_line' id='line_1_24' title="bbox 166 2246 1621 2292; baseline -0.003 -10"><span class='ocrx_word' id='word_1_160' title='bbox 166 2252 319 2283; x_wconf 73' lang='lat' dir='ltr'><strong>sontibus.</strong></span> <span class='ocrx_word' id='word_1_161' title='bbox 347 2253 453 2292; x_wconf 80' lang='lat' dir='ltr'><strong>Neque</strong></span> <span class='ocrx_word' id='word_1_162' title='bbox 468 2253 547 2283; x_wconf 83' lang='lat' dir='ltr'><strong>ullus</strong></span> <span class='ocrx_word' id='word_1_163' title='bbox 562 2253 642 2283; x_wconf 80' lang='lat' dir='ltr'><strong>locus</strong></span> <span class='ocrx_word' id='word_1_164' title='bbox 657 2255 702 2281; x_wconf 84' lang='lat' dir='ltr'><strong>est</strong></span> <span class='ocrx_word' id='word_1_165' title='bbox 718 2252 765 2281; x_wconf 78' lang='lat' dir='ltr'><strong>ita</strong></span> <span class='ocrx_word' id='word_1_166' title='bbox 781 2251 983 2288; x_wconf 66' lang='lat' dir='ltr'><strong>infoecundus,</strong></span> <span class='ocrx_word' id='word_1_167' title='bbox 992 2254 1026 2280; x_wconf 84' lang='lat' dir='ltr'><strong>ut</strong></span> <span class='ocrx_word' id='word_1_168' title='bbox 1038 2259 1096 2280; x_wconf 83' lang='lat' dir='ltr'><strong>non</strong></span> <span class='ocrx_word' id='word_1_169' title='bbox 1108 2249 1150 2279; x_wconf 81' lang='lat' dir='ltr'><strong>sz&#39;t</strong></span> <span class='ocrx_word' id='word_1_170' title='bbox 1158 2248 1230 2285; x_wconf 83' lang='lat' dir='ltr'><strong>fere</strong></span> <span class='ocrx_word' id='word_1_171' title='bbox 1246 2248 1279 2278; x_wconf 85' lang='lat' dir='ltr'><strong>in</strong></span> <span class='ocrx_word' id='word_1_172' title='bbox 1295 2248 1346 2277; x_wconf 82' lang='lat' dir='ltr'><strong>illo</strong></span> <span class='ocrx_word' id='word_1_173' title='bbox 1356 2257 1485 2284; x_wconf 76' lang='lat' dir='ltr'><strong>gramen</strong></span> <span class='ocrx_word' id='word_1_174' title='bbox 1499 2246 1621 2279; x_wconf 79' lang='lat' dir='ltr'><strong>salubre</strong></span> 
     </span>
     <span class='ocr_line' id='line_1_25' title="bbox 166 2289 1618 2336; baseline -0.003 -11"><span class='ocrx_word' id='word_1_175' title='bbox 166 2294 290 2326; x_wconf 67' lang='lat' dir='ltr'><strong>mistum</strong></span> <span class='ocrx_word' id='word_1_176' title='bbox 304 2296 421 2336; x_wconf 77' lang='lat' dir='ltr'><strong>asperis</strong></span> <span class='ocrx_word' id='word_1_177' title='bbox 443 2294 540 2326; x_wconf 81' lang='lat' dir='ltr'><strong>rubis.</strong></span> <span class='ocrx_word' id='word_1_178' title='bbox 586 2294 729 2326; x_wconf 80' lang='lat' dir='ltr'><strong>Fortuna</strong></span> <span class='ocrx_word' id='word_1_179' title='bbox 747 2295 876 2324; x_wconf 79' lang='lat' dir='ltr'><strong>adversa</strong></span> <span class='ocrx_word' id='word_1_180' title='bbox 899 2293 976 2323; x_wconf 80' lang='lat' dir='ltr'><strong>nihil</strong></span> <span class='ocrx_word' id='word_1_181' title='bbox 997 2292 1079 2330; x_wconf 78' lang='lat' dir='ltr'><strong>fecit</strong></span> <span class='ocrx_word' id='word_1_182' title='bbox 1104 2293 1179 2322; x_wconf 81' lang='lat' dir='ltr'><strong>adeo</strong></span> <span class='ocrx_word' id='word_1_183' title='bbox 1203 2290 1421 2330; x_wconf 74' lang='lat' dir='ltr'><strong>deplorandum</strong></span> <span class='ocrx_word' id='word_1_184' title='bbox 1447 2293 1480 2321; x_wconf 80' lang='lat' dir='ltr'><strong>ut</strong></span> <span class='ocrx_word' id='word_1_185' title='bbox 1505 2289 1618 2321; x_wconf 80' lang='lat' dir='ltr'><strong>loetitia</strong></span> 
     </span>
    </p>
   </div>
   <div class='ocr_carea' id='block_1_10' title="bbox 774 2374 1009 2386">
    <p class='ocr_par' dir='ltr' id='par_1_12' title="bbox 774 2374 1009 2386">
     <span class='ocr_line' id='line_1_26' title="bbox 774 2374 1009 2386; baseline -0.004 0"><span class='ocrx_word' id='word_1_186' title='bbox 774 2374 1009 2386; x_wconf 65' lang='lat' dir='ltr'><strong>eeeeeeeeeee</strong></span> 
     </span>
    </p>
   </div>
   <div class='ocr_carea' id='block_1_11' title="bbox 211 2422 1616 2463">
    <p class='ocr_par' dir='ltr' id='par_1_13' title="bbox 211 2422 1616 2463">
     <span class='ocr_line' id='line_1_27' title="bbox 211 2422 1616 2463; baseline -0.008 0"><span class='ocrx_word' id='word_1_187' title='bbox 211 2435 228 2463; x_wconf 91' lang='lat'><em>1</em></span> <span class='ocrx_word' id='word_1_188' title='bbox 252 2430 329 2463; x_wconf 87' lang='lat' dir='ltr'><strong>Duo</strong></span> <span class='ocrx_word' id='word_1_189' title='bbox 344 2430 421 2462; x_wconf 83' lang='lat' dir='ltr'><strong>libri</strong></span> <span class='ocrx_word' id='word_1_190' title='bbox 433 2431 517 2462; x_wconf 80' lang='lat' dir='ltr'><strong>hum.</strong></span> <span class='ocrx_word' id='word_1_191' title='bbox 532 2430 710 2462; x_wconf 52' lang='lat' dir='ltr'><strong>vernia-4</strong></span> <span class='ocrx_word' id='word_1_192' title='bbox 735 2429 793 2461; x_wconf 90' lang='grc' dir='ltr'><strong>Ρι·.</strong></span> <span class='ocrx_word' id='word_1_193' title='bbox 813 2429 874 2460; x_wconf 83' lang='lat' dir='ltr'><strong>Ed.</strong></span> <span class='ocrx_word' id='word_1_194' title='bbox 891 2427 974 2459; x_wconf 78' lang='lat' dir='ltr'><strong>herb.</strong></span> <span class='ocrx_word' id='word_1_195' title='bbox 988 2427 1140 2459; x_wconf 52' lang='grc' dir='ltr'><strong>σώζει-6</strong></span> <span class='ocrx_word' id='word_1_196' title='bbox 1161 2427 1246 2458; x_wconf 82' lang='lat' dir='ltr'><strong>Pace</strong></span> <span class='ocrx_word' id='word_1_197' title='bbox 1267 2427 1380 2456; x_wconf 74' lang='lat' dir='ltr'><strong>Burni.</strong></span> <span class='ocrx_word' id='word_1_198' title='bbox 1403 2423 1498 2454; x_wconf 84' lang='lat' dir='ltr'><strong>dedit</strong></span> <span class='ocrx_word' id='word_1_199' title='bbox 1514 2432 1553 2453; x_wconf 85' lang='lat' dir='ltr'><strong>ex</strong></span> <span class='ocrx_word' id='word_1_200' title='bbox 1574 2422 1616 2453; x_wconf 80' lang='lat' dir='ltr'><strong>R.</strong></span> 
     </span>
    </p>
   </div>
   <div class='ocr_carea' id='block_1_12' title="bbox 169 2523 1614 2682">
    <p class='ocr_par' dir='ltr' id='par_1_14' title="bbox 169 2523 1614 2682">
     <span class='ocr_line' id='line_1_28' title="bbox 826 2523 962 2554; baseline -0.022 0"><span class='ocrx_word' id='word_1_201' title='bbox 826 2523 962 2554; x_wconf 45' lang='lat' dir='ltr'><em>NOTA:</em></span> 
     </span>
     <span class='ocr_line' id='line_1_29' title="bbox 210 2591 1377 2639; baseline -0.009 -10"><span class='ocrx_word' id='word_1_202' title='bbox 210 2601 231 2630; x_wconf 87' lang='grc'><strong>2</strong></span> <span class='ocrx_word' id='word_1_203' title='bbox 250 2597 320 2628; x_wconf 83' lang='lat' dir='ltr'><strong>Non</strong></span> <span class='ocrx_word' id='word_1_204' title='bbox 331 2599 533 2637; x_wconf 68' lang='lat' dir='ltr'><strong>intermissis]</strong></span> <span class='ocrx_word' id='word_1_205' title='bbox 570 2597 646 2628; x_wconf 89' lang='lat' dir='ltr'><strong>Hac</strong></span> <span class='ocrx_word' id='word_1_206' title='bbox 663 2598 864 2639; x_wconf 82' lang='lat' dir='ltr'><strong>comparati·</strong></span> <span class='ocrx_word' id='word_1_207' title='bbox 919 2595 1119 2635; x_wconf 77' lang='lat' dir='ltr'><strong>quandoque</strong></span> <span class='ocrx_word' id='word_1_208' title='bbox 1136 2591 1377 2628; x_wconf 66' lang='lat' dir='ltr'><strong>distinguatur.</strong></span> 
     </span>
     <span class='ocr_line' id='line_1_30' title="bbox 169 2639 1614 2682; baseline -0.007 -2"><span class='ocrx_word' id='word_1_209' title='bbox 169 2657 233 2680; x_wconf 85' lang='lat' dir='ltr'><strong>one</strong></span> <span class='ocrx_word' id='word_1_210' title='bbox 245 2648 341 2679; x_wconf 74' lang='lat' dir='ltr'><strong>Naso</strong></span> <span class='ocrx_word' id='word_1_211' title='bbox 355 2648 478 2678; x_wconf 87' lang='lat' dir='ltr'><strong>nullam</strong></span> <span class='ocrx_word' id='word_1_212' title='bbox 492 2657 561 2677; x_wconf 89' lang='lat' dir='ltr'><strong>rem</strong></span> <span class='ocrx_word' id='word_1_213' title='bbox 573 2652 640 2678; x_wconf 84' lang='lat' dir='ltr'><strong>tam</strong></span> <span class='ocrx_word' id='word_1_214' title='bbox 652 2647 782 2678; x_wconf 79' lang='lat' dir='ltr'><strong>tristem</strong></span> <span class='ocrx_word' id='word_1_215' title='bbox 793 2657 865 2678; x_wconf 71' lang='lat' dir='ltr'><strong>es&gt;e</strong></span> <span class='ocrx_word' id='word_1_216' title='bbox 961 2648 979 2674; x_wconf 67' lang='lat'>4</span> <span class='ocrx_word' id='word_1_217' title='bbox 1019 2643 1127 2682; x_wconf 56' lang='lat' dir='ltr'><strong>lewe}</strong></span> <span class='ocrx_word' id='word_1_218' title='bbox 1173 2642 1293 2679; x_wconf 20' lang='lat' dir='ltr'><strong>l‘v-thvwg</strong></span> <span class='ocrx_word' id='word_1_219' title='bbox 1333 2641 1379 2670; x_wconf 57' lang='lat' dir='ltr'><strong>(Ut</strong></span> <span class='ocrx_word' id='word_1_220' title='bbox 1413 2639 1452 2670; x_wconf 56' lang='grc' dir='ltr'><strong><em>ἰ</em></strong></span> <span class='ocrx_word' id='word_1_221' title='bbox 1481 2656 1484 2659; x_wconf 93' lang='grc'><strong>-</strong></span> <span class='ocrx_word' id='word_1_222' title='bbox 1504 2654 1540 2680; x_wconf 44' lang='grc' dir='ltr'><strong>ω,</strong></span> <span class='ocrx_word' id='word_1_223' title='bbox 1573 2650 1614 2671; x_wconf 31' lang='grc' dir='ltr'><strong>πμ,</strong></span> 
     </span>
    </p>
   </div>
   <div class='ocr_carea' id='block_1_13' title="bbox 169 2695 1083 2742">
    <p class='ocr_par' dir='ltr' id='par_1_15' title="bbox 169 2695 1083 2742">
     <span class='ocr_line' id='line_1_31' title="bbox 169 2695 1083 2742; baseline -0.007 -12"><span class='ocrx_word' id='word_1_224' title='bbox 169 2697 342 2742; x_wconf 77' lang='lat' dir='ltr'><strong>significat</strong></span> <span class='ocrx_word' id='word_1_225' title='bbox 370 2697 451 2740; x_wconf 85' lang='lat' dir='ltr'><strong>quin</strong></span> <span class='ocrx_word' id='word_1_226' title='bbox 478 2697 587 2739; x_wconf 88' lang='lat' dir='ltr'><strong>aliquo</strong></span> <span class='ocrx_word' id='word_1_227' title='bbox 613 2697 742 2728; x_wconf 80' lang='lat' dir='ltr'><strong>laetitiae</strong></span> <span class='ocrx_word' id='word_1_228' title='bbox 772 2698 865 2728; x_wconf 80' lang='lat' dir='ltr'><strong>radio</strong></span> <span class='ocrx_word' id='word_1_229' title='bbox 920 2695 1083 2734; x_wconf 23' lang='lat' dir='ltr'><strong>‹fg-lentius</strong></span> 
     </span>
    </p>
   </div>
  </div>
 </body>
</html>
