1877 3193
596 148 838 179 'rms'rmm
875 149 969 180 [ΑΒ.
1002 149 1046 179 v.
1080 138 1147 180 11.
1489 137 1603 180 2479

151 242 238 283 Sed
259 242 363 297 quia
380 247 567 296 peccato
586 242 756 284 facinus
775 255 860 284 non
880 242 1006 284 affuit
1025 243 1105 292 illi,

209 308 287 351 Nil
306 310 394 350 nisi
414 322 483 350 me
503 309 655 362 patriis
668 310 806 362 jussit
826 311 981 351 abesse
999 310 1130 351 focis.

152 375 300 430 thue
321 376 438 426 aliis,
455 389 673 417 numerum
695 389 881 430 quorum
902 375 1211 431 comprendere
1232 388 1318 418 non
1338 378 1420 425 est,

209 443 462 485 Caesareum
476 455 649 493 numen,
672 443 739 484 sic
759 444 878 492 mihi,
900 444 1002 484 mite
1021 443 1118 484 fuit.
1547 440 1603 481 ‘20

152 510 259 564 Ipse
278 509 468 564 relegati,
490 523 578 551 non
599 511 756 559 exulis,
774 510 908 550 utitur
927 510 971 550 in
989 521 1059 549 me

211 576 426 618 Nomine:
458 579 552 616 tuta
572 588 653 616 suo
672 575 826 629 judice
847 587 981 617 causa
1000 587 1097 615 mea
1118 578 1198 615 est.

152 643 180 684 J
184 656 260 685 ure
277 643 406 696 igitur
420 642 592 692 laudes,
613 640 781 693 Caesar,
802 655 884 697 pro
901 645 1026 697 parte
1044 641 1161 684 virili

208 710 412 752 Carmina
429 712 579 751 nostra
598 711 698 751 tuas
719 710 1061 764 qualiacumque
1083 710 1259 750 canunt.

151 776 179 818 J
184 790 256 818 ure
276 777 413 828 Deos,
435 781 481 819 ut
501 776 644 818 adhuc
665 777 767 818 coeli
787 776 871 817 tibi
891 776 1045 816 limina
1066 773 1292 825 claudant,
1548 775 1604 817 25

206 844 359 899 Teque
379 845 514 886 velint
533 844 625 884 sine
643 856 705 893 se,
728 854 996 896 comprecor,
1019 854 1117 882 esse
1138 841 1301 882 Deum.

153 911 291 966 Optat
307 911 423 953 idem
442 911 653 966 populus.
697 910 784 951 Sed
805 915 853 951 ut
874 911 919 951 in
940 922 1057 951 mare
1078 909 1259 950 flumina
1279 912 1468 959 vastum,

209 980 284 1021 Sic
306 980 421 1021 solet
443 979 620 1032 exiguae
643 991 809 1020 currere
829 979 949 1019 rivus
969 990 1117 1032 aquae.

152 1045 213 1088 At
233 1052 283 1088 tu
300 1047 532 1096 fortunam,
559 1045 687 1099 cujus
708 1058 842 1087 vocor
861 1045 964 1086 exul
985 1046 1040 1086 ab
1062 1057 1154 1094 ore,

211 1114 401 1155 Nomine
421 1113 619 1154 mendaci
640 1126 775 1167 parce
797 1125 975 1166 gravare
1000 1124 1155 1153 meam.
1550 1111 1607 1153 30

152 1246 217 1273 tere
230 1243 319 1283 culpa
332 1253 411 1274 mea.
460 1244 571 1273 Verum
585 1241 659 1281 quia
666 1242 832 1282 flagitium
846 1241 980 1278 nonfuit
994 1240 1191 1280 conjunctum
1206 1239 1252 1271 illi
1263 1241 1400 1280 peceato,
1421 1239 1499 1270 nihil
1514 1239 1608 1281 impe-

152 1286 235 1315 ravit
249 1285 312 1315 nisi
333 1295 380 1315 me
395 1294 499 1316 carere
513 1286 600 1315 domo
611 1284 731 1324 patria.
778 1284 822 1314 Et
836 1284 930 1315 sicuti
943 1293 1054 1315 numen
1078 1284 1254 1314 Ccesareum
1273 1282 1341 1321 fuit
1358 1283 1423 1313 lene
1437 1282 1521 1321 aliis,
1537 1293 1609 1323 quo-

151 1336 221 1357 rum
234 1336 295 1357 non
310 1327 403 1357 datur
417 1326 580 1365 assignare
593 1335 760 1365 numerum,
774 1325 821 1357 ita
834 1327 912 1358 mihi
919 1325 1000 1364 fuit.
1047 1327 1118 1366 lpse
1132 1326 1235 1356 utitur
1248 1325 1369 1356 nomine
1383 1325 1527 1366 relegati,
1546 1335 1608 1356 non

151 1369 252 1399 exulis
264 1378 340 1407 erga
356 1379 402 1399 me
411 1379 421 1399 .-
445 1378 536 1399 causa
550 1378 617 1399 mea
632 1372 678 1399 est
702 1379 806 1399 secura
831 1380 885 1400 suo
904 1370 1027 1408 judice.
1071 1369 1215 1409 Adeoque
1240 1378 1344 1400 versus
1365 1369 1465 1399 nostri
1490 1368 1608 1409 quales-

150 1420 274 1451 cumque
286 1412 461 1451 praedz'cant
473 1411 584 1442 merito
600 1414 670 1441 tuas
685 1411 790 1442 laudes
802 1422 858 1452 pro
875 1412 1003 1451 viribus,
1020 1412 1135 1442 Coesar.
1181 1411 1299 1442 Merito
1312 1420 1437 1442 veneror
1452 1411 1547 1449 Deos,
1572 1414 1607 1441 ut

151 1453 248 1484 adhuc
263 1453 322 1484 tibi
335 1457 448 1493 negent
470 1454 575 1484 aditus
595 1454 675 1491 coeh,
700 1458 732 1485 et
757 1455 854 1487 velint
876 1459 907 1486 te
929 1464 993 1486 esse
1009 1454 1111 1485 Deum
1126 1454 1192 1485 sine
1206 1464 1249 1485 se.
1295 1453 1389 1484 Plebs
1402 1454 1483 1485 idem
1497 1457 1584 1484 tonet
1595 1463 1607 1483 s

151 1505 257 1527 verum
271 1496 364 1527 sicuti
368 1496 465 1537 fluvii
479 1497 577 1526 solent
585 1495 741 1532 festinare
756 1496 789 1527 in
803 1507 951 1536 magnum
965 1506 1062 1535 mare,
1083 1497 1130 1526 ita
1146 1499 1175 1526 et
1189 1496 1275 1526 rivus
1286 1504 1394 1534 parvae
1418 1505 1516 1536 aquoe.
1561 1495 1608 1527 At

150 1541 197 1579 tu,
210 1548 250 1570 ex
265 1538 353 1578 cnjus
365 1549 417 1570 ore
432 1538 516 1569 dicor
532 1538 615 1577 exul,
630 1538 694 1568 noli
704 1548 844 1577 premere
860 1549 959 1570 meam
973 1541 1087 1569 sortem
1094 1538 1179 1576 falso
1193 1538 1323 1569 nomine.

763 1629 997 1641 emme-eea

156 1700 195 1729 17
221 1697 272 1727 Illi
288 1706 330 1727 ex
346 1700 424 1727 octo
438 1696 637 1727 melioribus
652 1706 661 1734 ;
682 1695 738 1726 alii
755 1705 828 1726 cum
846 1695 994 1735 vulgatis
1010 1696 1203 1726 ullum—18
1226 1695 1282 1726 Fr.
1306 1697 1342 1726 et
1359 1697 1429 1726 tres
1451 1694 1506 1725 alii
1524 1694 1608 1734 juss.

153 1740 238 1771 abire
256 1739 321 1777 foc.
339 1744 375 1770 et
391 1743 522 1778 septem
539 1739 593 1769 alii
610 1738 782 1768 locis.—19
805 1739 861 1769 Fr.
889 1748 976 1778 quor.
991 1747 1167 1778 componere
1182 1748 1240 1768 non
1249 1748 1261 1774 ;
1282 1738 1371 1768 Mor.
1397 1738 1584 1778 deprendere
1596 1749 1609 1775 ;

153 1783 238 1814 alius
261 1783 536 1820 contingere.-—20
564 1781 750 1820 Hamburg.
765 1782 850 1811 venit
865 1791 927 1821 pro
948 1781 1111 1819 fuit.--25
1129 1781 1198 1812 Pro
1214 1780 1322 1811 limina
1337 1780 1484 1811 nonnulli
1500 1781 1609 1813 edunt

155 1825 370 1856 lamium—26
394 1824 512 1855 Comb.
539 1829 574 1854 et
605 1824 757 1854 nonnulli
785 1828 869 1854 vett.
893 1834 955 1854 esse
973 1824 1049 1859 diu;
1082 1823 1170 1865 quod
1197 1828 1233 1854 et
1260 1823 1450 1862 Naugerius
1475 1828 1608 1855 rectum

154 1869 352 1907 patae—27
376 1866 600 1906 Jun.flumina
622 1868 849 1897 currum—30
875 1866 951 1896 Non
968 1866 1103 1905 damno,
1131 1865 1191 1897 sed
1205 1875 1316 1906 neque
1339 1865 1499 1905 displicet
1518 1866 1609 1907 quod

154 1910 188 1941 in
203 1919 269 1942 uno
286 1908 411 1941 Codice
435 1914 533 1940 extat
545 1908 681 1939 mordaci
697 1908 776 1948 [pro
792 1908 956 1949 mendaci}
986 1909 1103 1939 Burm.

811 2013 955 2045 NOTAE

200 2091 240 2120 18
269 2088 371 2128 Facis]
395 2089 466 2119 Pro
482 2089 592 2121 domo.
953 2091 994 2119 28
1029 2088 1144 2128 Rivus]
1179 2088 1307 2118 Preces
1335 2096 1409 2118 suas
1433 2097 1508 2117 cum
1535 2086 1609 2119 rivo

200 2141 240 2170 25
262 2138 386 2179 Adhuc]
411 2140 577 2170 Quamdiu
596 2139 690 2180 viget
712 2143 806 2179 aetas,
820 2142 856 2170 et
911 2137 1057 2178 confert,
1075 2138 1142 2178 qui,
1159 2137 1262 2168 nihilo
1277 2136 1385 2168 minus
1402 2147 1500 2179 quam
1514 2142 1611 2169 vasta

157 2188 266 2220 donec
281 2189 373 2219 senio
398 2188 556 2219 confecto
582 2189 624 2219 ad
648 2189 738 2229 ipsos
763 2189 856 2220 Deos
909 2186 1059 2228 flumina,
1074 2188 1107 2218 in
1125 2197 1217 2218 mare
1233 2187 1408 2224 decurrat3
1434 2192 1471 2218 ut
1487 2193 1521 2218 et
1537 2188 1610 2219 illas

156 2238 342 2270 accedendi
359 2243 489 2278 tempus
501 2239 555 2269 sit.
909 2238 1029 2269 coeluni
1046 2242 1227 2278 penetrare
1245 2236 1359 2269 Caesar
1374 2237 1551 2278 intelligat.

199 2291 241 2319 26
264 2288 338 2319 Sine
359 2287 404 2327 se]
428 2287 543 2329 Atque
571 2287 656 2320 adeo
682 2288 717 2320 in
739 2287 854 2329 terris,
950 2291 993 2320 29
1016 2288 1077 2330 Tu]
1099 2287 1276 2320 Inimicum
1292 2287 1487 2329 compellat.

158 2338 237 2370 dum
252 2337 302 2370 illi
316 2339 351 2370 in
367 2338 460 2370 coelis
480 2343 597 2380 agunt.
