<?xml version="1.0" encoding="UTF-8"?>
<!DOCTYPE html PUBLIC "-//W3C//DTD XHTML 1.0 Transitional//EN"
    "http://www.w3.org/TR/xhtml1/DTD/xhtml1-transitional.dtd">
<html xmlns="http://www.w3.org/1999/xhtml" xml:lang="en" lang="en">
 <head>
  <title>
</title>
<meta http-equiv="Content-Type" content="text/html;charset=utf-8" />
  <meta name='ocr-system' content='tesseract 3.04.00' />
  <meta name='ocr-capabilities' content='ocr_page ocr_carea ocr_par ocr_line ocrx_word'/>
</head>
<body>
  <div class='ocr_page' id='page_1' title='image "./operaomniaexedit05oviduoft/operaomniaexedit05oviduoft_0332.png"; bbox 0 0 1877 3193; ppageno 0'>
   <div class='ocr_carea' id='block_1_1' title="bbox 215 160 1188 205">
    <p class='ocr_par' dir='ltr' id='par_1_1' title="bbox 215 160 1188 205">
     <span class='ocr_line' id='line_1_1' title="bbox 215 160 1188 205; baseline 0.002 -2"><span class='ocrx_word' id='word_1_1' title='bbox 215 160 330 204; x_wconf 60' lang='lat'>25:321</span> <span class='ocrx_word' id='word_1_2' title='bbox 709 176 749 205; x_wconf 91' lang='lat' dir='ltr'>P.</span> <span class='ocrx_word' id='word_1_3' title='bbox 783 175 943 205; x_wconf 82' lang='lat' dir='ltr'>ovmu</span> <span class='ocrx_word' id='word_1_4' title='bbox 976 174 1188 205; x_wconf 74' lang='lat' dir='ltr'>NAsoms</span> 
     </span>
    </p>
   </div>
   <div class='ocr_carea' id='block_1_2' title="bbox 260 268 1671 364">
    <p class='ocr_par' dir='ltr' id='par_1_2' title="bbox 260 268 1671 364">
     <span class='ocr_line' id='line_1_2' title="bbox 261 268 1671 314; baseline 0.004 -15"><span class='ocrx_word' id='word_1_5' title='bbox 261 268 430 300; x_wconf 79' lang='lat' dir='ltr'><strong>ademtam</strong></span> <span class='ocrx_word' id='word_1_6' title='bbox 448 279 520 301; x_wconf 89' lang='lat' dir='ltr'>esse</span> <span class='ocrx_word' id='word_1_7' title='bbox 537 279 633 311; x_wconf 85' lang='lat' dir='ltr'>spem</span> <span class='ocrx_word' id='word_1_8' title='bbox 647 269 776 301; x_wconf 72' lang='lat' dir='ltr'>reditus</span> <span class='ocrx_word' id='word_1_9' title='bbox 792 279 799 299; x_wconf 91' lang='lat'>:</span> <span class='ocrx_word' id='word_1_10' title='bbox 823 268 1019 310; x_wconf 74' lang='lat' dir='ltr'>fateturque</span> <span class='ocrx_word' id='word_1_11' title='bbox 1035 269 1145 308; x_wconf 84' lang='lat' dir='ltr'>simul,</span> <span class='ocrx_word' id='word_1_12' title='bbox 1162 270 1194 301; x_wconf 87' lang='lat' dir='ltr'>in</span> <span class='ocrx_word' id='word_1_13' title='bbox 1213 270 1356 302; x_wconf 79' lang='lat' dir='ltr'>Caesaris</span> <span class='ocrx_word' id='word_1_14' title='bbox 1372 272 1554 304; x_wconf 78' lang='lat' dir='ltr'>clementia</span> <span class='ocrx_word' id='word_1_15' title='bbox 1569 273 1671 314; x_wconf 87' lang='lat' dir='ltr'>pluri-</span> 
     </span>
     <span class='ocr_line' id='line_1_3' title="bbox 260 323 1671 364; baseline 0.002 -11"><span class='ocrx_word' id='word_1_16' title='bbox 260 332 351 353; x_wconf 90' lang='lat' dir='ltr'>mum</span> <span class='ocrx_word' id='word_1_17' title='bbox 368 333 524 363; x_wconf 86' lang='lat' dir='ltr'>sperare:</span> <span class='ocrx_word' id='word_1_18' title='bbox 550 333 650 364; x_wconf 86' lang='lat' dir='ltr'>quem</span> <span class='ocrx_word' id='word_1_19' title='bbox 672 328 709 354; x_wconf 91' lang='lat' dir='ltr'>ut</span> <span class='ocrx_word' id='word_1_20' title='bbox 731 323 793 354; x_wconf 84' lang='lat' dir='ltr'>sibi</span> <span class='ocrx_word' id='word_1_21' title='bbox 811 324 1065 362; x_wconf 81' lang='lat' dir='ltr'>reconcilietur,</span> <span class='ocrx_word' id='word_1_22' title='bbox 1080 329 1250 364; x_wconf 84' lang='lat' dir='ltr'>precatur.</span> <span class='ocrx_word' id='word_1_23' title='bbox 1295 325 1439 357; x_wconf 88' lang='lat' dir='ltr'>Demum</span> <span class='ocrx_word' id='word_1_24' title='bbox 1462 326 1547 357; x_wconf 88' lang='lat' dir='ltr'>dicit</span> <span class='ocrx_word' id='word_1_25' title='bbox 1561 327 1671 356; x_wconf 89' lang='lat' dir='ltr'>omnia</span> 
     </span>
    </p>
   </div>
   <div class='ocr_carea' id='block_1_3' title="bbox 259 376 1672 470">
    <p class='ocr_par' dir='ltr' id='par_1_3' title="bbox 259 376 1672 470">
     <span class='ocr_line' id='line_1_4' title="bbox 259 376 1672 420; baseline 0.003 -13"><span class='ocrx_word' id='word_1_26' title='bbox 259 376 480 416; x_wconf 82' lang='lat' dir='ltr'>impossibilia</span> <span class='ocrx_word' id='word_1_27' title='bbox 509 378 621 418; x_wconf 85' lang='lat' dir='ltr'>potins</span> <span class='ocrx_word' id='word_1_28' title='bbox 645 377 718 409; x_wconf 88' lang='lat' dir='ltr'>fieri</span> <span class='ocrx_word' id='word_1_29' title='bbox 734 388 833 419; x_wconf 85' lang='lat' dir='ltr'>posse</span> <span class='ocrx_word' id='word_1_30' title='bbox 855 388 955 420; x_wconf 86' lang='lat' dir='ltr'>quam</span> <span class='ocrx_word' id='word_1_31' title='bbox 972 378 1114 409; x_wconf 87' lang='lat' dir='ltr'>credere</span> <span class='ocrx_word' id='word_1_32' title='bbox 1140 389 1175 409; x_wconf 88' lang='lat' dir='ltr'>se</span> <span class='ocrx_word' id='word_1_33' title='bbox 1201 389 1219 410; x_wconf 88' lang='lat' dir='ltr'>a</span> <span class='ocrx_word' id='word_1_34' title='bbox 1236 379 1394 410; x_wconf 79' lang='lat' dir='ltr'>Graecino</span> <span class='ocrx_word' id='word_1_35' title='bbox 1419 379 1485 410; x_wconf 80' lang='lat' dir='ltr'>fido</span> <span class='ocrx_word' id='word_1_36' title='bbox 1512 384 1547 410; x_wconf 88' lang='lat' dir='ltr'>et</span> <span class='ocrx_word' id='word_1_37' title='bbox 1565 380 1672 411; x_wconf 85' lang='lat' dir='ltr'>veteri</span> 
     </span>
     <span class='ocr_line' id='line_1_5' title="bbox 261 430 654 470; baseline 0.005 -10"><span class='ocrx_word' id='word_1_38' title='bbox 261 430 370 461; x_wconf 87' lang='lat' dir='ltr'>amico</span> <span class='ocrx_word' id='word_1_39' title='bbox 386 439 482 470; x_wconf 85' lang='lat' dir='ltr'>posse</span> <span class='ocrx_word' id='word_1_40' title='bbox 501 431 654 462; x_wconf 85' lang='lat' dir='ltr'>destitui.</span> 
     </span>
    </p>
   </div>
   <div class='ocr_carea' id='block_1_4' title="bbox 220 545 1679 1359">
    <p class='ocr_par' dir='ltr' id='par_1_4' title="bbox 220 545 1679 1359">
     <span class='ocr_line' id='line_1_6' title="bbox 221 545 1286 620; baseline 0.007 -18"><span class='ocrx_word' id='word_1_41' title='bbox 221 545 435 612; x_wconf 81' lang='lat' dir='ltr'>ECQU11)</span> <span class='ocrx_word' id='word_1_42' title='bbox 457 568 504 605; x_wconf 89' lang='lat' dir='ltr'>ut</span> <span class='ocrx_word' id='word_1_43' title='bbox 525 565 685 607; x_wconf 81' lang='lat' dir='ltr'>audisti</span> <span class='ocrx_word' id='word_1_44' title='bbox 715 564 837 620; x_wconf 79' lang='lat' dir='ltr'>(nam</span> <span class='ocrx_word' id='word_1_45' title='bbox 858 569 899 608; x_wconf 88' lang='lat' dir='ltr'>te</span> <span class='ocrx_word' id='word_1_46' title='bbox 922 567 1096 607; x_wconf 82' lang='lat' dir='ltr'>diversa</span> <span class='ocrx_word' id='word_1_47' title='bbox 1114 569 1286 609; x_wconf 82' lang='lat' dir='ltr'>tenebat</span> 
     </span>
     <span class='ocr_line' id='line_1_7' title="bbox 275 630 1208 684; baseline 0.005 -14"><span class='ocrx_word' id='word_1_48' title='bbox 275 630 428 684; x_wconf 85' lang='lat' dir='ltr'>Terra)</span> <span class='ocrx_word' id='word_1_49' title='bbox 445 645 569 672; x_wconf 84' lang='lat' dir='ltr'>meos</span> <span class='ocrx_word' id='word_1_50' title='bbox 592 646 737 683; x_wconf 81' lang='lat' dir='ltr'>casus,</span> <span class='ocrx_word' id='word_1_51' title='bbox 760 647 833 674; x_wconf 87' lang='lat' dir='ltr'>cor</span> <span class='ocrx_word' id='word_1_52' title='bbox 854 635 934 674; x_wconf 85' lang='lat' dir='ltr'>tibi</span> <span class='ocrx_word' id='word_1_53' title='bbox 954 635 1074 675; x_wconf 86' lang='lat' dir='ltr'>triste</span> <span class='ocrx_word' id='word_1_54' title='bbox 1094 634 1208 675; x_wconf 70' lang='lat' dir='ltr'>fuit?</span> 
     </span>
     <span class='ocr_line' id='line_1_8' title="bbox 220 698 1321 752; baseline 0.005 -15"><span class='ocrx_word' id='word_1_55' title='bbox 220 698 503 747; x_wconf 74' lang='lat' dir='ltr'>Dissimules,</span> <span class='ocrx_word' id='word_1_56' title='bbox 525 704 784 752; x_wconf 83' lang='lat' dir='ltr'>metuasque</span> <span class='ocrx_word' id='word_1_57' title='bbox 804 701 922 749; x_wconf 83' lang='lat' dir='ltr'>licet,</span> <span class='ocrx_word' id='word_1_58' title='bbox 945 702 1162 752; x_wconf 78' lang='lat' dir='ltr'>Graecine,</span> <span class='ocrx_word' id='word_1_59' title='bbox 1184 703 1321 752; x_wconf 83' lang='lat' dir='ltr'>fateri,</span> 
     </span>
     <span class='ocr_line' id='line_1_9' title="bbox 277 765 1132 819; baseline 0.002 -13"><span class='ocrx_word' id='word_1_60' title='bbox 277 765 326 806; x_wconf 80' lang='lat' dir='ltr'>Si</span> <span class='ocrx_word' id='word_1_61' title='bbox 347 766 456 806; x_wconf 87' lang='lat' dir='ltr'>bene</span> <span class='ocrx_word' id='word_1_62' title='bbox 477 770 519 806; x_wconf 86' lang='lat' dir='ltr'>te</span> <span class='ocrx_word' id='word_1_63' title='bbox 540 767 658 813; x_wconf 85' lang='lat' dir='ltr'>novi,</span> <span class='ocrx_word' id='word_1_64' title='bbox 682 767 800 807; x_wconf 84' lang='lat' dir='ltr'>triste</span> <span class='ocrx_word' id='word_1_65' title='bbox 822 766 958 806; x_wconf 86' lang='lat' dir='ltr'>fuisse</span> <span class='ocrx_word' id='word_1_66' title='bbox 980 768 1132 819; x_wconf 87' lang='lat' dir='ltr'>liquet.</span> 
     </span>
     <span class='ocr_line' id='line_1_10' title="bbox 221 832 1676 887; baseline 0.001 -15"><span class='ocrx_word' id='word_1_67' title='bbox 221 832 323 873; x_wconf 82' lang='lat' dir='ltr'>Non</span> <span class='ocrx_word' id='word_1_68' title='bbox 346 833 464 874; x_wconf 78' lang='lat' dir='ltr'>cadit</span> <span class='ocrx_word' id='word_1_69' title='bbox 483 835 526 874; x_wconf 90' lang='lat' dir='ltr'>in</span> <span class='ocrx_word' id='word_1_70' title='bbox 548 847 689 875; x_wconf 90' lang='lat' dir='ltr'>mores</span> <span class='ocrx_word' id='word_1_71' title='bbox 712 833 861 875; x_wconf 80' lang='lat' dir='ltr'>feritas</span> <span class='ocrx_word' id='word_1_72' title='bbox 881 835 1131 875; x_wconf 79' lang='lat' dir='ltr'>inamabilis</span> <span class='ocrx_word' id='word_1_73' title='bbox 1150 836 1288 887; x_wconf 84' lang='lat' dir='ltr'>istos;</span> <span class='ocrx_word' id='word_1_74' title='bbox 1649 848 1676 874; x_wconf 67' lang='lat' dir='ltr'>s)</span> 
     </span>
     <span class='ocr_line' id='line_1_11' title="bbox 281 896 1196 943; baseline 0.003 -4"><span class='ocrx_word' id='word_1_75' title='bbox 281 899 377 940; x_wconf 81' lang='lat' dir='ltr'>Nec</span> <span class='ocrx_word' id='word_1_76' title='bbox 398 901 543 941; x_wconf 88' lang='lat' dir='ltr'>minus</span> <span class='ocrx_word' id='word_1_77' title='bbox 564 914 590 941; x_wconf 82' lang='lat' dir='ltr'>a</span> <span class='ocrx_word' id='word_1_78' title='bbox 611 896 768 942; x_wconf 88' lang='lat' dir='ltr'>studiis</span> <span class='ocrx_word' id='word_1_79' title='bbox 790 901 975 941; x_wconf 75' lang='lat' dir='ltr'>dissidet</span> <span class='ocrx_word' id='word_1_80' title='bbox 996 902 1069 942; x_wconf 80' lang='lat' dir='ltr'>illa</span> <span class='ocrx_word' id='word_1_81' title='bbox 1090 902 1196 943; x_wconf 85' lang='lat' dir='ltr'>tuis.</span> 
     </span>
     <span class='ocr_line' id='line_1_12' title="bbox 220 967 1378 1022; baseline 0.003 -15"><span class='ocrx_word' id='word_1_82' title='bbox 220 967 403 1008; x_wconf 72' lang='lat' dir='ltr'>Artibus</span> <span class='ocrx_word' id='word_1_83' title='bbox 423 969 635 1021; x_wconf 81' lang='lat' dir='ltr'>ingenuis,</span> <span class='ocrx_word' id='word_1_84' title='bbox 659 982 839 1022; x_wconf 85' lang='lat' dir='ltr'>quarum</span> <span class='ocrx_word' id='word_1_85' title='bbox 859 970 937 1011; x_wconf 85' lang='lat' dir='ltr'>tibi</span> <span class='ocrx_word' id='word_1_86' title='bbox 956 970 1154 1010; x_wconf 85' lang='lat' dir='ltr'>maxima</span> <span class='ocrx_word' id='word_1_87' title='bbox 1171 983 1277 1011; x_wconf 83' lang='lat' dir='ltr'>cura</span> <span class='ocrx_word' id='word_1_88' title='bbox 1297 973 1378 1020; x_wconf 85' lang='lat' dir='ltr'>est,</span> 
     </span>
     <span class='ocr_line' id='line_1_13' title="bbox 277 1035 1220 1091; baseline 0.003 -16"><span class='ocrx_word' id='word_1_89' title='bbox 277 1035 464 1077; x_wconf 80' lang='lat' dir='ltr'>Pectora</span> <span class='ocrx_word' id='word_1_90' title='bbox 482 1036 759 1087; x_wconf 84' lang='lat' dir='ltr'>mollescunt,</span> <span class='ocrx_word' id='word_1_91' title='bbox 780 1037 1078 1091; x_wconf 82' lang='lat' dir='ltr'>asperitasque</span> <span class='ocrx_word' id='word_1_92' title='bbox 1097 1037 1220 1091; x_wconf 83' lang='lat' dir='ltr'>fugit.</span> 
     </span>
     <span class='ocr_line' id='line_1_14' title="bbox 221 1103 1343 1158; baseline 0.002 -15"><span class='ocrx_word' id='word_1_93' title='bbox 221 1103 318 1144; x_wconf 71' lang='lat' dir='ltr'>Nec</span> <span class='ocrx_word' id='word_1_94' title='bbox 341 1105 574 1157; x_wconf 84' lang='lat' dir='ltr'>quisquam</span> <span class='ocrx_word' id='word_1_95' title='bbox 595 1105 774 1144; x_wconf 88' lang='lat' dir='ltr'>meliore</span> <span class='ocrx_word' id='word_1_96' title='bbox 794 1105 879 1145; x_wconf 90' lang='lat' dir='ltr'>fide</span> <span class='ocrx_word' id='word_1_97' title='bbox 901 1105 1206 1158; x_wconf 85' lang='lat' dir='ltr'>complectitur</span> <span class='ocrx_word' id='word_1_98' title='bbox 1225 1104 1343 1155; x_wconf 83' lang='lat' dir='ltr'>illas,</span> 
     </span>
     <span class='ocr_line' id='line_1_15' title="bbox 280 1171 1679 1225; baseline 0.001 -14"><span class='ocrx_word' id='word_1_99' title='bbox 280 1171 382 1221; x_wconf 83' lang='lat' dir='ltr'>Qua</span> <span class='ocrx_word' id='word_1_100' title='bbox 404 1171 508 1211; x_wconf 90' lang='lat' dir='ltr'>sinit</span> <span class='ocrx_word' id='word_1_101' title='bbox 529 1171 735 1220; x_wconf 86' lang='lat' dir='ltr'>officium,</span> <span class='ocrx_word' id='word_1_102' title='bbox 759 1172 1013 1225; x_wconf 85' lang='lat' dir='ltr'>militiaeque</span> <span class='ocrx_word' id='word_1_103' title='bbox 1033 1173 1172 1213; x_wconf 84' lang='lat' dir='ltr'>labor.</span> <span class='ocrx_word' id='word_1_104' title='bbox 1624 1173 1679 1212; x_wconf 88' lang='lat'>10</span> 
     </span>
     <span class='ocr_line' id='line_1_16' title="bbox 226 1238 1433 1293; baseline 0.004 -16"><span class='ocrx_word' id='word_1_105' title='bbox 226 1238 353 1278; x_wconf 71' lang='lat' dir='ltr'>Certe</span> <span class='ocrx_word' id='word_1_106' title='bbox 374 1251 467 1290; x_wconf 77' lang='lat' dir='ltr'>ego,</span> <span class='ocrx_word' id='word_1_107' title='bbox 491 1251 590 1278; x_wconf 87' lang='lat' dir='ltr'>cum</span> <span class='ocrx_word' id='word_1_108' title='bbox 610 1238 799 1291; x_wconf 85' lang='lat' dir='ltr'>primum</span> <span class='ocrx_word' id='word_1_109' title='bbox 821 1239 946 1290; x_wconf 88' lang='lat' dir='ltr'>potui</span> <span class='ocrx_word' id='word_1_110' title='bbox 968 1239 1127 1279; x_wconf 83' lang='lat' dir='ltr'>sentire</span> <span class='ocrx_word' id='word_1_111' title='bbox 1149 1239 1255 1293; x_wconf 92' lang='lat' dir='ltr'>quid</span> <span class='ocrx_word' id='word_1_112' title='bbox 1276 1253 1433 1290; x_wconf 83' lang='lat' dir='ltr'>essem,</span> 
     </span>
     <span class='ocr_line' id='line_1_17' title="bbox 280 1304 1280 1359; baseline 0.001 -14"><span class='ocrx_word' id='word_1_113' title='bbox 280 1304 424 1359; x_wconf 76' lang='lat' dir='ltr'>(Nam</span> <span class='ocrx_word' id='word_1_114' title='bbox 444 1304 527 1345; x_wconf 81' lang='lat' dir='ltr'>suit</span> <span class='ocrx_word' id='word_1_115' title='bbox 546 1304 732 1346; x_wconf 84' lang='lat' dir='ltr'>attonito</span> <span class='ocrx_word' id='word_1_116' title='bbox 752 1316 877 1344; x_wconf 88' lang='lat' dir='ltr'>mens</span> <span class='ocrx_word' id='word_1_117' title='bbox 897 1304 1003 1346; x_wconf 90' lang='lat' dir='ltr'>mihi</span> <span class='ocrx_word' id='word_1_118' title='bbox 1023 1304 1144 1345; x_wconf 83' lang='lat' dir='ltr'>nulla</span> <span class='ocrx_word' id='word_1_119' title='bbox 1165 1304 1280 1359; x_wconf 90' lang='lat' dir='ltr'>diu,)</span> 
     </span>
    </p>
   </div>
   <div class='ocr_carea' id='block_1_5' title="bbox 220 1425 1684 1723">
    <p class='ocr_par' dir='ltr' id='par_1_5' title="bbox 220 1425 1684 1723">
     <span class='ocr_line' id='line_1_18' title="bbox 267 1425 1681 1467; baseline 0.001 -11"><span class='ocrx_word' id='word_1_120' title='bbox 267 1427 376 1456; x_wconf 74' lang='lat' dir='ltr'>Nonne</span> <span class='ocrx_word' id='word_1_121' title='bbox 390 1429 549 1466; x_wconf 73' lang='lat' dir='ltr'>postquam</span> <span class='ocrx_word' id='word_1_122' title='bbox 564 1426 709 1466; x_wconf 72' lang='lat' dir='ltr'>accepisti</span> <span class='ocrx_word' id='word_1_123' title='bbox 732 1437 831 1457; x_wconf 83' lang='lat' dir='ltr'>meam</span> <span class='ocrx_word' id='word_1_124' title='bbox 846 1427 1067 1463; x_wconf 76' lang='lat' dir='ltr'>calamitatem,</span> <span class='ocrx_word' id='word_1_125' title='bbox 1092 1436 1165 1457; x_wconf 79' lang='lat' dir='ltr'>nam</span> <span class='ocrx_word' id='word_1_126' title='bbox 1178 1429 1297 1458; x_wconf 80' lang='lat' dir='ltr'>remota</span> <span class='ocrx_word' id='word_1_127' title='bbox 1313 1430 1399 1458; x_wconf 80' lang='lat' dir='ltr'>terra</span> <span class='ocrx_word' id='word_1_128' title='bbox 1415 1429 1446 1457; x_wconf 70' lang='lat' dir='ltr'>te</span> <span class='ocrx_word' id='word_1_129' title='bbox 1461 1425 1603 1467; x_wconf 75' lang='lat' dir='ltr'>habebat,</span> <span class='ocrx_word' id='word_1_130' title='bbox 1629 1437 1681 1458; x_wconf 88' lang='lat' dir='ltr'>cor</span> 
     </span>
     <span class='ocr_line' id='line_1_19' title="bbox 222 1467 1682 1509; baseline 0.001 -12"><span class='ocrx_word' id='word_1_131' title='bbox 222 1473 307 1498; x_wconf 67' lang='lat' dir='ltr'>tuum.</span> <span class='ocrx_word' id='word_1_132' title='bbox 322 1477 449 1498; x_wconf 76' lang='lat' dir='ltr'>nzoerore</span> <span class='ocrx_word' id='word_1_133' title='bbox 463 1467 610 1508; x_wconf 77' lang='lat' dir='ltr'>affectam</span> <span class='ocrx_word' id='word_1_134' title='bbox 625 1467 694 1500; x_wconf 83' lang='lat' dir='ltr'>est?</span> <span class='ocrx_word' id='word_1_135' title='bbox 740 1469 887 1503; x_wconf 82' lang='lat' dir='ltr'>Quamvis</span> <span class='ocrx_word' id='word_1_136' title='bbox 912 1474 1011 1509; x_wconf 82' lang='lat' dir='ltr'>tegas,</span> <span class='ocrx_word' id='word_1_137' title='bbox 1040 1469 1197 1507; x_wconf 78' lang='lat' dir='ltr'>Graecine,</span> <span class='ocrx_word' id='word_1_138' title='bbox 1222 1472 1251 1499; x_wconf 81' lang='lat' dir='ltr'>et</span> <span class='ocrx_word' id='word_1_139' title='bbox 1266 1470 1344 1500; x_wconf 88' lang='lat' dir='ltr'>nolis</span> <span class='ocrx_word' id='word_1_140' title='bbox 1363 1479 1537 1509; x_wconf 82' lang='lat' dir='ltr'>agnoscere,</span> <span class='ocrx_word' id='word_1_141' title='bbox 1561 1470 1589 1500; x_wconf 79' lang='lat' dir='ltr'>si</span> <span class='ocrx_word' id='word_1_142' title='bbox 1603 1469 1682 1500; x_wconf 78' lang='lat' dir='ltr'>satis</span> 
     </span>
     <span class='ocr_line' id='line_1_20' title="bbox 221 1510 1680 1550; baseline 0.002 -10"><span class='ocrx_word' id='word_1_143' title='bbox 221 1511 298 1541; x_wconf 74' lang='lat' dir='ltr'>milii</span> <span class='ocrx_word' id='word_1_144' title='bbox 311 1513 488 1550; x_wconf 75' lang='lat' dir='ltr'>perspectas</span> <span class='ocrx_word' id='word_1_145' title='bbox 500 1520 543 1549; x_wconf 83' lang='lat' dir='ltr'>es,</span> <span class='ocrx_word' id='word_1_146' title='bbox 558 1514 678 1542; x_wconf 72' lang='lat' dir='ltr'>constat</span> <span class='ocrx_word' id='word_1_147' title='bbox 694 1514 724 1541; x_wconf 85' lang='lat' dir='ltr'>te</span> <span class='ocrx_word' id='word_1_148' title='bbox 739 1515 879 1542; x_wconf 82' lang='lat' dir='ltr'>moestum</span> <span class='ocrx_word' id='word_1_149' title='bbox 887 1510 999 1549; x_wconf 77' lang='lat' dir='ltr'>faisse.</span> <span class='ocrx_word' id='word_1_150' title='bbox 1044 1511 1175 1541; x_wconf 79' lang='lat' dir='ltr'>Saevz&#39;tia</span> <span class='ocrx_word' id='word_1_151' title='bbox 1190 1511 1290 1542; x_wconf 71' lang='lat' dir='ltr'>invisa</span> <span class='ocrx_word' id='word_1_152' title='bbox 1304 1521 1365 1542; x_wconf 82' lang='lat' dir='ltr'>non</span> <span class='ocrx_word' id='word_1_153' title='bbox 1379 1513 1463 1542; x_wconf 80' lang='lat' dir='ltr'>venit</span> <span class='ocrx_word' id='word_1_154' title='bbox 1479 1513 1511 1542; x_wconf 86' lang='lat' dir='ltr'>in</span> <span class='ocrx_word' id='word_1_155' title='bbox 1527 1513 1603 1543; x_wconf 82' lang='lat' dir='ltr'>istos</span> <span class='ocrx_word' id='word_1_156' title='bbox 1617 1522 1680 1543; x_wconf 87' lang='lat' dir='ltr'>mo-</span> 
     </span>
     <span class='ocr_line' id='line_1_21' title="bbox 220 1553 1680 1594; baseline 0.001 -12"><span class='ocrx_word' id='word_1_157' title='bbox 220 1563 270 1583; x_wconf 75' lang='lat' dir='ltr'>res</span> <span class='ocrx_word' id='word_1_158' title='bbox 281 1564 293 1590; x_wconf 88' lang='lat'>‚·</span> <span class='ocrx_word' id='word_1_159' title='bbox 316 1562 411 1593; x_wconf 83' lang='lat' dir='ltr'>neque</span> <span class='ocrx_word' id='word_1_160' title='bbox 426 1553 481 1583; x_wconf 87' lang='lat' dir='ltr'>illa</span> <span class='ocrx_word' id='word_1_161' title='bbox 496 1555 598 1584; x_wconf 72' lang='lat' dir='ltr'>minus</span> <span class='ocrx_word' id='word_1_162' title='bbox 612 1554 768 1593; x_wconf 78' lang='lat' dir='ltr'>discrepat</span> <span class='ocrx_word' id='word_1_163' title='bbox 783 1564 803 1585; x_wconf 87' lang='grc' dir='ltr'><em>α</em></span> <span class='ocrx_word' id='word_1_164' title='bbox 817 1553 881 1584; x_wconf 81' lang='lat' dir='ltr'>tuis</span> <span class='ocrx_word' id='word_1_165' title='bbox 895 1554 1020 1584; x_wconf 79' lang='lat' dir='ltr'>studiis.</span> <span class='ocrx_word' id='word_1_166' title='bbox 1067 1554 1170 1584; x_wconf 79' lang='lat' dir='ltr'>Corda</span> <span class='ocrx_word' id='word_1_167' title='bbox 1185 1553 1353 1594; x_wconf 81' lang='lat' dir='ltr'>leniuntur,</span> <span class='ocrx_word' id='word_1_168' title='bbox 1377 1557 1407 1584; x_wconf 87' lang='lat' dir='ltr'>et</span> <span class='ocrx_word' id='word_1_169' title='bbox 1415 1554 1532 1593; x_wconf 79' lang='lat' dir='ltr'>feritas</span> <span class='ocrx_word' id='word_1_170' title='bbox 1552 1555 1680 1594; x_wconf 82' lang='lat' dir='ltr'>pellitur</span> 
     </span>
     <span class='ocr_line' id='line_1_22' title="bbox 220 1596 1684 1638; baseline 0.001 -12"><span class='ocrx_word' id='word_1_171' title='bbox 220 1596 393 1636; x_wconf 75' lang='lat' dir='ltr'>disciplinis</span> <span class='ocrx_word' id='word_1_172' title='bbox 407 1596 596 1637; x_wconf 77' lang='lat' dir='ltr'>liberalibus,</span> <span class='ocrx_word' id='word_1_173' title='bbox 620 1597 728 1637; x_wconf 79' lang='lat' dir='ltr'>quibas</span> <span class='ocrx_word' id='word_1_174' title='bbox 752 1597 921 1627; x_wconf 79' lang='lat' dir='ltr'>maximam</span> <span class='ocrx_word' id='word_1_175' title='bbox 943 1597 999 1627; x_wconf 87' lang='lat' dir='ltr'>das</span> <span class='ocrx_word' id='word_1_176' title='bbox 1019 1605 1153 1636; x_wconf 83' lang='lat' dir='ltr'>operam.</span> <span class='ocrx_word' id='word_1_177' title='bbox 1199 1597 1306 1637; x_wconf 83' lang='lat' dir='ltr'>Neqae</span> <span class='ocrx_word' id='word_1_178' title='bbox 1330 1597 1488 1638; x_wconf 75' lang='lat' dir='ltr'>quisquam</span> <span class='ocrx_word' id='word_1_179' title='bbox 1502 1596 1595 1633; x_wconf 79' lang='lat' dir='ltr'>foret</span> <span class='ocrx_word' id='word_1_180' title='bbox 1620 1597 1684 1627; x_wconf 75' lang='lat' dir='ltr'>illis</span> 
     </span>
     <span class='ocr_line' id='line_1_23' title="bbox 222 1639 1684 1682; baseline 0.001 -13"><span class='ocrx_word' id='word_1_181' title='bbox 222 1640 324 1669; x_wconf 79' lang='lat' dir='ltr'>animo</span> <span class='ocrx_word' id='word_1_182' title='bbox 342 1640 444 1679; x_wconf 80' lang='lat' dir='ltr'>magis</span> <span class='ocrx_word' id='word_1_183' title='bbox 457 1640 588 1679; x_wconf 80' lang='lat' dir='ltr'>sincero,</span> <span class='ocrx_word' id='word_1_184' title='bbox 610 1643 761 1679; x_wconf 83' lang='lat' dir='ltr'>quantum</span> <span class='ocrx_word' id='word_1_185' title='bbox 775 1640 920 1682; x_wconf 73' lang='lat' dir='ltr'>officiam,</span> <span class='ocrx_word' id='word_1_186' title='bbox 945 1643 974 1670; x_wconf 81' lang='lat' dir='ltr'>et</span> <span class='ocrx_word' id='word_1_187' title='bbox 997 1639 1083 1670; x_wconf 84' lang='lat' dir='ltr'>labor</span> <span class='ocrx_word' id='word_1_188' title='bbox 1096 1639 1222 1670; x_wconf 71' lang='lat' dir='ltr'>militia&gt;</span> <span class='ocrx_word' id='word_1_189' title='bbox 1246 1639 1394 1671; x_wconf 77' lang='lat' dir='ltr'>concedit.</span> <span class='ocrx_word' id='word_1_190' title='bbox 1439 1639 1587 1677; x_wconf 78' lang='lat' dir='ltr'>Profecto</span> <span class='ocrx_word' id='word_1_191' title='bbox 1601 1643 1684 1680; x_wconf 78' lang='lat' dir='ltr'>post-</span> 
     </span>
     <span class='ocr_line' id='line_1_24' title="bbox 222 1682 1684 1723; baseline 0.001 -11"><span class='ocrx_word' id='word_1_192' title='bbox 222 1692 313 1722; x_wconf 71' lang='lat' dir='ltr'>quam</span> <span class='ocrx_word' id='word_1_193' title='bbox 329 1691 384 1721; x_wconf 80' lang='lat' dir='ltr'>ego</span> <span class='ocrx_word' id='word_1_194' title='bbox 396 1683 485 1722; x_wconf 81' lang='lat' dir='ltr'>potui</span> <span class='ocrx_word' id='word_1_195' title='bbox 500 1692 678 1722; x_wconf 81' lang='lat' dir='ltr'>cognoscere</span> <span class='ocrx_word' id='word_1_196' title='bbox 689 1682 827 1723; x_wconf 82' lang='lat' dir='ltr'>primum</span> <span class='ocrx_word' id='word_1_197' title='bbox 851 1683 925 1723; x_wconf 84' lang='lat' dir='ltr'>quid</span> <span class='ocrx_word' id='word_1_198' title='bbox 951 1691 1057 1721; x_wconf 83' lang='lat' dir='ltr'>essem,</span> <span class='ocrx_word' id='word_1_199' title='bbox 1081 1683 1177 1723; x_wconf 80' lang='lat' dir='ltr'>(nam</span> <span class='ocrx_word' id='word_1_200' title='bbox 1199 1682 1302 1714; x_wconf 82' lang='lat' dir='ltr'>nullas</span> <span class='ocrx_word' id='word_1_201' title='bbox 1323 1692 1428 1713; x_wconf 83' lang='lat' dir='ltr'>sensus</span> <span class='ocrx_word' id='word_1_202' title='bbox 1445 1682 1516 1721; x_wconf 80' lang='lat' dir='ltr'>fuit</span> <span class='ocrx_word' id='word_1_203' title='bbox 1530 1683 1585 1713; x_wconf 82' lang='lat' dir='ltr'>diu</span> <span class='ocrx_word' id='word_1_204' title='bbox 1607 1682 1684 1713; x_wconf 79' lang='lat' dir='ltr'>mihi</span> 
     </span>
    </p>
   </div>
   <div class='ocr_carea' id='block_1_6' title="bbox 838 1755 1070 1767">
    <p class='ocr_par' dir='ltr' id='par_1_6' title="bbox 838 1755 1070 1767">
     <span class='ocr_line' id='line_1_25' title="bbox 838 1755 1070 1767; baseline -0.004 0"><span class='ocrx_word' id='word_1_205' title='bbox 838 1756 952 1767; x_wconf 53' lang='lat' dir='ltr'>‘estet‘</span> <span class='ocrx_word' id='word_1_206' title='bbox 955 1755 1070 1767; x_wconf 54' lang='lat' dir='ltr'>meu</span> 
     </span>
    </p>
   </div>
   <div class='ocr_carea' id='block_1_7' title="bbox 223 1797 1685 2475">
    <p class='ocr_par' dir='ltr' id='par_1_7' title="bbox 223 1797 1685 2475">
     <span class='ocr_line' id='line_1_26' title="bbox 266 1797 1681 1837; baseline -0.001 -7"><span class='ocrx_word' id='word_1_207' title='bbox 266 1798 349 1830; x_wconf 88' lang='lat' dir='ltr'>Julii</span> <span class='ocrx_word' id='word_1_208' title='bbox 365 1798 516 1830; x_wconf 83' lang='lat' dir='ltr'>Graecini</span> <span class='ocrx_word' id='word_1_209' title='bbox 541 1799 695 1831; x_wconf 82' lang='lat' dir='ltr'>meminit</span> <span class='ocrx_word' id='word_1_210' title='bbox 720 1798 863 1837; x_wconf 81' lang='lat' dir='ltr'>Seneca,</span> <span class='ocrx_word' id='word_1_211' title='bbox 880 1802 915 1829; x_wconf 86' lang='lat' dir='ltr'>et</span> <span class='ocrx_word' id='word_1_212' title='bbox 943 1797 1061 1829; x_wconf 89' lang='lat' dir='ltr'>laudat</span> <span class='ocrx_word' id='word_1_213' title='bbox 1085 1808 1158 1829; x_wconf 87' lang='lat' dir='ltr'>eum</span> <span class='ocrx_word' id='word_1_214' title='bbox 1175 1798 1235 1829; x_wconf 87' lang='lat' dir='ltr'>lib.</span> <span class='ocrx_word' id='word_1_215' title='bbox 1252 1808 1293 1830; x_wconf 79' lang='lat'>11.</span> <span class='ocrx_word' id='word_1_216' title='bbox 1311 1799 1354 1830; x_wconf 86' lang='lat' dir='ltr'>de</span> <span class='ocrx_word' id='word_1_217' title='bbox 1370 1797 1491 1830; x_wconf 83' lang='lat' dir='ltr'>Benef.</span> <span class='ocrx_word' id='word_1_218' title='bbox 1509 1809 1537 1830; x_wconf 75' lang='lat' dir='ltr'>e.</span> <span class='ocrx_word' id='word_1_219' title='bbox 1554 1802 1606 1830; x_wconf 79' lang='lat'>21.</span> <span class='ocrx_word' id='word_1_220' title='bbox 1624 1798 1681 1830; x_wconf 85' lang='lat' dir='ltr'>ubi</span> 
     </span>
     <span class='ocr_line' id='line_1_27' title="bbox 223 1841 1683 1883; baseline 0.001 -13"><span class='ocrx_word' id='word_1_221' title='bbox 223 1841 291 1871; x_wconf 83' lang='lat' dir='ltr'>vid.</span> <span class='ocrx_word' id='word_1_222' title='bbox 310 1841 471 1882; x_wconf 84' lang='lat' dir='ltr'>Lipsium.</span> <span class='ocrx_word' id='word_1_223' title='bbox 515 1842 669 1883; x_wconf 81' lang='lat' dir='ltr'>Scaliger</span> <span class='ocrx_word' id='word_1_224' title='bbox 684 1842 834 1882; x_wconf 83' lang='lat' dir='ltr'>legebat,</span> <span class='ocrx_word' id='word_1_225' title='bbox 855 1842 907 1872; x_wconf 89' lang='lat' dir='ltr'>Ad</span> <span class='ocrx_word' id='word_1_226' title='bbox 921 1841 1126 1880; x_wconf 74' lang='lat' dir='ltr'>Pomponium</span> <span class='ocrx_word' id='word_1_227' title='bbox 1155 1842 1345 1873; x_wconf 81' lang='lat' dir='ltr'>Graecinum.</span> <span class='ocrx_word' id='word_1_228' title='bbox 1392 1843 1564 1873; x_wconf 81' lang='lat' dir='ltr'>Incertum</span> <span class='ocrx_word' id='word_1_229' title='bbox 1582 1851 1622 1872; x_wconf 90' lang='lat' dir='ltr'>an</span> <span class='ocrx_word' id='word_1_230' title='bbox 1640 1852 1683 1872; x_wconf 79' lang='lat' dir='ltr'>ex</span> 
     </span>
     <span class='ocr_line' id='line_1_28' title="bbox 223 1883 1681 1924; baseline 0.001 -11"><span class='ocrx_word' id='word_1_231' title='bbox 223 1884 432 1923; x_wconf 77' lang='lat' dir='ltr'>conjectura.</span> <span class='ocrx_word' id='word_1_232' title='bbox 456 1884 634 1916; x_wconf 58' lang='lat' dir='ltr'>Heius—1</span> <span class='ocrx_word' id='word_1_233' title='bbox 659 1886 755 1916; x_wconf 91' lang='lat' dir='ltr'>Unus</span> <span class='ocrx_word' id='word_1_234' title='bbox 778 1884 899 1916; x_wconf 82' lang='lat' dir='ltr'>Heins.</span> <span class='ocrx_word' id='word_1_235' title='bbox 934 1883 1092 1923; x_wconf 77' lang='lat' dir='ltr'>Numquid</span> <span class='ocrx_word' id='word_1_236' title='bbox 1115 1887 1170 1914; x_wconf 83' lang='lat' dir='ltr'>ut:</span> <span class='ocrx_word' id='word_1_237' title='bbox 1205 1885 1294 1915; x_wconf 88' lang='lat' dir='ltr'>Mor.</span> <span class='ocrx_word' id='word_1_238' title='bbox 1324 1885 1442 1924; x_wconf 81' lang='lat' dir='ltr'>Ecquid</span> <span class='ocrx_word' id='word_1_239' title='bbox 1464 1884 1589 1915; x_wconf 53' lang='lat' dir='ltr'>uba—3</span> <span class='ocrx_word' id='word_1_240' title='bbox 1614 1885 1681 1915; x_wconf 60' lang='grc' dir='ltr'>ΜΞ.</span> 
     </span>
     <span class='ocr_line' id='line_1_29' title="bbox 224 1926 1682 1967; baseline 0.001 -11"><span class='ocrx_word' id='word_1_241' title='bbox 224 1927 356 1958; x_wconf 80' lang='lat' dir='ltr'>Bersm.</span> <span class='ocrx_word' id='word_1_242' title='bbox 373 1930 492 1958; x_wconf 83' lang='lat' dir='ltr'>metuas</span> <span class='ocrx_word' id='word_1_243' title='bbox 518 1928 601 1966; x_wconf 75' lang='lat' dir='ltr'>licet,</span> <span class='ocrx_word' id='word_1_244' title='bbox 615 1939 632 1958; x_wconf 92' lang='lat' dir='ltr'>o</span> <span class='ocrx_word' id='word_1_245' title='bbox 650 1929 821 1959; x_wconf 52' lang='grc' dir='ltr'>(ξηαπ-4</span> <span class='ocrx_word' id='word_1_246' title='bbox 846 1927 927 1957; x_wconf 88' lang='lat' dir='ltr'>Duo</span> <span class='ocrx_word' id='word_1_247' title='bbox 944 1926 1021 1957; x_wconf 84' lang='lat' dir='ltr'>libri</span> <span class='ocrx_word' id='word_1_248' title='bbox 1038 1937 1107 1957; x_wconf 80' lang='lat' dir='ltr'>noo.</span> <span class='ocrx_word' id='word_1_249' title='bbox 1128 1937 1179 1957; x_wconf 87' lang='lat' dir='ltr'>cor</span> <span class='ocrx_word' id='word_1_250' title='bbox 1193 1927 1251 1958; x_wconf 74' lang='lat' dir='ltr'>tibi</span> <span class='ocrx_word' id='word_1_251' title='bbox 1273 1927 1516 1965; x_wconf 79' lang='lat' dir='ltr'>tristefuit.-—-6</span> <span class='ocrx_word' id='word_1_252' title='bbox 1541 1926 1595 1957; x_wconf 80' lang='lat' dir='ltr'>Ita</span> <span class='ocrx_word' id='word_1_253' title='bbox 1610 1928 1682 1967; x_wconf 88' lang='lat' dir='ltr'>qni-</span> 
     </span>
     <span class='ocr_line' id='line_1_30' title="bbox 225 1968 1682 2010; baseline -0.001 -11"><span class='ocrx_word' id='word_1_254' title='bbox 225 1969 300 1999; x_wconf 86' lang='lat' dir='ltr'>dem</span> <span class='ocrx_word' id='word_1_255' title='bbox 317 1970 452 2000; x_wconf 81' lang='lat' dir='ltr'>Merula</span> <span class='ocrx_word' id='word_1_256' title='bbox 467 1980 506 2001; x_wconf 86' lang='lat' dir='ltr'>ac</span> <span class='ocrx_word' id='word_1_257' title='bbox 524 1971 630 2001; x_wconf 83' lang='lat' dir='ltr'>ceteri</span> <span class='ocrx_word' id='word_1_258' title='bbox 646 1971 778 2010; x_wconf 84' lang='lat' dir='ltr'>legunt,</span> <span class='ocrx_word' id='word_1_259' title='bbox 792 1974 830 2001; x_wconf 88' lang='lat' dir='ltr'>ut</span> <span class='ocrx_word' id='word_1_260' title='bbox 847 1977 1033 2010; x_wconf 86' lang='lat' dir='ltr'>pronomen</span> <span class='ocrx_word' id='word_1_261' title='bbox 1055 1969 1116 2000; x_wconf 80' lang='lat' dir='ltr'>ista</span> <span class='ocrx_word' id='word_1_262' title='bbox 1142 1969 1183 2000; x_wconf 91' lang='lat' dir='ltr'>ad</span> <span class='ocrx_word' id='word_1_263' title='bbox 1212 1968 1382 2000; x_wconf 87' lang='lat' dir='ltr'>feritatem</span> <span class='ocrx_word' id='word_1_264' title='bbox 1399 1968 1578 2000; x_wconf 85' lang='lat' dir='ltr'>referatur.</span> <span class='ocrx_word' id='word_1_265' title='bbox 1613 1969 1682 2000; x_wconf 85' lang='lat' dir='ltr'>Sed</span> 
     </span>
     <span class='ocr_line' id='line_1_31' title="bbox 226 2010 1683 2053; baseline 0.001 -12"><span class='ocrx_word' id='word_1_266' title='bbox 226 2012 306 2052; x_wconf 86' lang='lat' dir='ltr'>quid</span> <span class='ocrx_word' id='word_1_267' title='bbox 332 2013 359 2043; x_wconf 89' lang='lat' dir='ltr'>si</span> <span class='ocrx_word' id='word_1_268' title='bbox 376 2013 480 2053; x_wconf 81' lang='lat' dir='ltr'>legas,</span> <span class='ocrx_word' id='word_1_269' title='bbox 500 2014 564 2044; x_wconf 89' lang='lat' dir='ltr'>Nec</span> <span class='ocrx_word' id='word_1_270' title='bbox 585 2013 829 2044; x_wconf 83' lang='lat' dir='ltr'>mensastudiis</span> <span class='ocrx_word' id='word_1_271' title='bbox 852 2012 981 2043; x_wconf 77' lang='lat' dir='ltr'>dissidet</span> <span class='ocrx_word' id='word_1_272' title='bbox 1008 2012 1070 2042; x_wconf 77' lang='lat' dir='ltr'>ista</span> <span class='ocrx_word' id='word_1_273' title='bbox 1095 2010 1184 2043; x_wconf 78' lang='lat' dir='ltr'>tuis?</span> <span class='ocrx_word' id='word_1_274' title='bbox 1217 2017 1254 2042; x_wconf 92' lang='lat' dir='ltr'>ut</span> <span class='ocrx_word' id='word_1_275' title='bbox 1277 2012 1321 2043; x_wconf 83' lang='lat' dir='ltr'>sit</span> <span class='ocrx_word' id='word_1_276' title='bbox 1338 2022 1472 2043; x_wconf 79' lang='lat' dir='ltr'>sensus:</span> <span class='ocrx_word' id='word_1_277' title='bbox 1500 2013 1573 2043; x_wconf 76' lang='lat' dir='ltr'>Ne(-</span> <span class='ocrx_word' id='word_1_278' title='bbox 1589 2021 1683 2042; x_wconf 89' lang='lat' dir='ltr'>mens</span> 
     </span>
     <span class='ocr_line' id='line_1_32' title="bbox 226 2054 1685 2096; baseline 0.001 -13"><span class='ocrx_word' id='word_1_279' title='bbox 226 2054 291 2084; x_wconf 62' lang='lat' dir='ltr'>ista</span> <span class='ocrx_word' id='word_1_280' title='bbox 304 2059 363 2086; x_wconf 89' lang='lat' dir='ltr'>tua</span> <span class='ocrx_word' id='word_1_281' title='bbox 378 2056 443 2085; x_wconf 87' lang='lat' dir='ltr'>alia</span> <span class='ocrx_word' id='word_1_282' title='bbox 459 2061 523 2094; x_wconf 89' lang='lat' dir='ltr'>est,</span> <span class='ocrx_word' id='word_1_283' title='bbox 537 2066 635 2096; x_wconf 89' lang='lat' dir='ltr'>quam</span> <span class='ocrx_word' id='word_1_284' title='bbox 653 2060 731 2086; x_wconf 88' lang='lat' dir='ltr'>sunt</span> <span class='ocrx_word' id='word_1_285' title='bbox 747 2055 858 2086; x_wconf 83' lang='lat' dir='ltr'>studia</span> <span class='ocrx_word' id='word_1_286' title='bbox 875 2059 953 2093; x_wconf 84' lang='lat' dir='ltr'>tua3</span> <span class='ocrx_word' id='word_1_287' title='bbox 980 2054 1044 2085; x_wconf 91' lang='lat' dir='ltr'>hoc</span> <span class='ocrx_word' id='word_1_288' title='bbox 1072 2060 1139 2094; x_wconf 88' lang='lat' dir='ltr'>est,</span> <span class='ocrx_word' id='word_1_289' title='bbox 1165 2055 1309 2085; x_wconf 87' lang='lat' dir='ltr'>humana</span> <span class='ocrx_word' id='word_1_290' title='bbox 1327 2065 1366 2086; x_wconf 87' lang='lat' dir='ltr'>ac</span> <span class='ocrx_word' id='word_1_291' title='bbox 1381 2055 1553 2093; x_wconf 85' lang='lat' dir='ltr'>liberalis;</span> <span class='ocrx_word' id='word_1_292' title='bbox 1578 2060 1616 2085; x_wconf 86' lang='lat' dir='ltr'>nt</span> <span class='ocrx_word' id='word_1_293' title='bbox 1632 2064 1685 2085; x_wconf 85' lang='lat' dir='ltr'>se.-</span> 
     </span>
     <span class='ocr_line' id='line_1_33' title="bbox 226 2096 1682 2138; baseline 0.001 -12"><span class='ocrx_word' id='word_1_294' title='bbox 226 2106 331 2136; x_wconf 84' lang='lat' dir='ltr'>quens</span> <span class='ocrx_word' id='word_1_295' title='bbox 348 2097 516 2128; x_wconf 76' lang='lat' dir='ltr'>distichon</span> <span class='ocrx_word' id='word_1_296' title='bbox 533 2100 577 2128; x_wconf 91' lang='lat' dir='ltr'>sit</span> <span class='ocrx_word' id='word_1_297' title='bbox 593 2099 686 2129; x_wconf 89' lang='lat' dir='ltr'>velut</span> <span class='ocrx_word' id='word_1_298' title='bbox 702 2097 877 2136; x_wconf 73' lang='grc' dir='ltr'>αἰτιολογία</span> <span class='ocrx_word' id='word_1_299' title='bbox 891 2096 1044 2138; x_wconf 85' lang='lat' dir='ltr'>quaedam</span> <span class='ocrx_word' id='word_1_300' title='bbox 1063 2097 1105 2127; x_wconf 88' lang='lat' dir='ltr'>ad</span> <span class='ocrx_word' id='word_1_301' title='bbox 1123 2097 1355 2137; x_wconf 82' lang='lat' dir='ltr'>praecedentia</span> <span class='ocrx_word' id='word_1_302' title='bbox 1370 2108 1376 2128; x_wconf 89' lang='lat'>:</span> <span class='ocrx_word' id='word_1_303' title='bbox 1404 2097 1578 2135; x_wconf 82' lang='lat' dir='ltr'>videlicet,</span> <span class='ocrx_word' id='word_1_304' title='bbox 1593 2096 1682 2137; x_wconf 89' lang='lat' dir='ltr'>quod</span> 
     </span>
     <span class='ocr_line' id='line_1_34' title="bbox 226 2139 1684 2180; baseline 0 -12"><span class='ocrx_word' id='word_1_305' title='bbox 226 2139 356 2169; x_wconf 85' lang='lat' dir='ltr'>artibus</span> <span class='ocrx_word' id='word_1_306' title='bbox 373 2139 528 2178; x_wconf 87' lang='lat' dir='ltr'>ingenuis</span> <span class='ocrx_word' id='word_1_307' title='bbox 544 2141 744 2170; x_wconf 84' lang='lat' dir='ltr'>mollescant</span> <span class='ocrx_word' id='word_1_308' title='bbox 767 2144 921 2180; x_wconf 82' lang='lat' dir='ltr'>pectora⁷</span> <span class='ocrx_word' id='word_1_309' title='bbox 947 2143 982 2169; x_wconf 84' lang='lat' dir='ltr'>et</span> <span class='ocrx_word' id='word_1_310' title='bbox 1004 2139 1113 2179; x_wconf 86' lang='lat' dir='ltr'>fugiat</span> <span class='ocrx_word' id='word_1_311' title='bbox 1127 2140 1234 2170; x_wconf 91' lang='lat' dir='ltr'>omnis</span> <span class='ocrx_word' id='word_1_312' title='bbox 1251 2140 1428 2179; x_wconf 87' lang='lat' dir='ltr'>asperitas,</span> <span class='ocrx_word' id='word_1_313' title='bbox 1444 2142 1507 2170; x_wconf 69' lang='grc' dir='ltr'>δερ.</span> <span class='ocrx_word' id='word_1_314' title='bbox 1552 2139 1618 2169; x_wconf 87' lang='lat' dir='ltr'>Sed</span> <span class='ocrx_word' id='word_1_315' title='bbox 1636 2143 1684 2169; x_wconf 86' lang='lat' dir='ltr'>ta-</span> 
     </span>
     <span class='ocr_line' id='line_1_35' title="bbox 226 2181 1681 2221; baseline -0.001 -11"><span class='ocrx_word' id='word_1_316' title='bbox 226 2190 302 2210; x_wconf 86' lang='lat' dir='ltr'>men</span> <span class='ocrx_word' id='word_1_317' title='bbox 319 2186 355 2211; x_wconf 87' lang='lat' dir='ltr'>et</span> <span class='ocrx_word' id='word_1_318' title='bbox 371 2182 465 2220; x_wconf 87' lang='lat' dir='ltr'>prior</span> <span class='ocrx_word' id='word_1_319' title='bbox 480 2182 582 2212; x_wconf 81' lang='lat' dir='ltr'>lectio</span> <span class='ocrx_word' id='word_1_320' title='bbox 600 2186 694 2212; x_wconf 83' lang='lat' dir='ltr'>recte</span> <span class='ocrx_word' id='word_1_321' title='bbox 717 2182 831 2219; x_wconf 87' lang='lat' dir='ltr'>habet,</span> <span class='ocrx_word' id='word_1_322' title='bbox 849 2181 876 2210; x_wconf 89' lang='lat' dir='ltr'>si</span> <span class='ocrx_word' id='word_1_323' title='bbox 893 2181 1054 2210; x_wconf 87' lang='lat' dir='ltr'>adverbia</span> <span class='ocrx_word' id='word_1_324' title='bbox 1071 2181 1139 2210; x_wconf 82' lang='lat' dir='ltr'>Nec</span> <span class='ocrx_word' id='word_1_325' title='bbox 1155 2181 1256 2211; x_wconf 82' lang='lat' dir='ltr'>minas</span> <span class='ocrx_word' id='word_1_326' title='bbox 1273 2191 1334 2221; x_wconf 89' lang='lat' dir='ltr'>pro</span> <span class='ocrx_word' id='word_1_327' title='bbox 1350 2181 1576 2212; x_wconf 82' lang='lat' dir='ltr'>connectendi</span> <span class='ocrx_word' id='word_1_328' title='bbox 1607 2189 1681 2219; x_wconf 88' lang='lat' dir='ltr'>par-</span> 
     </span>
     <span class='ocr_line' id='line_1_36' title="bbox 226 2221 1681 2262; baseline 0.001 -10"><span class='ocrx_word' id='word_1_329' title='bbox 226 2224 333 2253; x_wconf 84' lang='lat' dir='ltr'>ticula</span> <span class='ocrx_word' id='word_1_330' title='bbox 348 2222 582 2262; x_wconf 87' lang='lat' dir='ltr'>accipiantur:</span> <span class='ocrx_word' id='word_1_331' title='bbox 608 2228 643 2253; x_wconf 86' lang='lat' dir='ltr'>et</span> <span class='ocrx_word' id='word_1_332' title='bbox 660 2233 720 2262; x_wconf 84' lang='lat' dir='ltr'>pro</span> <span class='ocrx_word' id='word_1_333' title='bbox 735 2224 810 2261; x_wconf 79' lang='lat' dir='ltr'>ista,</span> <span class='ocrx_word' id='word_1_334' title='bbox 825 2223 890 2261; x_wconf 85' lang='lat' dir='ltr'>illa,</span> <span class='ocrx_word' id='word_1_335' title='bbox 906 2227 945 2252; x_wconf 90' lang='lat' dir='ltr'>ut</span> <span class='ocrx_word' id='word_1_336' title='bbox 961 2221 1064 2252; x_wconf 85' lang='lat' dir='ltr'>etiam</span> <span class='ocrx_word' id='word_1_337' title='bbox 1088 2221 1214 2252; x_wconf 87' lang='lat' dir='ltr'>Aldina</span> <span class='ocrx_word' id='word_1_338' title='bbox 1237 2223 1342 2253; x_wconf 88' lang='lat' dir='ltr'>editio</span> <span class='ocrx_word' id='word_1_339' title='bbox 1357 2223 1470 2258; x_wconf 88' lang='lat' dir='ltr'>habet,</span> <span class='ocrx_word' id='word_1_340' title='bbox 1487 2226 1681 2261; x_wconf 83' lang='lat' dir='ltr'>reponatur.</span> 
     </span>
     <span class='ocr_line' id='line_1_37' title="bbox 228 2264 1683 2305; baseline -0.002 -9"><span class='ocrx_word' id='word_1_341' title='bbox 228 2265 351 2305; x_wconf 81' lang='lat' dir='ltr'>Mycill.</span> <span class='ocrx_word' id='word_1_342' title='bbox 396 2265 462 2295; x_wconf 84' lang='lat' dir='ltr'>Nec</span> <span class='ocrx_word' id='word_1_343' title='bbox 477 2265 576 2296; x_wconf 83' lang='lat' dir='ltr'>minus</span> <span class='ocrx_word' id='word_1_344' title='bbox 590 2275 609 2295; x_wconf 83' lang='grc' dir='ltr'>ιι</span> <span class='ocrx_word' id='word_1_345' title='bbox 621 2265 735 2295; x_wconf 81' lang='lat' dir='ltr'>stadiis</span> <span class='ocrx_word' id='word_1_346' title='bbox 746 2265 875 2295; x_wconf 79' lang='lat' dir='ltr'>dissidet</span> <span class='ocrx_word' id='word_1_347' title='bbox 890 2264 952 2294; x_wconf 79' lang='lat' dir='ltr'>ista</span> <span class='ocrx_word' id='word_1_348' title='bbox 968 2264 1031 2294; x_wconf 78' lang='lat' dir='ltr'>tuis</span> <span class='ocrx_word' id='word_1_349' title='bbox 1048 2264 1167 2302; x_wconf 85' lang='lat' dir='ltr'>scripti</span> <span class='ocrx_word' id='word_1_350' title='bbox 1181 2269 1380 2294; x_wconf 87' lang='lat' dir='ltr'>constanter</span> <span class='ocrx_word' id='word_1_351' title='bbox 1393 2275 1400 2293; x_wconf 94' lang='lat'>:</span> <span class='ocrx_word' id='word_1_352' title='bbox 1426 2273 1548 2294; x_wconf 85' lang='lat' dir='ltr'>censeo</span> <span class='ocrx_word' id='word_1_353' title='bbox 1565 2264 1683 2294; x_wconf 86' lang='lat' dir='ltr'>nihilo-</span> 
     </span>
     <span class='ocr_line' id='line_1_38' title="bbox 227 2305 1682 2347; baseline -0.001 -9"><span class='ocrx_word' id='word_1_354' title='bbox 227 2308 335 2338; x_wconf 80' lang='lat' dir='ltr'>minus</span> <span class='ocrx_word' id='word_1_355' title='bbox 353 2307 596 2347; x_wconf 85' lang='lat' dir='ltr'>reponendum,</span> <span class='ocrx_word' id='word_1_356' title='bbox 623 2308 686 2338; x_wconf 83' lang='lat' dir='ltr'>Nec</span> <span class='ocrx_word' id='word_1_357' title='bbox 703 2316 785 2338; x_wconf 83' lang='lat' dir='ltr'>mens</span> <span class='ocrx_word' id='word_1_358' title='bbox 799 2316 818 2336; x_wconf 86' lang='lat' dir='ltr'>a</span> <span class='ocrx_word' id='word_1_359' title='bbox 833 2307 946 2336; x_wconf 81' lang='lat' dir='ltr'>studiis</span> <span class='ocrx_word' id='word_1_360' title='bbox 956 2306 1084 2336; x_wconf 81' lang='lat' dir='ltr'>dissidet</span> <span class='ocrx_word' id='word_1_361' title='bbox 1095 2306 1150 2335; x_wconf 84' lang='lat' dir='ltr'>illa</span> <span class='ocrx_word' id='word_1_362' title='bbox 1163 2305 1238 2337; x_wconf 83' lang='lat' dir='ltr'>sais.</span> <span class='ocrx_word' id='word_1_363' title='bbox 1283 2306 1466 2346; x_wconf 89' lang='lat' dir='ltr'>Sequentia</span> <span class='ocrx_word' id='word_1_364' title='bbox 1482 2305 1682 2337; x_wconf 87' lang='lat' dir='ltr'>confirmant</span> 
     </span>
     <span class='ocr_line' id='line_1_39' title="bbox 227 2347 1681 2390; baseline 0 -10"><span class='ocrx_word' id='word_1_365' title='bbox 227 2351 313 2380; x_wconf 87' lang='lat' dir='ltr'>hanc</span> <span class='ocrx_word' id='word_1_366' title='bbox 329 2350 574 2390; x_wconf 81' lang='lat' dir='ltr'>conjecturam,</span> <span class='ocrx_word' id='word_1_367' title='bbox 597 2359 696 2390; x_wconf 82' lang='lat' dir='ltr'>quam</span> <span class='ocrx_word' id='word_1_368' title='bbox 724 2353 759 2380; x_wconf 91' lang='lat' dir='ltr'>et</span> <span class='ocrx_word' id='word_1_369' title='bbox 783 2353 903 2388; x_wconf 86' lang='lat' dir='ltr'>postea</span> <span class='ocrx_word' id='word_1_370' title='bbox 928 2348 961 2377; x_wconf 90' lang='lat' dir='ltr'>in</span> <span class='ocrx_word' id='word_1_371' title='bbox 978 2347 1097 2378; x_wconf 86' lang='lat' dir='ltr'>codice</span> <span class='ocrx_word' id='word_1_372' title='bbox 1117 2347 1355 2378; x_wconf 86' lang='lat' dir='ltr'>Twisdeniano</span> <span class='ocrx_word' id='word_1_373' title='bbox 1371 2348 1486 2388; x_wconf 80' lang='lat' dir='ltr'>probae</span> <span class='ocrx_word' id='word_1_374' title='bbox 1510 2354 1600 2380; x_wconf 85' lang='lat' dir='ltr'>notae</span> <span class='ocrx_word' id='word_1_375' title='bbox 1619 2359 1681 2390; x_wconf 89' lang='lat' dir='ltr'>pro</span> 
     </span>
     <span class='ocr_line' id='line_1_40' title="bbox 228 2389 1681 2431; baseline 0.001 -9"><span class='ocrx_word' id='word_1_376' title='bbox 228 2393 362 2423; x_wconf 75' lang='lat' dir='ltr'>diversa</span> <span class='ocrx_word' id='word_1_377' title='bbox 377 2392 524 2423; x_wconf 79' lang='lat' dir='ltr'>lectione</span> <span class='ocrx_word' id='word_1_378' title='bbox 541 2392 652 2423; x_wconf 84' lang='lat' dir='ltr'>inveni</span> <span class='ocrx_word' id='word_1_379' title='bbox 667 2396 831 2422; x_wconf 87' lang='lat' dir='ltr'>notatam.</span> <span class='ocrx_word' id='word_1_380' title='bbox 856 2390 1032 2421; x_wconf 77' lang='lat' dir='ltr'>Heins.—7</span> <span class='ocrx_word' id='word_1_381' title='bbox 1057 2389 1153 2420; x_wconf 90' lang='lat' dir='ltr'>Unus</span> <span class='ocrx_word' id='word_1_382' title='bbox 1170 2390 1290 2421; x_wconf 86' lang='lat' dir='ltr'>Heius.</span> <span class='ocrx_word' id='word_1_383' title='bbox 1303 2391 1358 2422; x_wconf 79' lang='lat' dir='ltr'>tib.</span> <span class='ocrx_word' id='word_1_384' title='bbox 1383 2392 1471 2431; x_wconf 84' lang='lat' dir='ltr'>copia</span> <span class='ocrx_word' id='word_1_385' title='bbox 1495 2401 1607 2431; x_wconf 83' lang='lat' dir='ltr'>magna</span> <span class='ocrx_word' id='word_1_386' title='bbox 1622 2396 1681 2423; x_wconf 75' lang='lat' dir='ltr'>est.</span> 
     </span>
     <span class='ocr_line' id='line_1_41' title="bbox 228 2432 1681 2475; baseline 0 -9"><span class='ocrx_word' id='word_1_387' title='bbox 228 2438 312 2466; x_wconf 85' lang='lat'>—10</span> <span class='ocrx_word' id='word_1_388' title='bbox 336 2435 406 2466; x_wconf 88' lang='lat' dir='ltr'>Pro</span> <span class='ocrx_word' id='word_1_389' title='bbox 425 2435 495 2470; x_wconf 77' lang='lat' dir='ltr'>Qua</span> <span class='ocrx_word' id='word_1_390' title='bbox 511 2435 567 2466; x_wconf 88' lang='lat' dir='ltr'>alii</span> <span class='ocrx_word' id='word_1_391' title='bbox 584 2435 702 2475; x_wconf 83' lang='lat' dir='ltr'>legunt</span> <span class='ocrx_word' id='word_1_392' title='bbox 718 2435 819 2470; x_wconf 84' lang='lat' dir='ltr'>Quam</span> <span class='ocrx_word' id='word_1_393' title='bbox 834 2434 887 2464; x_wconf 91' lang='lat' dir='ltr'>vel</span> <span class='ocrx_word' id='word_1_394' title='bbox 910 2434 1001 2463; x_wconf 83' lang='lat' dir='ltr'>Cam.</span> <span class='ocrx_word' id='word_1_395' title='bbox 1028 2432 1160 2463; x_wconf 84' lang='lat' dir='ltr'>Barthii</span> <span class='ocrx_word' id='word_1_396' title='bbox 1185 2442 1300 2464; x_wconf 88' lang='lat' dir='ltr'>omnes</span> <span class='ocrx_word' id='word_1_397' title='bbox 1326 2434 1529 2465; x_wconf 70' lang='lat' dir='ltr'>membrana:</span> <span class='ocrx_word' id='word_1_398' title='bbox 1557 2435 1634 2466; x_wconf 86' lang='lat' dir='ltr'>Cum</span> <span class='ocrx_word' id='word_1_399' title='bbox 1656 2444 1681 2466; x_wconf 75' lang='lat'>3.</span> 
     </span>
    </p>
   </div>
   <div class='ocr_carea' id='block_1_8' title="bbox 231 2515 1682 2727">
    <p class='ocr_par' dir='ltr' id='par_1_8' title="bbox 231 2515 1682 2727">
     <span class='ocr_line' id='line_1_42' title="bbox 890 2515 1030 2548; baseline 0.007 -1"><span class='ocrx_word' id='word_1_400' title='bbox 890 2515 1030 2548; x_wconf 82' lang='lat' dir='ltr'>NOTAE</span> 
     </span>
     <span class='ocr_line' id='line_1_43' title="bbox 275 2578 1681 2626; baseline -0.001 -10"><span class='ocrx_word' id='word_1_401' title='bbox 275 2588 291 2615; x_wconf 75' lang='lat' dir='ltr'>l</span> <span class='ocrx_word' id='word_1_402' title='bbox 317 2585 465 2626; x_wconf 78' lang='lat' dir='ltr'>Diversa]</span> <span class='ocrx_word' id='word_1_403' title='bbox 486 2585 602 2616; x_wconf 85' lang='lat' dir='ltr'>Romae</span> <span class='ocrx_word' id='word_1_404' title='bbox 618 2593 684 2615; x_wconf 89' lang='lat' dir='ltr'>non</span> <span class='ocrx_word' id='word_1_405' title='bbox 710 2587 784 2615; x_wconf 86' lang='lat' dir='ltr'>erat</span> <span class='ocrx_word' id='word_1_406' title='bbox 799 2581 928 2615; x_wconf 79' lang='lat' dir='ltr'>Graeci-</span> <span class='ocrx_word' id='word_1_407' title='bbox 1025 2582 1046 2611; x_wconf 85' lang='grc'><strong>9</strong></span> <span class='ocrx_word' id='word_1_408' title='bbox 1068 2579 1200 2611; x_wconf 83' lang='lat' dir='ltr'>Meliore</span> <span class='ocrx_word' id='word_1_409' title='bbox 1215 2578 1299 2621; x_wconf 73' lang='lat' dir='ltr'>fide]</span> <span class='ocrx_word' id='word_1_410' title='bbox 1324 2580 1552 2622; x_wconf 85' lang='lat' dir='ltr'>Constantius,</span> <span class='ocrx_word' id='word_1_411' title='bbox 1577 2584 1612 2614; x_wconf 87' lang='lat' dir='ltr'>et</span> <span class='ocrx_word' id='word_1_412' title='bbox 1637 2590 1681 2614; x_wconf 83' lang='lat' dir='ltr'>ex</span> 
     </span>
     <span class='ocr_line' id='line_1_44' title="bbox 231 2631 1256 2676; baseline -0.004 -12"><span class='ocrx_word' id='word_1_413' title='bbox 231 2644 305 2673; x_wconf 86' lang='lat' dir='ltr'>nus,</span> <span class='ocrx_word' id='word_1_414' title='bbox 323 2645 398 2665; x_wconf 90' lang='lat' dir='ltr'>cum</span> <span class='ocrx_word' id='word_1_415' title='bbox 414 2636 508 2667; x_wconf 83' lang='lat' dir='ltr'>Urbe</span> <span class='ocrx_word' id='word_1_416' title='bbox 524 2636 640 2676; x_wconf 89' lang='lat' dir='ltr'>pulsus</span> <span class='ocrx_word' id='word_1_417' title='bbox 659 2635 765 2667; x_wconf 83' lang='lat' dir='ltr'>Naso.</span> <span class='ocrx_word' id='word_1_418' title='bbox 981 2631 1114 2663; x_wconf 80' lang='lat' dir='ltr'>siucero</span> <span class='ocrx_word' id='word_1_419' title='bbox 1131 2640 1256 2664; x_wconf 85' lang='lat' dir='ltr'>amore.</span> 
     </span>
     <span class='ocr_line' id='line_1_45' title="bbox 274 2683 1682 2727; baseline 0.001 -13"><span class='ocrx_word' id='word_1_420' title='bbox 274 2688 291 2714; x_wconf 88' lang='grc'>5</span> <span class='ocrx_word' id='word_1_421' title='bbox 327 2684 421 2724; x_wconf 80' lang='lat' dir='ltr'>Istos]</span> <span class='ocrx_word' id='word_1_422' title='bbox 456 2685 607 2718; x_wconf 82' lang='lat' dir='ltr'>Graecini</span> <span class='ocrx_word' id='word_1_423' title='bbox 632 2686 803 2726; x_wconf 81' lang='lat' dir='ltr'>liberales,</span> <span class='ocrx_word' id='word_1_424' title='bbox 828 2688 929 2727; x_wconf 88' lang='lat' dir='ltr'>atque</span> <span class='ocrx_word' id='word_1_425' title='bbox 1027 2688 1065 2716; x_wconf 96' lang='lat' dir='ltr'>ll</span> <span class='ocrx_word' id='word_1_426' title='bbox 1091 2684 1230 2725; x_wconf 60' lang='lat' dir='ltr'>Sentii-e]</span> <span class='ocrx_word' id='word_1_427' title='bbox 1251 2684 1446 2716; x_wconf 78' lang='lat' dir='ltr'>Attonitum</span> <span class='ocrx_word' id='word_1_428' title='bbox 1458 2683 1682 2725; x_wconf 82' lang='lat' dir='ltr'>fuisse,quasi</span> 
     </span>
    </p>
   </div>
   <div class='ocr_carea' id='block_1_9' title="bbox 233 2734 1680 2777">
    <p class='ocr_par' dir='ltr' id='par_1_9' title="bbox 233 2734 1680 2777">
     <span class='ocr_line' id='line_1_46' title="bbox 233 2734 1680 2777; baseline -0.001 -11"><span class='ocrx_word' id='word_1_429' title='bbox 233 2734 406 2767; x_wconf 79' lang='lat' dir='ltr'>amabiles.</span> <span class='ocrx_word' id='word_1_430' title='bbox 983 2735 1123 2768; x_wconf 87' lang='lat' dir='ltr'>fulmine</span> <span class='ocrx_word' id='word_1_431' title='bbox 1150 2734 1281 2768; x_wconf 84' lang='lat' dir='ltr'>afflatus</span> <span class='ocrx_word' id='word_1_432' title='bbox 1306 2738 1417 2777; x_wconf 86' lang='lat' dir='ltr'>esset‚·</span> <span class='ocrx_word' id='word_1_433' title='bbox 1433 2744 1499 2777; x_wconf 88' lang='lat' dir='ltr'>quo</span> <span class='ocrx_word' id='word_1_434' title='bbox 1526 2738 1680 2777; x_wconf 85' lang='lat' dir='ltr'>tempore</span> 
     </span>
    </p>
   </div>
  </div>
 </body>
</html>
