1877 3193
222 166 277 208 ‘24
283 166 338 208 56

710 180 751 209 P.
785 179 945 210 OVIDII
980 178 1195 210 NASONIS

223 271 375 322 Effice,
395 277 446 313 ut
467 273 630 315 Iliacas
651 276 799 328 tangat
819 275 936 328 prior
957 275 1067 316 alter
1089 288 1240 317 arenas
1257 289 1268 327 3

280 339 525 381 Laodamia
544 342 651 381 nihil
672 354 750 382 cur
770 342 974 383 referatur
993 343 1087 384 erit.

223 406 279 447 Et
298 411 388 457 tua,
411 409 528 461 quod
548 409 739 459 mallem,
762 411 904 463 pietas
925 410 1070 462 ignota
1090 412 1297 460 maneret,

281 473 548 527 Implessent
569 476 683 516 venti
703 477 741 516 si
762 489 858 517 mea
876 478 975 517 vela
995 477 1074 517 sui.
1627 477 1682 518 60

224 540 283 580 Di
303 543 460 591 tamen,
481 547 526 582 ct
549 542 701 583 Caesar
724 543 807 584 Dis
828 557 1075 594 accessure,
1097 543 1175 583 sed
1198 543 1319 592 olim,

284 608 513 661 AEquarint
535 610 688 662 Pylios
709 624 809 650 cum
831 614 907 651 tua
926 611 1017 652 fata
1039 611 1131 651 dies
1150 624 1159 662 ;

226 674 332 715 Non
350 676 471 725 mihi,
492 677 567 728 qui
589 689 769 728 poenam
789 677 929 718 fateor
946 679 1179 727 meruisse,
1204 678 1281 719 sed
1303 677 1365 718 illi

281 742 469 791 Parcite,
491 754 591 795 quae
612 742 729 782 nullo
751 742 884 794 digna
899 744 1049 784 dolore
1069 745 1204 786 dolet.

224 861 371 891 nimirum
384 870 446 890 mla
463 860 649 898 suitjuncta
665 861 777 892 marito
793 860 923 898 infelici.
970 862 1035 892 Fac
1060 865 1094 893 ut
1118 862 1198 893 alius
1210 864 1329 902 primus
1345 866 1453 902 tangat
1469 865 1558 895 littus
1577 862 1685 902 Troja-

225 913 310 941 πυνη,
325 903 404 933 nihil
419 903 479 932 erit
506 903 698 942 quamobrem
721 904 891 934 Laodamia
909 904 1087 936 celebretur.
1136 905 1201 935 Tua
1217 915 1331 945 quoque
1345 907 1456 946 pietas,
1473 908 1551 946 quod
1565 916 1684 946 praeop·

225 949 336 981 tarem,
352 948 489 975 maneret
505 945 677 984 incognita,
708 947 734 976 si
751 956 806 977 sua
822 956 901 977 aura
915 947 1053 987 inflasset
1068 957 1136 977 mea
1151 947 1289 978 carbasa.
1332 949 1389 979 Diz'
1406 952 1518 987 lamen,
1534 952 1563 980 et
1581 950 1686 980 Caesar

230 988 315 1018 Deos
330 988 462 1025 aditure,
476 989 528 1018 sea
541 991 609 1027 post
627 989 749 1027 long-um
766 993 895 1030 tempus,
910 1000 977 1020 cum
993 994 1047 1020 tua
1062 990 1136 1027 fata
1152 990 1341 1030 aequaverint
1361 991 1426 1022 dies
1449 991 1571 1031 Pylios,
1583 991 1684 1030 ignos-

225 1031 285 1059 cite
311 1040 367 1060 non
393 1030 480 1071 mihi,
505 1032 556 1070 qui
582 1041 713 1070 agnosco
737 1033 882 1063 meruisse
904 1032 1103 1073 supplicium,
1118 1034 1171 1064 scd
1186 1033 1247 1073 illi,
1264 1043 1330 1073 quoe
1346 1037 1451 1065 moeret
1466 1034 1547 1064 nullo
1561 1042 1689 1064 moerore

226 1074 320 1111 digna
327 1096 333 1101 .

842 1153 1076 1164 -eae-eaeaemme

230 1216 450 1247 Pelia...natae‚
496 1215 630 1247 Deinde
650 1216 746 1247 multi
763 1222 850 1248 vett.
866 1228 922 1248 cur
935 1218 1061 1257 cognita
1075 1216 1270 1249 nobis?—57
1295 1219 1375 1250 Jnn.
1393 1222 1426 1249 et
1444 1223 1512 1250 tres
1531 1217 1585 1248 alii
1598 1217 1691 1257 prius

229 1268 290 1298 pro
306 1260 487 1297 primu—58
512 1259 594 1290 Lov.
611 1263 645 1289 et
660 1269 719 1289 sex
736 1259 792 1289 alii
807 1259 898 1290 habet
915 1269 975 1299 pro
992 1261 1151 1291 erit.—59
1175 1261 1305 1291 BIallem
1328 1271 1379 1301 pr.
1407 1262 1480 1292 Pol.
1507 1264 1576 1300 opt.
1591 1259 1687 1292 Med.

229 1310 303 1330 cum
333 1302 493 1341 Excerpt.
519 1301 616 1331 Voss.
640 1302 697 1331 alii
724 1302 839 1333 malles.
884 1303 968 1332 Mox
1000 1302 1056 1331 alii
1081 1302 1164 1333 editi
1182 1307 1217 1333 et
1233 1303 1353 1342 scripti
1381 1304 1489 1342 ignota
1506 1303 1676 1340 fuisset.—

230 1345 270 1373 64
298 1343 462 1383 Excerpt.
478 1343 577 1374 Voss.
596 1348 631 1374 et
648 1344 730 1375 Lov.
746 1344 834 1383 dign.
851 1344 953 1375 labore
968 1345 1029 1374 (Iol.

887 1457 1026 1488 NOTAE

230 1538 292 1567 nisi
309 1536 441 1577 aliquis,
465 1537 521 1576 qui
545 1546 608 1577 pro
633 1546 673 1567 eo
701 1540 844 1568 mortem
871 1546 930 1577 op-

230 1591 380 1628 peteret,
395 1586 616 1626 reperiretur.

274 1640 313 1668 57
341 1638 462 1676 Tangat
479 1637 582 1677 prior]
625 1637 704 1668 Fuit
722 1637 756 1667 in
780 1636 871 1676 fatis,
894 1641 931 1668 ut

230 1687 378 1728 quisquis
398 1687 526 1726 primus
540 1686 635 1717 littus
650 1686 837 1726 Trojanum
857 1690 930 1717 tau-

232 1742 330 1778 geret
353 1747 395 1767 ex
417 1736 550 1767 Graecis
568 1737 625 1777 qui
639 1737 718 1767 illuc
735 1737 814 1768 belli
830 1747 931 1768 causa

231 1787 439 1818 accederent
469 1786 734 1817 interficeretur.
780 1787 932 1818 Protesi—

230 1840 302 1868 laus
323 1846 405 1876 ergo
421 1845 461 1867 ea
476 1846 578 1867 causa
593 1840 758 1867 mactatus
781 1837 822 1868 ab
839 1838 932 1868 Hec-

233 1894 318 1919 tore.
363 1886 459 1917 Illius
484 1885 559 1917 fata
574 1891 750 1928 postquam
774 1888 933 1918 rescisset

235 1937 419 1968 Laodamia
443 1936 566 1977 conjux
581 1936 699 1968 Acasti
721 1936 804 1976 filia,
827 1938 892 1968 hoc
913 1947 933 1968 a

231 1989 309 2019 Diis
333 1988 489 2019 solatium
512 1988 699 2027 postulavit
720 1992 757 2019 ut
780 1987 933 2019 defuncti

236 2039 386 2070 umbram
408 2039 533 2070 intueri
553 2038 686 2072 liceret.
730 2039 830 2072 Quod
854 2049 931 2072 con-

985 1545 1118 1566 cessum
1136 1535 1194 1566 ubi
1208 1539 1297 1566 esset
1320 1536 1353 1566 in
1378 1535 1588 1575 amplexibus
1612 1537 1688 1577 ejus

986 1585 1167 1626 expiravit.
1212 1586 1328 1626 Atque
1344 1585 1469 1617 exinde
1486 1586 1558 1616 laus
1575 1587 1660 1626 ejus-

1028 1639 1070 1666 59
1095 1635 1183 1670 Quod
1198 1635 1337 1675 mallem]
1373 1635 1462 1668 Quia
1485 1645 1594 1676 neque
1616 1635 1688 1676 ipse

985 1695 1094 1727 neque
1110 1695 1195 1717 uxor
1210 1685 1321 1717 miseri
1337 1689 1463 1717 esseut.

1029 1738 1070 1766 60
1094 1735 1276 1775 Implessent
1292 1736 1391 1775 venti]
1423 1736 1457 1766 Si
1471 1745 1523 1766 res
1536 1745 1619 1767 meae
1637 1745 1688 1767 se-

986 1785 1106 1817 cundae
1122 1785 1278 1818 fuissent.
1303 1787 1456 1827 Metaph.
1472 1796 1491 1817 a
1503 1786 1689 1827 naviganti-

986 1836 1060 1868 bus.

1028 1890 1069 1918 62
1093 1887 1220 1928 Pylios]
1249 1888 1397 1928 Longos,
1419 1887 1533 1928 quales
1549 1886 1688 1917 fuerunt

986 1937 1143 1969 Nestoris
1159 1938 1260 1978 Pylii,
1276 1948 1375 1979 quem
1398 1937 1600 1978 saepiusjam
1617 1941 1686 1968 tres

986 1992 1108 2021 aetates
1125 1988 1282 2029 implesse
1301 1987 1456 2019 vidimus.
