1877 3193
174 144 290 195 2520
665 159 704 190 P.
736 159 894 191 ovmn
926 160 1139 192 NAsoms

176 249 326 304 Liquit
346 249 618 304 Agenorides
641 252 822 294 Sidonia
841 255 1006 296 moenia
1027 254 1238 305 Cadmus,

232 317 420 359 Poneret
441 323 489 360 ut
508 332 655 360 muros
677 321 718 360 in
740 321 917 363 meliore
936 323 1051 363 loco.

175 383 312 426 Venit
331 386 384 427 ad
407 385 640 428 Adrastum
662 388 856 442 Tydeus,
878 389 1100 444 Calydone
1117 390 1316 443 fugatus3

232 451 290 493 Et
309 453 526 494 Teucrum
549 454 710 496 Veneri
734 461 854 508 grata
875 458 1043 510 recepit
1061 458 1235 499 humus.

177 517 298 569 Quid
320 520 498 561 referam
521 527 688 562 veteres
710 523 923 566 Romanae
947 526 1104 577 gentis,
1128 525 1248 581 apud
1270 537 1380 579 quos

234 587 453 629 Exulibus
475 589 602 629 tellus
622 590 775 631 ultima
795 592 946 645 Tybur
964 593 1091 633 erat?

177 653 427 707 Persequar
448 658 494 695 ut
514 660 721 707 cunctos3
754 658 857 697 nulli
878 659 1008 699 datus
1030 661 1230 701 omnibus
1254 661 1363 702 aevis

232 720 344 761 Tam
368 721 521 773 procul
543 734 569 761 a
590 723 728 773 patria
750 728 832 773 est,
853 724 1121 767 horridiorve
1142 728 1279 769 locus.

177 786 280 838 Quo
299 788 440 840 magis
460 788 658 839 ignoscat
677 789 895 841 sapientia
915 796 1062 832 vestra
1081 793 1260 843 dolenti,

235 853 323 912 Qui
342 854 452 896 facit
471 867 527 894 ex
549 854 680 894 dictis
702 867 788 896 non
808 856 871 896 ita
890 857 1026 898 multa
1047 859 1150 903 tuis,

1575 458 1630 500 80

1577 795 1633 837 85

176 983 368 1023 Agenorides
392 984 525 1016 deseruit
547 995 649 1016 muros
674 985 829 1026 Sidonios,
856 990 891 1018 at
911 990 1062 1019 statueret
1083 987 1193 1018 moenia
1207 988 1239 1018 in
1254 987 1317 1018 loco
1334 988 1464 1028 potiore.
1514 988 1633 1029 Tydeus

172 1027 279 1065 pulsus
297 1028 451 1068 Calydone
465 1029 611 1059 concessit
626 1030 665 1058 ad
681 1029 873 1065 Adrastum;
895 1034 924 1061 et
941 1033 1027 1061 terra
1042 1031 1155 1061 dilecta
1186 1030 1301 1061 Veneri
1324 1031 1443 1070 excepit
1471 1030 1632 1064 Teucrum.

178 1068 384 1102 Quamobrem
398 1081 569 1102 recenseam
584 1072 725 1111 antiquos
745 1072 892 1103 Romana>
904 1074 1020 1112 gentis,
1044 1074 1125 1113 apud
1141 1083 1214 1113 quos
1231 1073 1337 1114 Tybur
1352 1076 1418 1104 erat
1434 1076 1520 1103 terra
1534 1074 1634 1104 novis-

175 1111 255 1142 sima
270 1112 415 1152 profugis
427 1112 443 1144 12
489 1114 638 1149 Quamvis
661 1124 763 1145 omnes
782 1125 965 1154 enumerem,
991 1116 1105 1146 nemini
1120 1116 1296 1155 assignatus
1310 1119 1354 1146 est
1367 1115 1430 1146 ulla
1444 1118 1538 1147 (etate
1553 1117 1635 1148 locus

175 1156 239 1183 tam
256 1155 344 1194 longe
359 1166 378 1186 α
390 1156 507 1195 patria,
523 1157 568 1186 vel
583 1157 728 1196 asperior.
776 1158 880 1192 Quare
886 1158 1016 1196 facilius
1028 1161 1140 1199 parcat
1154 1161 1257 1190 vestra
1271 1158 1424 1199 sapientia
1439 1159 1564 1199 dolenti,
1579 1160 1634 1200 qui

788 1241 1021 1253 eeeeeeeeeeee

175 1301 240 1322 cuc.
269 1302 383 1333 aquas:
417 1294 507 1335 vulg.
528 1295 856 1336 Colcha...aqua.-—80
879 1296 921 1327 P.
947 1307 1035 1328 sacra
1060 1307 1120 1337 pro
1143 1300 1333 1336 grat‹1.-83
1357 1298 1451 1328 Serv.
1480 1297 1582 1328 Barb.
1597 1301 1634 1329 et

177 1333 308 1365 Bersm.
333 1336 508 1377 Prosequor
523 1341 568 1369 ut.
593 1338 730 1368 Deinde
748 1339 808 1370 Ro.
823 1348 883 1379 pro
895 1340 970 1370 <evis
983 1340 1122 1371 exhibet
1135 1350 1174 1370 ex
1186 1340 1245 1377 his,
1261 1340 1351 1379 quod
1366 1339 1485 1370 Heius.
1498 1340 1631 1380 placet:

177 1376 309 1407 Arund.
325 1378 486 1410 illis.—86
512 1381 590 1415 Quoe
606 1380 693 1417 sacis
707 1390 792 1411 unus
808 1382 941 1413 Vatic.:
969 1387 1005 1413 at
1023 1383 1231 1423 Argentinus
1250 1383 1311 1416 Qui
1334 1381 1441 1419 sacit‚·
1465 1381 1633 1423 quomodo

175 1419 393 1460 Tanaquiilus
410 1422 520 1453 Faber
536 1423 648 1462 Epist.
665 1432 705 1454 11.
721 1426 773 1455 6⁷.
791 1424 942 1464 conjicit.
987 1426 1059 1464 Ego
1075 1425 1153 1455 olim
1169 1425 1335 1465 legebam,
1352 1424 1498 1462 SifaciO.
1512 1424 1632 1455 Heins.

177 1461 243 1492 Sed
260 1462 340 1493 alibi
354 1464 472 1494 vulnus
487 1469 548 1501 est,
564 1465 655 1504 quod
668 1475 785 1495 manus
802 1467 916 1505 poscit
932 1477 938 1496 :
965 1476 1040 1497 nam
1058 1468 1132 1507 quis
1147 1466 1238 1497 ferre
1254 1471 1381 1506 potest,
1395 1477 1454 1497 non
1474 1468 1518 1498 ita
1535 1468 1634 1498 multa

177 1505 250 1543 tuis,
264 1509 299 1535 et
314 1514 401 1544 posse
416 1506 496 1536 coire
509 1505 595 1537 tuis?
629 1507 840 1547 Legendum,
857 1509 890 1538 ni
909 1507 1019 1547 fallor,
1038 1509 1116 1542 Quoe
1128 1508 1213 1546 facit
1236 1518 1274 1538 ex
1293 1509 1386 1539 dictis
1400 1519 1459 1539 non
1475 1509 1520 1540 ita
1537 1510 1633 1540 multa

176 1547 250 1576 suis.
275 1545 417 1578 Auctor.
433 1548 544 1579 Elect.
563 1549 663 1579 Eton.
692 1549 766 1580 Suis
781 1554 833 1581 est
850 1550 882 1580 in
895 1551 1021 1581 Mor-eti
1041 1550 1125 1581 libro
1144 1559 1204 1590 pro
1229 1560 1298 1581 var.
1314 1551 1416 1588 lect.;
1436 1551 1495 1581 sed
1508 1551 1634 1582 vellem

178 1589 228 1618 vir
243 1588 363 1620 doctus
380 1591 580 1621 sententiam
597 1601 666 1623 suae
684 1591 928 1623 emendationis
944 1593 1041 1624 nobis
1058 1593 1284 1633 explanasset,
1299 1602 1374 1633 quae
1391 1592 1534 1624 deberet
1550 1602 1636 1633 esse,

178 1636 236 1661 tua
253 1632 432 1673 sapientia,
449 1643 521 1673 quae
544 1643 594 1674 ea,
619 1644 693 1675 quae
716 1635 815 1674 dicit,
843 1645 909 1666 non
932 1634 1027 1667 facit.
1073 1636 1179 1677 Atqui
1194 1636 1267 1666 haec
1291 1639 1379 1666 esset
1394 1635 1636 1675 intempestiva

178 1674 410 1714 exprobratio,
427 1685 489 1706 nec
516 1677 713 1708 conveniret
735 1677 962 1718 sequentibus.
1007 1679 1123 1711 Quare
1138 1679 1190 1718 qui
1211 1677 1446 1717 retinendum,
1469 1682 1505 1709 et
1518 1678 1635 1718 legen-

177 1717 257 1746 dnm
274 1715 376 1756 forte,
395 1718 457 1752 Qui
473 1720 555 1758 capit
573 1729 612 1750 esc
627 1719 719 1750 dictis
740 1730 798 1751 non
813 1720 860 1751 ita
875 1722 973 1751 multa
996 1722 1080 1752 tuis:
1104 1720 1138 1752 id
1156 1725 1219 1760 est,
1234 1721 1291 1762 qni
1307 1721 1374 1751 vim
1392 1720 1634 1752 consolationis

179 1763 259 1797 tuae,
273 1763 308 1790 et
329 1766 615 1800 argumentorum,
644 1772 718 1802 quae
744 1762 895 1803 adhibes,
919 1773 984 1794 non
1010 1768 1125 1804 potest
1152 1773 1222 1804 prae
1251 1763 1368 1794 dolore
1394 1773 1529 1804 capere.
1557 1764 1634 1802 Vel,

181 1800 243 1835 Qui
258 1801 343 1842 capit
358 1812 397 1833 em
414 1803 508 1835 dictis
530 1806 683 1836 commoda
698 1806 781 1836 nulla
804 1806 890 1838 tuis.-
914 1816 990 1838 nam
1013 1807 1167 1838 commoda
1183 1807 1279 1838 multa
1295 1807 1328 1838 in
1352 1806 1530 1838 Barberin.
1547 1811 1632 1838 erat.

836 1897 977 1929 NOTAE

177 1958 274 1998 duce,
291 1957 432 1990 Colchos
449 1960 635 1999 petierunt.

218 2011 258 2039 77
282 2009 488 2050 Agenorides]
518 2011 598 2042 Fuit
621 2022 703 2043 vero
731 2013 878 2044 Cadmus

176 2057 345 2097 Agenoris
362 2060 548 2091 Phoeniciae
574 2062 662 2102 regis
678 2062 778 2095 filius.
812 2064 877 2094 Pa-

178 2113 243 2145 ter,
273 2109 347 2149 lege
379 2109 494 2149 impia,
528 2111 576 2141 ita
602 2112 696 2142 illum
728 2123 875 2144 sororem

176 2157 348 2198 Europam
370 2160 476 2198 jussit
501 2170 666 2200 quaerere,
681 2167 731 2201 ut,
749 2164 812 2193 nisi
836 2174 876 2194 ea

177 2209 328 2246 inventa,
347 2210 473 2239 reverti
488 2219 530 2240 ne
548 2211 700 2242 auderet.
729 2212 784 2243 Ob
801 2223 875 2244 eam

175 2268 245 2289 rem
273 2260 352 2289 exul
382 2259 487 2299 igitur
512 2260 544 2289 in
573 2260 740 2291 Boeotiam
770 2263 875 2302 venit,

176 2309 232 2339 ubi
249 2309 381 2340 Thebas
398 2308 562 2341 condidit.

219 2360 365 2400 Sidonia]
396 2359 529 2391 Sidonis
552 2360 738 2392 Phoeniciae
769 2361 875 2402 urbis,

175 2411 207 2441 iu
226 2420 291 2451 qua
304 2409 441 2451 Agenor
458 2410 576 2442 Cadmi
593 2416 691 2451 pater
705 2412 876 2452 regnabat.

218 2464 259 2492 78
285 2460 431 2500 Meliore]
470 2462 558 2493 Quia
589 2461 761 2493 Graeciam
783 2473 876 2493 suam

177 2512 293 2543 Graeci
309 2512 445 2553 plurimi
460 2510 645 2542 faciebant.
674 2513 875 2554 Quanquam

176 2567 211 2591 ct
233 2561 338 2592 Sidou
361 2561 441 2592 urbs
466 2562 675 2602 amplissima
690 2562 876 2605 eademque

177 2611 434 2650 opulentissima
450 2611 527 2642 fuit.

217 2664 258 2691 7⁰
283 2662 468 2701 Adrastum]
506 2663 660 2694 'l‘alaonis
692 2663 755 2695 fuit
779 2664 877 2705 tilius,

180 2721 238 2745 ‘rex
266 2710 490 2753 Argivorum,
534 2713 574 2745 ad
608 2724 707 2755 quem
739 2715 874 2756 Tydeus

934 1962 1047 2002 OEuei,
1069 1963 1189 1995 occisis
1204 1961 1371 1994 Alcathoo
1387 1960 1632 2002 Lycotheoque

932 2013 1129 2054 nepotibus,
1152 2011 1327 2054 profugit;
1352 2012 1409 2043 ubi
1425 2016 1460 2042 et
1477 2010 1632 2051 Deiphy-

932 2063 987 2093 len
1005 2063 1094 2104 regis
1108 2062 1212 2093 filiam
1228 2071 1367 2092 uxorem
1384 2060 1492 2092 duxit.

974 2116 1014 2143 80
1041 2113 1208 2152 Teucrum]
1233 2112 1345 2144 Finito
1364 2111 1453 2142 bello
1471 2109 1633 2150 Trojano,

930 2173 1006 2193 cum
1029 2164 1173 2199 Teucer,
1194 2162 1237 2193 ob
1262 2162 1379 2202 Ajacis
1405 2160 1520 2191 fratris
1546 2168 1634 2189 mor-

932 2217 1014 2252 tem,
1039 2213 1128 2253 patri
1165 2211 1342 2242 Telamoni
1372 2210 1497 2240 invisus
1528 2212 1631 2247 esset,

930 2272 1037 2302 neque
1052 2263 1086 2292 in
1103 2271 1240 2301 regnum
1264 2261 1486 2299 reciperetur,
1508 2262 1632 2298 sponte

930 2313 962 2342 in
985 2313 1151 2352 Cyprum,
1175 2310 1303 2341 Veneri
1328 2319 1457 2340 sacram
1476 2308 1630 2347 insulam,

931 2362 1122 2400 contendit,
1148 2361 1205 2392 ubi
1230 2360 1359 2399 urbem,
1387 2359 1519 2390 nomine
1545 2358 1631 2390 anti-

931 2421 996 2452 quo
1012 2411 1145 2451 patriae,
1161 2410 1330 2441 Salamina
1346 2409 1510 2440 condidit.

975 2465 1015 2493 82
1040 2461 1157 2502 Tybnr]
1180 2462 1265 2493 Quae
1289 2463 1340 2490 16.
1367 2459 1480 2499 lapide
1498 2462 1630 2490 tantum

932 2512 1035 2542 distat
1059 2511 1100 2542 ab
1117 2510 1221 2541 Urbe.
1268 2509 1426 2540 Nondum
1454 2508 1542 2539 enim
1564 2508 1630 2538 lm-

932 2562 1018 2603 perii
1051 2561 1135 2592 finos
1173 2564 1446 2601 propagaveraut
1485 2558 1630 2590 Romani

933 2618 1011 2644 tunc
1030 2611 1202 2652 temporis.

974 2666 1014 2694 83
1041 2663 1187 2702 Cunctos]
1210 2661 1348 2698 Exulcs,
1364 2660 1438 2691 scil.

945 2718 948 2721 '
973 2719 1013 2747 86
1043 2714 1127 2748 Facit
1142 2724 1200 2746 non
1216 2712 1330 2753 multa]
1366 2712 1486 2754 Neque
1514 2715 1629 2753 potest
