1877 3193
192 159 306 200 2:³54
679 168 719 197 P.
752 167 910 196 ovinn
944 165 1157 195 NAsoNis

194 263 397 305 Carmina
410 263 510 317 jure
531 262 704 311 damus,
726 274 847 302 raros
867 261 1079 301 testantia
1097 272 1264 312 mores3

250 330 314 372 Ut
332 336 405 372 tua
426 331 590 371 venturi
612 330 803 378 nomina,
822 327 965 378 Celse,
989 330 1150 381 legant.

194 397 296 439 Hoc
318 402 398 447 est,
421 398 538 451 quod
559 411 744 451 possum
764 396 936 437 Geticis
958 398 1036 437 tibi
1060 397 1233 436 mittere
1253 394 1309 435 ab
1332 394 1451 436 arvis
1469 408 1479 436 ε
1596 395 1653 436 45

252 465 359 507 Hoc
382 466 521 505 solum
542 470 609 505 est
629 465 744 512 istic,
768 464 884 516 quod
906 464 1044 516 liquet
1066 477 1164 503 esse
1186 475 1348 504 meum.

197 533 368 574 Funera
388 546 467 573 nec
488 532 609 585 potui
632 533 862 580 comitare,
886 544 966 572 nec
988 544 1174 583 unguere
1195 543 1382 584 corpus:

253 599 384 653 Aque
406 600 496 639 tuis
518 604 611 640 toto
634 599 807 640 dividor
825 599 929 639 orbe
950 598 1085 649 rogis.

198 667 289 718 Qui
310 668 469 721 potuit,
493 680 620 721 quem
644 669 688 705 tu
708 679 789 718 pro
810 667 987 706 numine
1008 667 1137 706 vivus
1157 664 1367 715 habebas,

255 735 471 776 Praestitit
490 733 680 774 officium
702 731 932 771 Maximus
952 744 1077 771 omne
1098 732 1189 772 tibi.
1603 731 1660 771 50

198 802 278 843 Ille
299 801 378 842 tibi
399 801 631 853 exequias,
654 801 696 838 et
715 796 864 849 magni
886 796 1018 836 sunus
1039 797 1216 838 honoris

256 868 407 918 Fecit3
438 872 479 907 et
501 867 546 906 in
565 865 732 919 gelidos
753 865 891 906 versit
910 877 1085 905 amoma
1106 864 1243 905 sinus.

200 935 340 976 Diluit
361 940 405 975 et
423 935 632 988 lacrymis
652 946 840 974 moerens
859 935 1080 986 unguenta
1101 932 1294 985 profusis
1313 945 1323 983 ;

255 1001 459 1055 Ossaque
478 1002 625 1043 vicina
648 1001 822 1042 condita
843 1001 954 1041 texit
975 1000 1123 1040 humo.

202 1070 293 1119 Qui
313 1070 522 1123 quoniam
543 1070 768 1118 extinctis,
790 1081 888 1122 quae
909 1068 1052 1117 debet,
1071 1069 1254 1121 praestat
1274 1066 1446 1117 amicis,

257 1136 315 1178 Et
332 1150 413 1178 nos
435 1138 640 1179 extinctis
664 1149 946 1177 annumerare
963 1139 1123 1189 potest.

1606 1069 1633 1108 0·

1636 1068 1662 1108 0⁸

199 1275 267 1296 cum
281 1265 490 1305 proficiscerer
505 1267 538 1296 in
555 1265 693 1296 exilium.
740 1266 856 1296 Merito
879 1266 1055 1296 exhibemus
1073 1275 1178 1296 versus
1194 1267 1384 1296 declarantes
1398 1266 1528 1296 eximios
1543 1275 1641 1297 mores
1654 1275 1665 1301 ,·

203 1311 235 1338 ut
248 1308 366 1348 posteri
382 1309 487 1346 leg-ant
503 1312 557 1338 tua
573 1308 709 1344 nomina,
728 1308 824 1338 celse.
874 1308 962 1338 Istud
991 1311 1035 1337 est
1062 1310 1141 1347 quod
1161 1317 1283 1347 possum
1306 1308 1366 1337 tibi
1382 1309 1508 1338 mittere
1524 1307 1562 1337 ab
1576 1308 1665 1347 agris

204 1350 344 1381 Geticis.-
368 1351 452 1381 istut!
479 1355 520 1380 est
548 1350 598 1380 hic
627 1360 720 1380 unum
741 1353 818 1389 quod
843 1354 962 1380 certum
984 1355 1029 1380 est
1056 1360 1120 1380 esse
1143 1360 1254 1380 meum.
1302 1350 1409 1388 Neque
1424 1351 1510 1380 licuit
1524 1349 1665 1389 prosequi

194 1393 306 1431 funus,
322 1403 416 1432 neque
433 1403 548 1429 ungere
572 1403 702 1432 ccupas,-
726 1396 755 1422 et
780 1393 940 1432 disjungor
966 1396 1029 1424 toto
1056 1392 1126 1422 orbe
1149 1402 1167 1422 a
1193 1392 1256 1423 tuis
1278 1392 1385 1422 bustis.
1431 1392 1593 1422 IlIaximus
1613 1392 1665 1432 qui

199 1436 315 1474 potuit,
332 1446 421 1475 quem
437 1439 471 1465 tu
482 1439 635 1475 superstes
651 1434 783 1465 habebas
795 1445 852 1474 pro
868 1436 1004 1473 numine,
1022 1435 1079 1465 tibi
1088 1435 1240 1474 praestitit
1254 1444 1340 1465 omne
1352 1436 1495 1476 officium.
1531 1434 1591 1465 Ille
1606 1435 1666 1465 tibi

202 1478 365 1507 adornavit
393 1479 547 1517 exequias,
573 1481 603 1507 et
627 1477 726 1514 funus
755 1478 861 1514 magni
888 1478 1010 1507 honoris
1019 1487 1029 1512 ;
1055 1481 1084 1506 et
1107 1476 1223 1516 sparsit
1238 1487 1355 1507 amoma
1377 1478 1407 1507 in
1423 1477 1666 1516 sinusfrigz'doe»

205 1519 298 1550 Flens
323 1520 417 1549 diluit
445 1521 540 1550 etiam
567 1523 724 1558 unguenta
752 1519 896 1558 lacrymis
923 1518 1084 1558 profusis;
1107 1522 1137 1548 et
1163 1520 1284 1558 operuit
1307 1528 1375 1548 ossa
1398 1520 1565 1559 composita
1580 1523 1666 1551 terra

200 1561 358 1601 proxima.
406 1562 470 1597 Qui
485 1562 636 1602 siquidem
647 1561 769 1602 praebet
783 1561 892 1592 amicis
907 1560 1062 1600 defunctis
1077 1571 1145 1601 quae
1166 1561 1266 1602 debet,
1288 1564 1390 1602 potest
1405 1562 1500 1592 etiam
1514 1571 1668 1594 recensere

204 1613 257 1635 nos
271 1605 356 1636 inter
371 1604 540 1643 defunctos.

822 1688 880 1698 m

207 1755 291 1784 —42
317 1753 376 1783 Ille
391 1754 561 1793 meliores,
577 1757 667 1785 teste
684 1753 804 1785 Heins.
827 1754 880 1784 alii
906 1754 1067 1793 ipsiu—45
1091 1754 1132 1786 P.
1150 1755 1237 1787 Dan.
1256 1756 1297 1786 R.
1313 1760 1349 1786 et
1365 1755 1513 1797 quinque
1530 1755 1586 1787 alii
1600 1766 1669 1797 pos-

207 1795 265 1825 sim
296 1805 357 1835 pro
383 1806 516 1835 possum.
560 1797 642 1827 'rum
669 1796 754 1836 Arg.
787 1797 830 1828 G.
854 1798 1070 1828 transmittere
1097 1797 1134 1828 ab
1159 1801 1313 1829 aru—46
1336 1798 1451 1838 Liquet
1475 1808 1517 1829 ex
1536 1799 1670 1830 emend.

210 1837 328 1868 Heins.
348 1839 438 1878 vulg.
454 1839 624 1870 licea—4⁷
649 1839 751 1870 Multi
769 1839 851 1870 editi
868 1844 902 1869 et
922 1840 1041 1879 scripti
1058 1850 1118 1870 non
1136 1850 1196 1880 pro
1212 1843 1364 1871 nea—48
1389 1841 1455 1870 Pro
1471 1841 1560 1881 Aque
1573 1842 1669 1873 Serv.

209 1880 320 1919 Eque,·
343 1882 439 1911 multi
456 1882 512 1912 alii
541 1886 577 1912 et
604 1881 706 1912 etiam
732 1882 815 1912 editi
836 1883 961 1922 Atque;
989 1883 1027 1913 P.
1045 1888 1080 1913 et
1105 1888 1236 1922 septem
1262 1884 1319 1914 alii
1344 1884 1582 1924 Namque.-—49
1606 1885 1670 1919 Qui

208 1922 459 1962 castigatiores,
475 1929 563 1955 teste
580 1924 697 1955 Heius.
718 1925 808 1964 vulg.
825 1925 933 1960 Quod.-
957 1925 1036 1957 Jun.
1068 1926 1157 1961 Quod
1178 1929 1244 1966 pot.
1272 1927 1349 1966 quod
1369 1929 1500 1956 tu.—5l
1525 1927 1615 1958 Mor.
1633 1931 1670 1957 et

209 1963 277 1995 duo
293 1965 430 2003 aliifuu.
447 1968 660 1997 amoris.--52
690 1968 792 1998 Ver-sit
808 1977 849 1998 ex
867 1967 984 1998 Heius.
1003 1978 1088 1999 corr.
1103 1969 1159 2010 qni
1177 1970 1278 1999 etiarn
1296 1969 1384 2009 conj.
1396 1970 1499 1999 verxit
1511 1979 1521 1999 .·
1536 1969 1669 2000 Grono-

211 2006 283 2037 vius
299 2008 382 2043 legit
398 2010 522 2048 vergit.-
547 2011 578 2039 in
598 2010 742 2049 vulgatis
758 2012 874 2047 venit,-
898 2017 932 2042 et
957 2011 1013 2041 alii
1030 2010 1130 2049 fudit.
1165 2011 1425 2050 Barthiusfudit
1441 2012 1557 2042 Aroma
1571 2012 1669 2043 sinus.

211 2053 295 2081 —55
323 2052 411 2086 Quod
428 2062 488 2093 pro
505 2063 572 2093 qua>
589 2059 657 2083 tres
672 2064 680 2091 ;
706 2059 741 2084 et
757 2053 881 2084 deinde
895 2057 1023 2094 proestet
1038 2054 1147 2085 amicis
1160 2059 1239 2087 tres.

869 2150 1012 2181 NOTAE

256 2221 296 2250 43
324 2219 439 2258 Raros]
464 2220 566 2251 Omni
584 2221 713 2252 virtute
725 2221 917 2261 decoratos,
970 2224 1070 2262 plaga
1086 2224 1154 2262 ille,
1171 2224 1206 2254 in
1227 2223 1437 2254 meridionali
1460 2222 1576 2253 Celsus
1597 2219 1670 2253 fue-

214 2269 403 2310 cujusmodi
420 2270 520 2310 pauci
552 2271 642 2302 inter
665 2273 824 2303 mortales
841 2282 915 2303 esse
971 2278 1032 2302 rat.

215 2320 336 2350 solent.
1012 2323 1053 2351 50
1079 2320 1241 2361 Officium]
1268 2321 1308 2351 In
1326 2321 1475 2351 curando
1492 2319 1625 2351 funere.

257 2372 297 2401 45
324 2368 409 2409 Hoc]
435 2369 490 2401 De
507 2370 713 2402 carminibus
725 2371 792 2401 suis
809 2370 915 2411 loqui·
1013 2373 1054 2400 52
1077 2370 1220 2410 Amoma]
1256 2371 1367 2411 Hujus
1383 2371 1515 2402 odorati
1540 2371 1672 2403 fruticis

218 2423 272 2451 tur
289 2419 410 2451 Poeta.
971 2430 1048 2451 usus
1065 2420 1127 2451 fuit
1146 2423 1269 2452 mulius
1288 2422 1319 2451 in
1345 2422 1530 2454 minuendis
1546 2427 1581 2453 et
1593 2432 1672 2453 con-

257 2473 298 2502 47
325 2470 497 2511 Comum-e]
534 2470 573 2501 In
598 2472 709 2503 activa
732 2470 839 2502 forma
862 2481 918 2512 po-
971 2470 1103 2501 diendis
1120 2469 1589 2512 defunctorumcorporibusz
1615 2473 1672 2515 qui

218 2521 307 2552 suit:
334 2523 423 2561 quod
442 2530 565 2551 rarmn.
972 2524 1083 2551 tannen
1102 2521 1199 2551 hodie
1218 2529 1399 2560 lgnfflalur.

264 2571 422 2611 unguere]
467 2572 518 2603 De
544 2581 657 2603 more:
691 2571 859 2613 quomodo
883 2576 918 2603 et
1013 2574 1053 2600 53
1082 2571 1198 2611 Diluicj
1242 2572 1428 2612 Lacrymae,
1458 2572 1603 2612 seilicet,
1628 2571 1670 2603 ad

217 2621 306 2661 apud
335 2622 524 2660 Maronem,
547 2623 557 2639 ‘
575 2622 776 2663 Corpusque
802 2623 918 2653 lavant
972 2620 1133 2651 diluenda
1147 2629 1319 2661 unguenta
1334 2632 1399 2653 non
1415 2623 1552 2664 ineptae.
1575 2623 1671 2654 Max-

219 2668 387 2709 frigentis,
402 2676 437 2702 et
450 2672 625 2712 unguunt!
641 2710 654 2717 ..
972 2671 1074 2701 imum
1106 2672 1189 2702 dicit
1221 2672 1333 2713 largos
1364 2673 1397 2704 in
1429 2673 1522 2706 Celsi
1550 2672 1669 2704 funere

263 2722 304 2751 48
341 2721 428 2762 Toto]
465 2722 554 2754 Quia
583 2722 617 2753 in
642 2722 919 2763 Septemtrionali
972 2718 1072 2751 fletus
1087 2719 1257 2754 effudisse.
