1863 3193
597 149 840 182 rnrsriunr
884 150 1091 184 LIB.11L
1121 140 1168 182 2.
1512 136 1623 182 2317

668 408 998 459 ELEGIA
1054 409 1127 456 Π.

721 562 1083 594 ARGUMENTUM.

175 663 217 695 Iu
245 662 306 693 hac
331 659 452 702 elegia,
476 669 575 701 quam
599 659 754 700 plerique
783 669 961 699 perperam
982 659 1131 699 jungunt
1154 667 1230 689 cum
1257 656 1444 698 superiore,
1471 657 1627 699 queritur

216 715 337 754 Poeta,
353 714 444 756 quod
459 713 529 744 fata
556 723 631 744 eum
662 713 695 743 in
718 713 890 752 Scythiam
907 711 1135 752 compulerint
1150 721 1158 750 ;
1182 721 1245 742 nec
1262 710 1431 743 sacerdoti
1448 720 1508 742 suo
1525 720 1626 751 opem

216 769 354 799 tulerint
371 773 427 799 aut
444 767 567 808 Apollo
590 772 647 797 aut
671 766 841 796 Pierides.
888 764 1024 796 Deinde
1052 764 1148 803 dicit,
1171 773 1205 794 se
1224 764 1258 794 in
1274 764 1415 804 Scythia
1440 764 1473 794 in
1491 763 1625 795 assiduo

216 818 299 851 fletu
320 826 355 852 et
381 831 522 852 moerore
553 820 690 861 degere.
742 820 921 851 Postremo
948 818 1038 849 Deos
1060 821 1234 858 precatur,
1257 822 1296 848 ut
1323 817 1460 848 tandem
1482 816 1512 847 ei
1539 815 1625 847 mori

218 874 333 905 liceat.

202 964 230 982 Ἰ

217 992 333 1021 ικοο
355 987 448 1024 erat
468 983 510 1022 in
532 982 633 1023 fatis
656 982 879 1036 Scythiam
900 994 1076 1035 quoque
1096 981 1239 1022 visere
1258 980 1436 1029 nostris,

233 1048 436 1103 Quaeque
460 1051 687 1103 Lycaonio
710 1055 820 1090 terra
841 1051 921 1090 sub
944 1062 1029 1089 axe
1044 1049 1196 1102 jacet?

178 1114 278 1157 Nec
298 1130 394 1166 vos,
418 1118 630 1166 Pierides,
651 1130 731 1157 nec
755 1117 885 1169 stirps
907 1115 1083 1163 Lamia,
1105 1117 1248 1154 vestro

235 1183 382 1225 Docta
401 1184 618 1225 sacerdoti
648 1184 773 1222 turba
793 1182 955 1223 tulistis
978 1181 1137 1234 opem?

177 1249 273 1291 Nec
292 1251 412 1300 mihi,
433 1250 553 1303 quod
574 1250 660 1289 lusi
678 1261 783 1288 vero
805 1250 895 1288 sine
916 1248 1111 1296 crimine,
1133 1246 1342 1301 prodest3
1598 1248 1626 1289 5

231 1316 450 1370 Quodque
470 1317 609 1369 magis
626 1317 724 1357 'vita
745 1316 877 1357 Musa
890 1317 1052 1370 jocosa
1070 1328 1169 1355 mea
1188 1317 1286 1356 est?

174 1381 367 1424 Plurima
387 1382 466 1423 sed
485 1383 645 1436 pelago
663 1387 863 1436 terraque
885 1383 1081 1436 pericula
1101 1394 1284 1435 passum

232 1448 372 1498 Ustus
394 1450 449 1491 ab
472 1449 652 1491 assiduo
679 1449 836 1502 frigore
859 1449 1030 1490 Pontus
1051 1449 1200 1490 habet.

221 1563 306 1602 Ergo
321 1565 388 1593 erat
403 1563 496 1593 etiam
516 1563 549 1593 in
565 1563 678 1594 nostris
696 1562 780 1601 fatis
803 1563 930 1595 visitare
956 1563 1131 1604 Scythiam,
1157 1566 1247 1602 atque
1270 1565 1386 1593 terram
1409 1571 1476 1602 quae
1502 1563 1564 1594 sita
1578 1567 1624 1595 est

173 1605 228 1636 sub
239 1606 308 1645 polo
322 1604 502 1645 Lycaonio?
533 1606 640 1644 Neque
655 1615 717 1645 5¹:08,
731 1606 887 1642 Pierides,
903 1616 999 1646 neque
1012 1607 1113 1646 proles
1128 1604 1251 1645 Lamia,
1263 1615 1373 1644 agmen
1388 1606 1521 1645 doctum,
1533 1606 1625 1637 auxi-

174 1647 248 1677 lium
260 1647 438 1687 proebuz'stis
452 1650 552 1679 vestro
567 1646 658 1678 vati?
703 1648 812 1688 Neque
827 1658 874 1679 me
880 1648 988 1687 juvat,
1002 1649 1079 1688 quod
1085 1648 1210 1686 jocatus
1226 1658 1294 1678 sum
1307 1648 1373 1678 sine
1388 1658 1459 1678 vero
1474 1648 1601 1679 crimine
1610 1658 1623 1685 ,·

176 1692 206 1718 et
221 1690 301 1728 quod
317 1698 382 1719 mea
398 1690 490 1720 Musa
505 1693 550 1720 est
567 1690 667 1728 magis
681 1691 794 1721 lasciva
810 1691 874 1722 vita
887 1692 982 1722 mea?
1014 1691 1077 1722 Sed
1093 1691 1212 1721 Pontus
1226 1691 1462 1729 rigensftigore
1475 1693 1624 1730 perpetuo

175 1733 259 1761 tenet
274 1740 320 1762 me
331 1741 456 1771 passum
471 1733 566 1763 multa
581 1732 759 1763 discrimina
775 1734 854 1764 mari
870 1737 900 1764 et
916 1737 1011 1765 terra.
1055 1734 1158 1774 Atque
1175 1742 1249 1773 ego,
1262 1732 1314 1773 qui
1321 1732 1470 1772 fugitans
1485 1732 1623 1774 negotia,

781 1816 1017 1830 eeeeeeeeeeee

221 1873 236 1900 1
262 1870 391 1902 Deerat
416 1871 478 1902 hoc
496 1871 661 1903 distichon
688 1873 806 1904 Codici
830 1873 958 1904 Servii:
983 1873 1016 1904 in
1043 1873 1157 1906 multis
1184 1877 1220 1903 et
1247 1871 1382 1912 optimis
1408 1872 1480 1902 haec
1506 1871 1626 1910 Elegia

176 1913 438 1944 continuabatur
455 1914 629 1953 superiori.
654 1915 765 1945 Bur-m.
783 1915 917 1945 Sea—2
941 1915 1003 1946 Be.
1032 1917 1157 1954 Quaque
1173 1915 1276 1946 L.—3
1300 1914 1413 1944 Latoia
1438 1914 1554 1943 Heius.
1571 1922 1624 1943 re-

177 1955 290 1996 posuit
306 1965 347 1986 ex
365 1960 506 1996 qiiatuor
523 1960 607 1986 vett.
626 1966 687 1996 pro
703 1957 794 1995 vulg.
810 1957 943 1986 Latonia
955 1967 965 1986 .·
989 1956 1032 1988 R.
1049 1957 1253 1987 Latoica.—4
1276 1957 1356 1987 Juu.
1375 1960 1408 1985 et
1426 1955 1522 1985 Leid.
1540 1954 1623 1986 turb.

174 1998 303 2028 dedistis
317 2002 426 2038 υἷι-5
445 1998 585 2038 Regius,
600 2008 721 2029 carmen
735 1998 801 2029 sine
816 1998 962 2028 crimine:
984 1998 1072 2028 verbo
1086 1999 1152 2028 sine
1167 1998 1295 2028 crimine
1306 1998 1467 2026 Bernens.
1480 2001 1517 2027 ut
1535 1995 1625 2028 forte

177 2040 210 2070 in
228 2040 427 2080 quibusdam
446 2040 695 2080 exemplaribus
713 2040 829 2079 fuerit,
857 2041 914 2070 lusi
930 2049 1034 2070 versus
1049 2041 1114 2070 sine
1130 2040 1268 2078 crimine,
1284 2039 1372 2079 quod
1391 2048 1504 2069 amans
1522 2048 1623 2079 agno-

175 2082 364 2112 minationis
381 2083 536 2113 librarius
553 2083 697 2113 mutavit
715 2083 746 2112 in
770 2092 892 2112 carmen
906 2082 970 2112 sine
984 2082 1135 2118 crimine;
1159 2082 1219 2112 sed
1242 2082 1322 2111 nihii
1341 2081 1538 2111 mutandum
1554 2091 1560 2111 :
1588 2085 1624 2112 et

175 2124 257 2164 quid
276 2125 319 2155 sit
342 2126 351 2140 ‘
366 2134 480 2154 verum
502 2124 640 2155 crimeu’
665 2125 803 2155 docebit
820 2124 1049 2154 Broukhusius
1066 2123 1107 2153 ad
1123 2124 1280 2163 Propert.
1297 2132 1354 2154 ιιι.
1374 2126 1423 2154 13.
1442 2126 1491 2154 11.
1509 2124 1621 2155 Bur-m.

177 2169 240 2196 —6
269 2166 343 2196 Visa
359 2171 401 2197 est
420 2168 512 2197 Musa
531 2168 636 2204 ⁴iocosa
660 2177 727 2197 mea
750 2166 883 2206 plurimi
902 2170 1055 2197 veteres:
1080 2166 1174 2196 Musa
1190 2166 1297 2203 jocata
1313 2166 1352 2195 V.
1378 2166 1472 2195 Musa
1495 2168 1540 2195 est
1557 2167 1624 2196 visa

167 2207 274 2245 J'ocosa
305 2219 369 2239 mea
385 2209 515 2249 Grypli.
546 2214 580 2239 et
607 2209 768 2239 Vincent.
795 2209 918 2248 Quoque
942 2208 1044 2247 magis
1073 2208 1139 2238 visa
1167 2211 1213 2239 est
1236 2208 1318 2238 Mss.
1335 2207 1530 2239 Bersm.—S
1554 2207 1623 2239 Pro

830 2293 968 2324 NOTAE

217 2360 237 2389 2
260 2357 427 2398 Lycaonio]
462 2356 754 2397 Septcmtrionali,
782 2356 871 2387 cuia
924 2366 1043 2387 nomen
1061 2356 1196 2388 habent.

176 2406 315 2438 Callisto
334 2407 500 2438 chaonis
527 2406 596 2437 filia
613 2406 645 2436 in
665 2407 784 2437 Ursam
801 2416 871 2437 mu—
967 2406 1085 2446 Stirps]
1120 2405 1255 2446 Apollo,
1289 2407 1429 2436 Latonae
1460 2409 1495 2436 et
1525 2405 1622 2437 Jovis

177 2459 259 2496 tata,
275 2451 398 2487 deinde
422 2457 455 2487 in
482 2457 616 2494 coelum,
633 2465 698 2486 non
714 2457 813 2496 longe
828 2456 870 2487 ab
924 2455 1021 2494 filius,
1036 2456 1090 2486 cui
1108 2456 1225 2487 Po'ctae
1252 2456 1351 2494 sacri,
1377 2455 1548 2485 Musarum
1571 2463 1623 2484 sa·

179 2513 253 2543 axe,
269 2507 442 2546 translata,
457 2507 538 2536 illud
558 2507 672 2537 datum
688 2516 817 2538 nomen.
924 2505 1090 2536 ccrdotes.

221 2556 240 2583 3
264 2554 417 2596 Pierides]
449 2557 569 2595 Musa‘,
596 2556 714 2596 quibus
741 2557 870 2587 studuit
967 2559 984 2585 5
1031 2555 1122 2593 Vero]
1160 2554 1287 2583 Verum
1314 2556 1426 2583 tamen
1453 2551 1621 2584 creditum

181 2600 291 2638 Naso,
319 2613 392 2642 <111ae
419 2606 470 2635 vel
497 2614 515 2635 a
545 2606 660 2636 Pierio
689 2606 869 2636 Thessali-«2
925 2609 996 2642 est;
1018 2604 1106 2644 quod
1122 2603 1212 2633 exilii
1229 2612 1309 2633 vcra
1324 2612 1425 2633 causa
1439 2601 1514 2634 fuit.

180 2655 294 2681 moute
316 2651 370 2682 ubi
394 2658 494 2692 natae,
510 2655 562 2684 vel
590 2665 608 2685 a
624 2655 716 2685 Pieri
738 2654 870 2686 filiabus
968 2659 987 2685 8
1013 2654 1157 2694 Frigore]
1183 2654 1285 2684 l‘onti
1310 2654 1398 2684 enim
1421 2654 1512 2693 regio
1537 2654 1620 2684 mul-

179 2699 356 2741 superatis,
382 2705 416 2732 et
441 2701 474 2732 in
499 2703 590 2741 picas
616 2705 766 2746 mutatis,
789 2704 870 2736 illud
927 2710 997 2737 tum
1024 2705 1065 2737 ad
1092 2704 1374 2746 Septenitrionem
1390 2707 1562 2746 porrecta,
1587 2713 1620 2734 a-
