<?xml version="1.0" encoding="UTF-8"?>
<!DOCTYPE html PUBLIC "-//W3C//DTD XHTML 1.0 Transitional//EN"
    "http://www.w3.org/TR/xhtml1/DTD/xhtml1-transitional.dtd">
<html xmlns="http://www.w3.org/1999/xhtml" xml:lang="en" lang="en">
 <head>
  <title>
</title>
<meta http-equiv="Content-Type" content="text/html;charset=utf-8" />
  <meta name='ocr-system' content='tesseract 3.04.00' />
  <meta name='ocr-capabilities' content='ocr_page ocr_carea ocr_par ocr_line ocrx_word'/>
</head>
<body>
  <div class='ocr_page' id='page_1' title='image "./operaomniaexedit05oviduoft/operaomniaexedit05oviduoft_0320.png"; bbox 0 0 1877 3193; ppageno 0'>
   <div class='ocr_carea' id='block_1_1' title="bbox 221 173 1184 216">
    <p class='ocr_par' dir='ltr' id='par_1_1' title="bbox 221 173 1184 216">
     <span class='ocr_line' id='line_1_1' title="bbox 221 173 1184 216; baseline -0.001 -1"><span class='ocrx_word' id='word_1_1' title='bbox 221 173 334 216; x_wconf 75' lang='lat'>2524</span> <span class='ocrx_word' id='word_1_2' title='bbox 705 185 746 215; x_wconf 85' lang='lat' dir='ltr'><strong>P.</strong></span> <span class='ocrx_word' id='word_1_3' title='bbox 779 183 939 214; x_wconf 80' lang='lat' dir='ltr'><strong>ovrmr</strong></span> <span class='ocrx_word' id='word_1_4' title='bbox 972 182 1184 215; x_wconf 75' lang='lat' dir='ltr'><strong>NAsoms</strong></span> 
     </span>
    </p>
   </div>
   <div class='ocr_carea' id='block_1_2' title="bbox 217 277 1504 1070">
    <p class='ocr_par' dir='ltr' id='par_1_2' title="bbox 218 277 1310 396">
     <span class='ocr_line' id='line_1_2' title="bbox 218 277 1310 332; baseline -0.002 -12"><span class='ocrx_word' id='word_1_5' title='bbox 218 278 300 320; x_wconf 89' lang='lat' dir='ltr'><strong>Ille</strong></span> <span class='ocrx_word' id='word_1_6' title='bbox 317 281 383 320; x_wconf 87' lang='lat' dir='ltr'><strong>est</strong></span> <span class='ocrx_word' id='word_1_7' title='bbox 402 278 444 319; x_wconf 92' lang='lat' dir='ltr'><strong>in</strong></span> <span class='ocrx_word' id='word_1_8' title='bbox 467 278 670 328; x_wconf 82' lang='lat' dir='ltr'><strong>Pontum,</strong></span> <span class='ocrx_word' id='word_1_9' title='bbox 695 278 821 319; x_wconf 85' lang='lat' dir='ltr'><strong>Pelia</strong></span> <span class='ocrx_word' id='word_1_10' title='bbox 841 278 1052 329; x_wconf 80' lang='lat' dir='ltr'><strong>mittente,</strong></span> <span class='ocrx_word' id='word_1_11' title='bbox 1073 277 1310 332; x_wconf 85' lang='lat' dir='ltr'><strong>profectus,</strong></span> 
     </span>
     <span class='ocr_line' id='line_1_3' title="bbox 275 345 1197 396; baseline -0.001 -10"><span class='ocrx_word' id='word_1_12' title='bbox 275 345 366 396; x_wconf 84' lang='lat' dir='ltr'><strong>Qui</strong></span> <span class='ocrx_word' id='word_1_13' title='bbox 388 348 464 388; x_wconf 80' lang='lat' dir='ltr'><strong>vix</strong></span> <span class='ocrx_word' id='word_1_14' title='bbox 486 346 732 388; x_wconf 68' lang='lat' dir='ltr'><strong>Thessaliae</strong></span> <span class='ocrx_word' id='word_1_15' title='bbox 754 347 839 387; x_wconf 88' lang='lat' dir='ltr'><strong>fine</strong></span> <span class='ocrx_word' id='word_1_16' title='bbox 859 346 1074 387; x_wconf 88' lang='lat' dir='ltr'><strong>timendus</strong></span> <span class='ocrx_word' id='word_1_17' title='bbox 1094 349 1197 386; x_wconf 85' lang='lat' dir='ltr'><strong>erat.</strong></span> 
     </span>
    </p>

    <p class='ocr_par' dir='ltr' id='par_1_3' title="bbox 219 411 1303 534">
     <span class='ocr_line' id='line_1_4' title="bbox 219 411 1303 468; baseline -0.002 -14"><span class='ocrx_word' id='word_1_18' title='bbox 219 411 411 455; x_wconf 85' lang='lat' dir='ltr'><strong>Caesaris</strong></span> <span class='ocrx_word' id='word_1_19' title='bbox 429 415 494 455; x_wconf 81' lang='lat' dir='ltr'><strong>ira</strong></span> <span class='ocrx_word' id='word_1_20' title='bbox 515 414 617 454; x_wconf 83' lang='lat' dir='ltr'><strong>mihi</strong></span> <span class='ocrx_word' id='word_1_21' title='bbox 636 416 805 466; x_wconf 89' lang='lat' dir='ltr'><strong>nocuit;</strong></span> <span class='ocrx_word' id='word_1_22' title='bbox 838 428 968 468; x_wconf 92' lang='lat' dir='ltr'><strong>quem</strong></span> <span class='ocrx_word' id='word_1_23' title='bbox 991 414 1107 455; x_wconf 88' lang='lat' dir='ltr'><strong>Solis</strong></span> <span class='ocrx_word' id='word_1_24' title='bbox 1129 413 1185 454; x_wconf 81' lang='lat' dir='ltr'><strong>ab</strong></span> <span class='ocrx_word' id='word_1_25' title='bbox 1206 416 1303 453; x_wconf 86' lang='lat' dir='ltr'><strong>ortu</strong></span> 
     </span>
     <span class='ocr_line' id='line_1_5' title="bbox 274 480 1186 534; baseline 0 -13"><span class='ocrx_word' id='word_1_26' title='bbox 274 480 389 521; x_wconf 88' lang='lat' dir='ltr'><strong>Solis</strong></span> <span class='ocrx_word' id='word_1_27' title='bbox 412 481 468 521; x_wconf 85' lang='lat' dir='ltr'><strong>ad</strong></span> <span class='ocrx_word' id='word_1_28' title='bbox 488 494 672 521; x_wconf 81' lang='lat' dir='ltr'>occasus</span> <span class='ocrx_word' id='word_1_29' title='bbox 691 485 875 534; x_wconf 80' lang='lat' dir='ltr'><strong>utraque</strong></span> <span class='ocrx_word' id='word_1_30' title='bbox 898 484 1009 521; x_wconf 79' lang='lat' dir='ltr'><strong>terra</strong></span> <span class='ocrx_word' id='word_1_31' title='bbox 1030 481 1186 521; x_wconf 83' lang='lat' dir='ltr'><strong>tremit.</strong></span> 
     </span>
    </p>

    <p class='ocr_par' dir='ltr' id='par_1_4' title="bbox 217 546 1504 668">
     <span class='ocr_line' id='line_1_6' title="bbox 217 546 1504 600; baseline -0.002 -11"><span class='ocrx_word' id='word_1_32' title='bbox 217 547 246 588; x_wconf 87' lang='lat' dir='ltr'><strong>J</strong></span> <span class='ocrx_word' id='word_1_33' title='bbox 249 548 420 589; x_wconf 90' lang='lat' dir='ltr'><strong>unctior</strong></span> <span class='ocrx_word' id='word_1_34' title='bbox 442 548 678 589; x_wconf 80' lang='lat' dir='ltr'><strong>Haemonia</strong></span> <span class='ocrx_word' id='word_1_35' title='bbox 698 552 763 589; x_wconf 86' lang='lat' dir='ltr'><strong>est</strong></span> <span class='ocrx_word' id='word_1_36' title='bbox 782 548 943 597; x_wconf 88' lang='lat' dir='ltr'><strong>Ponto,</strong></span> <span class='ocrx_word' id='word_1_37' title='bbox 968 561 1100 600; x_wconf 84' lang='lat' dir='ltr'><strong>quam</strong></span> <span class='ocrx_word' id='word_1_38' title='bbox 1121 547 1282 598; x_wconf 81' lang='lat' dir='ltr'><strong>Roma,</strong></span> <span class='ocrx_word' id='word_1_39' title='bbox 1304 546 1504 588; x_wconf 85' lang='lat' dir='ltr'><strong>sinistro:</strong></span> 
     </span>
     <span class='ocr_line' id='line_1_7' title="bbox 274 614 1202 668; baseline -0.001 -13"><span class='ocrx_word' id='word_1_40' title='bbox 274 614 331 657; x_wconf 89' lang='lat' dir='ltr'><strong>Et</strong></span> <span class='ocrx_word' id='word_1_41' title='bbox 349 617 544 665; x_wconf 85' lang='lat' dir='ltr'><strong>brevius,</strong></span> <span class='ocrx_word' id='word_1_42' title='bbox 567 628 812 668; x_wconf 22' lang='lat' dir='ltr'><strong>quamvnos,</strong></span> <span class='ocrx_word' id='word_1_43' title='bbox 834 616 905 655; x_wconf 90' lang='lat' dir='ltr'><strong>ille</strong></span> <span class='ocrx_word' id='word_1_44' title='bbox 928 614 1092 668; x_wconf 78' lang='lat' dir='ltr'><strong>peregit</strong></span> <span class='ocrx_word' id='word_1_45' title='bbox 1107 615 1202 655; x_wconf 87' lang='lat' dir='ltr'><strong>iter.</strong></span> 
     </span>
    </p>

    <p class='ocr_par' dir='ltr' id='par_1_5' title="bbox 218 679 1283 798">
     <span class='ocr_line' id='line_1_8' title="bbox 218 679 1283 733; baseline 0.001 -11"><span class='ocrx_word' id='word_1_46' title='bbox 218 681 298 723; x_wconf 93' lang='lat' dir='ltr'><strong>Ille</strong></span> <span class='ocrx_word' id='word_1_47' title='bbox 319 683 468 722; x_wconf 82' lang='lat' dir='ltr'><strong>habuit</strong></span> <span class='ocrx_word' id='word_1_48' title='bbox 488 682 685 729; x_wconf 83' lang='lat' dir='ltr'><strong>comites,</strong></span> <span class='ocrx_word' id='word_1_49' title='bbox 707 682 872 733; x_wconf 82' lang='lat' dir='ltr'><strong>primos</strong></span> <span class='ocrx_word' id='word_1_50' title='bbox 893 681 1056 722; x_wconf 88' lang='lat' dir='ltr'><strong>telluris</strong></span> <span class='ocrx_word' id='word_1_51' title='bbox 1077 679 1283 723; x_wconf 87' lang='lat' dir='ltr'><strong>Achivae:</strong></span> 
     </span>
     <span class='ocr_line' id='line_1_9' title="bbox 274 747 1149 798; baseline -0.003 -8"><span class='ocrx_word' id='word_1_52' title='bbox 274 748 339 790; x_wconf 88' lang='lat' dir='ltr'><strong>At</strong></span> <span class='ocrx_word' id='word_1_53' title='bbox 358 753 550 789; x_wconf 85' lang='lat' dir='ltr'><strong>nostram</strong></span> <span class='ocrx_word' id='word_1_54' title='bbox 571 747 713 788; x_wconf 91' lang='lat' dir='ltr'><strong>cuncti</strong></span> <span class='ocrx_word' id='word_1_55' title='bbox 735 747 966 786; x_wconf 83' lang='lat' dir='ltr'><strong>destituere</strong></span> <span class='ocrx_word' id='word_1_56' title='bbox 987 747 1149 798; x_wconf 83' lang='lat' dir='ltr'><strong>sugam.</strong></span> 
     </span>
    </p>

    <p class='ocr_par' dir='ltr' id='par_1_6' title="bbox 218 813 1295 933">
     <span class='ocr_line' id='line_1_10' title="bbox 218 813 1295 868; baseline -0.003 -12"><span class='ocrx_word' id='word_1_57' title='bbox 218 815 316 856; x_wconf 87' lang='lat' dir='ltr'><strong>Nos</strong></span> <span class='ocrx_word' id='word_1_58' title='bbox 337 816 479 868; x_wconf 82' lang='lat' dir='ltr'>fragili</span> <span class='ocrx_word' id='word_1_59' title='bbox 499 818 672 856; x_wconf 83' lang='lat' dir='ltr'><strong>vastum</strong></span> <span class='ocrx_word' id='word_1_60' title='bbox 690 814 805 865; x_wconf 86' lang='lat' dir='ltr'><strong>ligno</strong></span> <span class='ocrx_word' id='word_1_61' title='bbox 827 813 1097 852; x_wconf 82' lang='lat' dir='ltr'><strong>sulcavimus</strong></span> <span class='ocrx_word' id='word_1_62' title='bbox 1120 825 1295 865; x_wconf 87' lang='lat' dir='ltr'><strong>aequor:</strong></span> 
     </span>
     <span class='ocr_line' id='line_1_11' title="bbox 274 879 1224 933; baseline -0.003 -9"><span class='ocrx_word' id='word_1_63' title='bbox 274 882 388 933; x_wconf 82' lang='lat' dir='ltr'><strong>Quae</strong></span> <span class='ocrx_word' id='word_1_64' title='bbox 411 883 509 923; x_wconf 90' lang='lat' dir='ltr'><strong>tulit</strong></span> <span class='ocrx_word' id='word_1_65' title='bbox 528 880 789 930; x_wconf 85' lang='lat' dir='ltr'><strong>AEsoniden,</strong></span> <span class='ocrx_word' id='word_1_66' title='bbox 812 879 936 920; x_wconf 83' lang='lat' dir='ltr'><strong>firma</strong></span> <span class='ocrx_word' id='word_1_67' title='bbox 957 881 1107 920; x_wconf 79' lang='lat' dir='ltr'><strong>carina</strong></span> <span class='ocrx_word' id='word_1_68' title='bbox 1127 879 1224 921; x_wconf 86' lang='lat' dir='ltr'><strong>fuit.</strong></span> 
     </span>
    </p>

    <p class='ocr_par' dir='ltr' id='par_1_7' title="bbox 218 946 1420 1070">
     <span class='ocr_line' id='line_1_12' title="bbox 218 946 1420 1004; baseline -0.002 -13"><span class='ocrx_word' id='word_1_69' title='bbox 218 950 315 991; x_wconf 90' lang='lat' dir='ltr'><strong>Nec</strong></span> <span class='ocrx_word' id='word_1_70' title='bbox 336 950 504 1004; x_wconf 87' lang='lat' dir='ltr'><strong>Tiphys</strong></span> <span class='ocrx_word' id='word_1_71' title='bbox 526 948 633 989; x_wconf 90' lang='lat' dir='ltr'><strong>mihi</strong></span> <span class='ocrx_word' id='word_1_72' title='bbox 653 952 795 989; x_wconf 88' lang='lat' dir='ltr'><strong>rector</strong></span> <span class='ocrx_word' id='word_1_73' title='bbox 816 950 932 988; x_wconf 84' lang='lat' dir='ltr'><strong>erat:</strong></span> <span class='ocrx_word' id='word_1_74' title='bbox 963 960 1044 988; x_wconf 90' lang='lat' dir='ltr'><strong>nec</strong></span> <span class='ocrx_word' id='word_1_75' title='bbox 1066 946 1270 1000; x_wconf 84' lang='lat' dir='ltr'><strong>Agenore</strong></span> <span class='ocrx_word' id='word_1_76' title='bbox 1291 951 1420 989; x_wconf 82' lang='lat' dir='ltr'><strong>natus</strong></span> 
     </span>
     <span class='ocr_line' id='line_1_13' title="bbox 274 1013 1397 1070; baseline -0.002 -12"><span class='ocrx_word' id='word_1_77' title='bbox 274 1016 400 1067; x_wconf 83' lang='lat' dir='ltr'><strong>Quas</strong></span> <span class='ocrx_word' id='word_1_78' title='bbox 421 1028 644 1070; x_wconf 88' lang='lat' dir='ltr'><strong>sequerer,</strong></span> <span class='ocrx_word' id='word_1_79' title='bbox 667 1015 829 1064; x_wconf 90' lang='lat' dir='ltr'><strong>docuit,</strong></span> <span class='ocrx_word' id='word_1_80' title='bbox 853 1027 963 1068; x_wconf 82' lang='lat' dir='ltr'><strong>quas</strong></span> <span class='ocrx_word' id='word_1_81' title='bbox 985 1013 1264 1068; x_wconf 87' lang='lat' dir='ltr'><strong>fugeremque</strong></span> <span class='ocrx_word' id='word_1_82' title='bbox 1286 1015 1397 1056; x_wconf 81' lang='lat' dir='ltr'><strong>vias.</strong></span> 
     </span>
    </p>
   </div>
   <div class='ocr_carea' id='block_1_3' title="bbox 1616 479 1672 520">
    <p class='ocr_par' dir='ltr' id='par_1_8' title="bbox 1616 479 1672 520">
     <span class='ocr_line' id='line_1_14' title="bbox 1616 479 1672 520; baseline 0 0"><span class='ocrx_word' id='word_1_83' title='bbox 1616 479 1672 520; x_wconf 82' lang='lat'><strong>30</strong></span> 
     </span>
    </p>
   </div>
   <div class='ocr_carea' id='block_1_4' title="bbox 1616 815 1673 856">
    <p class='ocr_par' dir='ltr' id='par_1_9' title="bbox 1616 815 1673 856">
     <span class='ocr_line' id='line_1_15' title="bbox 1616 815 1673 856; baseline 0.018 -1"><span class='ocrx_word' id='word_1_84' title='bbox 1616 815 1673 856; x_wconf 85' lang='lat'><strong>35</strong></span> 
     </span>
    </p>
   </div>
   <div class='ocr_carea' id='block_1_5' title="bbox 213 1143 1678 1438">
    <p class='ocr_par' dir='ltr' id='par_1_10' title="bbox 213 1143 1678 1438">
     <span class='ocr_line' id='line_1_16' title="bbox 218 1143 1678 1185; baseline -0.001 -10"><span class='ocrx_word' id='word_1_85' title='bbox 218 1145 366 1181; x_wconf 83' lang='lat' dir='ltr'><strong>Pontum,</strong></span> <span class='ocrx_word' id='word_1_86' title='bbox 386 1144 472 1173; x_wconf 80' lang='lat' dir='ltr'><strong>Pelia</strong></span> <span class='ocrx_word' id='word_1_87' title='bbox 488 1143 643 1182; x_wconf 70' lang='lat' dir='ltr'><strong>mittente,</strong></span> <span class='ocrx_word' id='word_1_88' title='bbox 660 1144 711 1184; x_wconf 79' lang='lat' dir='ltr'><strong>qui</strong></span> <span class='ocrx_word' id='word_1_89' title='bbox 728 1144 784 1175; x_wconf 73' lang='lat' dir='ltr'><strong>vix</strong></span> <span class='ocrx_word' id='word_1_90' title='bbox 799 1148 865 1175; x_wconf 78' lang='lat' dir='ltr'><strong>erat</strong></span> <span class='ocrx_word' id='word_1_91' title='bbox 881 1146 1059 1176; x_wconf 81' lang='lat' dir='ltr'><strong>metuendus</strong></span> <span class='ocrx_word' id='word_1_92' title='bbox 1073 1145 1157 1175; x_wconf 77' lang='lat' dir='ltr'><strong>intra</strong></span> <span class='ocrx_word' id='word_1_93' title='bbox 1170 1144 1256 1185; x_wconf 83' lang='lat' dir='ltr'><strong>fines</strong></span> <span class='ocrx_word' id='word_1_94' title='bbox 1279 1143 1456 1175; x_wconf 67' lang='lat' dir='ltr'><strong>Thessaliae.</strong></span> <span class='ocrx_word' id='word_1_95' title='bbox 1501 1144 1556 1174; x_wconf 88' lang='lat' dir='ltr'><strong>Ira</strong></span> <span class='ocrx_word' id='word_1_96' title='bbox 1574 1143 1678 1175; x_wconf 80' lang='lat' dir='ltr'><strong>Coesa-</strong></span> 
     </span>
     <span class='ocr_line' id='line_1_17' title="bbox 215 1185 1677 1225; baseline 0 -9"><span class='ocrx_word' id='word_1_97' title='bbox 215 1187 261 1217; x_wconf 86' lang='lat' dir='ltr'><strong>ris</strong></span> <span class='ocrx_word' id='word_1_98' title='bbox 283 1186 360 1216; x_wconf 82' lang='lat' dir='ltr'><strong>mihi</strong></span> <span class='ocrx_word' id='word_1_99' title='bbox 382 1185 494 1223; x_wconf 77' lang='lat' dir='ltr'><strong>obfuit,</strong></span> <span class='ocrx_word' id='word_1_100' title='bbox 519 1196 605 1225; x_wconf 87' lang='lat' dir='ltr'><strong>quem</strong></span> <span class='ocrx_word' id='word_1_101' title='bbox 631 1190 762 1225; x_wconf 76' lang='lat' dir='ltr'><strong>utraque</strong></span> <span class='ocrx_word' id='word_1_102' title='bbox 785 1190 870 1218; x_wconf 84' lang='lat' dir='ltr'><strong>terra</strong></span> <span class='ocrx_word' id='word_1_103' title='bbox 896 1188 933 1217; x_wconf 86' lang='lat' dir='ltr'><strong>ab</strong></span> <span class='ocrx_word' id='word_1_104' title='bbox 950 1191 1019 1218; x_wconf 84' lang='lat' dir='ltr'><strong>ortu</strong></span> <span class='ocrx_word' id='word_1_105' title='bbox 1037 1187 1120 1218; x_wconf 82' lang='lat' dir='ltr'><strong>Solis</strong></span> <span class='ocrx_word' id='word_1_106' title='bbox 1134 1189 1174 1217; x_wconf 83' lang='lat' dir='ltr'><strong>ad</strong></span> <span class='ocrx_word' id='word_1_107' title='bbox 1199 1197 1335 1217; x_wconf 75' lang='lat' dir='ltr'><strong>occasum</strong></span> <span class='ocrx_word' id='word_1_108' title='bbox 1352 1186 1433 1217; x_wconf 71' lang='lat' dir='ltr'><strong>Solis</strong></span> <span class='ocrx_word' id='word_1_109' title='bbox 1447 1185 1629 1224; x_wconf 79' lang='lat' dir='ltr'><strong>reformidat</strong></span> <span class='ocrx_word' id='word_1_110' title='bbox 1645 1190 1677 1217; x_wconf 81' lang='lat' dir='ltr'><strong>et</strong></span> 
     </span>
     <span class='ocr_line' id='line_1_18' title="bbox 217 1228 1675 1269; baseline 0 -10"><span class='ocrx_word' id='word_1_111' title='bbox 217 1232 391 1259; x_wconf 78' lang='lat' dir='ltr'><strong>veneratur.</strong></span> <span class='ocrx_word' id='word_1_112' title='bbox 438 1228 603 1261; x_wconf 77' lang='lat' dir='ltr'><strong>Hoemonz‘a</strong></span> <span class='ocrx_word' id='word_1_113' title='bbox 618 1232 661 1258; x_wconf 86' lang='lat' dir='ltr'><strong>est</strong></span> <span class='ocrx_word' id='word_1_114' title='bbox 678 1229 809 1258; x_wconf 77' lang='lat' dir='ltr'><strong>vicinior</strong></span> <span class='ocrx_word' id='word_1_115' title='bbox 826 1230 939 1267; x_wconf 82' lang='lat' dir='ltr'><strong>Ponto,</strong></span> <span class='ocrx_word' id='word_1_116' title='bbox 963 1240 1053 1269; x_wconf 84' lang='lat' dir='ltr'><strong>quam</strong></span> <span class='ocrx_word' id='word_1_117' title='bbox 1071 1230 1169 1260; x_wconf 82' lang='lat' dir='ltr'><strong>Roma</strong></span> <span class='ocrx_word' id='word_1_118' title='bbox 1183 1230 1223 1259; x_wconf 86' lang='lat' dir='ltr'><strong>sit</strong></span> <span class='ocrx_word' id='word_1_119' title='bbox 1238 1230 1319 1259; x_wconf 83' lang='lat' dir='ltr'><strong>Istro</strong></span> <span class='ocrx_word' id='word_1_120' title='bbox 1331 1240 1341 1259; x_wconf 88' lang='lat'><strong>.·</strong></span> <span class='ocrx_word' id='word_1_121' title='bbox 1363 1233 1394 1259; x_wconf 84' lang='lat' dir='ltr'><strong>et</strong></span> <span class='ocrx_word' id='word_1_122' title='bbox 1409 1229 1462 1260; x_wconf 74' lang='lat' dir='ltr'><strong>ille</strong></span> <span class='ocrx_word' id='word_1_123' title='bbox 1478 1239 1615 1260; x_wconf 76' lang='lat' dir='ltr'><strong>emensus</strong></span> <span class='ocrx_word' id='word_1_124' title='bbox 1629 1231 1675 1260; x_wconf 78' lang='lat' dir='ltr'><strong>est</strong></span> 
     </span>
     <span class='ocr_line' id='line_1_19' title="bbox 216 1270 1677 1310; baseline 0 -9"><span class='ocrx_word' id='word_1_125' title='bbox 216 1271 298 1301; x_wconf 76' lang='lat' dir='ltr'><strong>viam</strong></span> <span class='ocrx_word' id='word_1_126' title='bbox 313 1270 479 1300; x_wconf 77' lang='lat' dir='ltr'><strong>breviorem</strong></span> <span class='ocrx_word' id='word_1_127' title='bbox 495 1280 584 1309; x_wconf 82' lang='lat' dir='ltr'><strong>quarn</strong></span> <span class='ocrx_word' id='word_1_128' title='bbox 599 1280 663 1300; x_wconf 87' lang='lat' dir='ltr'><strong>nos.</strong></span> <span class='ocrx_word' id='word_1_129' title='bbox 710 1271 770 1300; x_wconf 86' lang='lat' dir='ltr'><strong>Ille</strong></span> <span class='ocrx_word' id='word_1_130' title='bbox 795 1270 902 1301; x_wconf 80' lang='lat' dir='ltr'><strong>habuit</strong></span> <span class='ocrx_word' id='word_1_131' title='bbox 918 1273 1015 1301; x_wconf 81' lang='lat' dir='ltr'><strong>socios</strong></span> <span class='ocrx_word' id='word_1_132' title='bbox 1040 1272 1193 1310; x_wconf 77' lang='lat' dir='ltr'><strong>principes</strong></span> <span class='ocrx_word' id='word_1_133' title='bbox 1210 1272 1347 1309; x_wconf 78' lang='lat' dir='ltr'><strong>regionis</strong></span> <span class='ocrx_word' id='word_1_134' title='bbox 1373 1272 1484 1301; x_wconf 78' lang='lat' dir='ltr'><strong>Graia:</strong></span> <span class='ocrx_word' id='word_1_135' title='bbox 1495 1282 1505 1301; x_wconf 79' lang='grc'><strong>.-</strong></span> <span class='ocrx_word' id='word_1_136' title='bbox 1529 1274 1559 1302; x_wconf 85' lang='lat' dir='ltr'><strong>et</strong></span> <span class='ocrx_word' id='word_1_137' title='bbox 1575 1280 1677 1301; x_wconf 79' lang='lat' dir='ltr'><strong>omnes</strong></span> 
     </span>
     <span class='ocr_line' id='line_1_20' title="bbox 213 1313 1676 1351; baseline -0.001 -8"><span class='ocrx_word' id='word_1_138' title='bbox 213 1314 412 1344; x_wconf 79' lang='lat' dir='ltr'><strong>deseruerunt</strong></span> <span class='ocrx_word' id='word_1_139' title='bbox 434 1315 571 1342; x_wconf 79' lang='lat' dir='ltr'><strong>nostrum</strong></span> <span class='ocrx_word' id='word_1_140' title='bbox 587 1313 725 1343; x_wconf 75' lang='lat' dir='ltr'><strong>exilium.</strong></span> <span class='ocrx_word' id='word_1_141' title='bbox 772 1313 840 1343; x_wconf 86' lang='lat' dir='ltr'><strong>Nos</strong></span> <span class='ocrx_word' id='word_1_142' title='bbox 867 1314 1058 1343; x_wconf 78' lang='lat' dir='ltr'><strong>tranavimus</strong></span> <span class='ocrx_word' id='word_1_143' title='bbox 1073 1317 1193 1342; x_wconf 81' lang='lat' dir='ltr'><strong>vastum</strong></span> <span class='ocrx_word' id='word_1_144' title='bbox 1218 1323 1301 1342; x_wconf 81' lang='lat' dir='ltr'><strong>mare</strong></span> <span class='ocrx_word' id='word_1_145' title='bbox 1326 1313 1408 1350; x_wconf 81' lang='lat' dir='ltr'><strong>ligno</strong></span> <span class='ocrx_word' id='word_1_146' title='bbox 1426 1313 1565 1351; x_wconf 82' lang='lat' dir='ltr'><strong>fragili.-</strong></span> <span class='ocrx_word' id='word_1_147' title='bbox 1588 1313 1676 1342; x_wconf 79' lang='lat' dir='ltr'><strong>navis</strong></span> 
     </span>
     <span class='ocr_line' id='line_1_21' title="bbox 216 1354 1677 1395; baseline -0.001 -10"><span class='ocrx_word' id='word_1_148' title='bbox 216 1365 284 1394; x_wconf 81' lang='lat' dir='ltr'><strong>quae</strong></span> <span class='ocrx_word' id='word_1_149' title='bbox 308 1355 395 1385; x_wconf 81' lang='lat' dir='ltr'><strong>vexit</strong></span> <span class='ocrx_word' id='word_1_150' title='bbox 411 1355 590 1385; x_wconf 81' lang='lat' dir='ltr'><strong>AEsonz&#39;dem</strong></span> <span class='ocrx_word' id='word_1_151' title='bbox 603 1354 673 1390; x_wconf 79' lang='lat' dir='ltr'><strong>suit</strong></span> <span class='ocrx_word' id='word_1_152' title='bbox 695 1355 805 1385; x_wconf 77' lang='lat' dir='ltr'><strong>solida.</strong></span> <span class='ocrx_word' id='word_1_153' title='bbox 851 1356 958 1395; x_wconf 82' lang='lat' dir='ltr'><strong>Neque</strong></span> <span class='ocrx_word' id='word_1_154' title='bbox 977 1356 1091 1395; x_wconf 79' lang='lat' dir='ltr'><strong><em>Tiphys</em></strong></span> <span class='ocrx_word' id='word_1_155' title='bbox 1106 1358 1173 1385; x_wconf 75' lang='lat' dir='ltr'><strong>erat</strong></span> <span class='ocrx_word' id='word_1_156' title='bbox 1189 1355 1264 1384; x_wconf 71' lang='lat' dir='ltr'><strong>mihi</strong></span> <span class='ocrx_word' id='word_1_157' title='bbox 1280 1355 1458 1384; x_wconf 78' lang='lat' dir='ltr'><strong>nauclerus:</strong></span> <span class='ocrx_word' id='word_1_158' title='bbox 1483 1364 1574 1394; x_wconf 81' lang='lat' dir='ltr'><strong>neque</strong></span> <span class='ocrx_word' id='word_1_159' title='bbox 1580 1354 1677 1395; x_wconf 80' lang='lat' dir='ltr'><strong>filius</strong></span> 
     </span>
     <span class='ocr_line' id='line_1_22' title="bbox 217 1396 1675 1438; baseline -0.001 -10"><span class='ocrx_word' id='word_1_160' title='bbox 217 1397 374 1437; x_wconf 74' lang='lat' dir='ltr'><strong>Agenoris</strong></span> <span class='ocrx_word' id='word_1_161' title='bbox 391 1397 542 1427; x_wconf 82' lang='lat' dir='ltr'><strong>indicavit</strong></span> <span class='ocrx_word' id='word_1_162' title='bbox 569 1397 634 1428; x_wconf 76' lang='lat' dir='ltr'><strong>vias</strong></span> <span class='ocrx_word' id='word_1_163' title='bbox 649 1407 724 1437; x_wconf 82' lang='lat' dir='ltr'><strong>quas</strong></span> <span class='ocrx_word' id='word_1_164' title='bbox 745 1400 892 1437; x_wconf 80' lang='lat' dir='ltr'><strong>tenerem,</strong></span> <span class='ocrx_word' id='word_1_165' title='bbox 909 1401 938 1428; x_wconf 78' lang='lat' dir='ltr'><strong>et</strong></span> <span class='ocrx_word' id='word_1_166' title='bbox 962 1407 1036 1438; x_wconf 80' lang='lat' dir='ltr'><strong>quus</strong></span> <span class='ocrx_word' id='word_1_167' title='bbox 1052 1398 1192 1428; x_wconf 78' lang='lat' dir='ltr'><strong>vitarem.</strong></span> <span class='ocrx_word' id='word_1_168' title='bbox 1238 1396 1340 1435; x_wconf 74' lang='lat' dir='ltr'><strong>Regia</strong></span> <span class='ocrx_word' id='word_1_169' title='bbox 1364 1397 1447 1426; x_wconf 84' lang='lat' dir='ltr'><strong>Juno</strong></span> <span class='ocrx_word' id='word_1_170' title='bbox 1462 1406 1530 1427; x_wconf 85' lang='lat' dir='ltr'><strong>cum</strong></span> <span class='ocrx_word' id='word_1_171' title='bbox 1547 1397 1675 1427; x_wconf 80' lang='lat' dir='ltr'><strong>Pallade</strong></span> 
     </span>
    </p>
   </div>
   <div class='ocr_carea' id='block_1_6' title="bbox 829 1482 1063 1494">
    <p class='ocr_par' dir='ltr' id='par_1_11' title="bbox 829 1482 1063 1494">
     <span class='ocr_line' id='line_1_23' title="bbox 829 1482 1063 1494; baseline 0.009 -2"><span class='ocrx_word' id='word_1_172' title='bbox 829 1482 1063 1494; x_wconf 66' lang='lat' dir='ltr'><strong>oeeeaeeeoeeoe</strong></span> 
     </span>
    </p>
   </div>
   <div class='ocr_carea' id='block_1_7' title="bbox 215 1534 1678 2045">
    <p class='ocr_par' dir='ltr' id='par_1_12' title="bbox 215 1534 1678 2045">
     <span class='ocr_line' id='line_1_24' title="bbox 216 1534 1674 1575; baseline 0.001 -10"><span class='ocrx_word' id='word_1_173' title='bbox 216 1544 298 1575; x_wconf 87' lang='lat' dir='ltr'><strong>pore</strong></span> <span class='ocrx_word' id='word_1_174' title='bbox 315 1534 462 1573; x_wconf 81' lang='lat' dir='ltr'><strong>brevior,</strong></span> <span class='ocrx_word' id='word_1_175' title='bbox 478 1539 512 1565; x_wconf 84' lang='lat' dir='ltr'><strong>et</strong></span> <span class='ocrx_word' id='word_1_176' title='bbox 537 1534 625 1565; x_wconf 83' lang='lat' dir='ltr'><strong>curis</strong></span> <span class='ocrx_word' id='word_1_177' title='bbox 639 1538 673 1566; x_wconf 86' lang='lat' dir='ltr'><strong>et</strong></span> <span class='ocrx_word' id='word_1_178' title='bbox 691 1534 855 1566; x_wconf 81' lang='lat' dir='ltr'><strong>molestiis</strong></span> <span class='ocrx_word' id='word_1_179' title='bbox 869 1535 989 1565; x_wconf 87' lang='lat' dir='ltr'><strong>minor.</strong></span> <span class='ocrx_word' id='word_1_180' title='bbox 1035 1536 1091 1565; x_wconf 89' lang='lat' dir='ltr'><strong>Ita</strong></span> <span class='ocrx_word' id='word_1_181' title='bbox 1103 1545 1207 1574; x_wconf 84' lang='lat' dir='ltr'><strong>snpra</strong></span> <span class='ocrx_word' id='word_1_182' title='bbox 1222 1536 1295 1565; x_wconf 74' lang='lat' dir='ltr'><strong>levis</strong></span> <span class='ocrx_word' id='word_1_183' title='bbox 1311 1539 1346 1565; x_wconf 82' lang='lat' dir='ltr'><strong>et</strong></span> <span class='ocrx_word' id='word_1_184' title='bbox 1362 1535 1462 1566; x_wconf 71' lang='lat' dir='ltr'><strong>bret-is</strong></span> <span class='ocrx_word' id='word_1_185' title='bbox 1477 1535 1674 1567; x_wconf 86' lang='lat' dir='ltr'><strong>commutari</strong></span> 
     </span>
     <span class='ocr_line' id='line_1_25' title="bbox 215 1577 1676 1617; baseline 0.001 -10"><span class='ocrx_word' id='word_1_186' title='bbox 215 1577 360 1608; x_wconf 84' lang='lat' dir='ltr'><strong>vidimus</strong></span> <span class='ocrx_word' id='word_1_187' title='bbox 376 1578 472 1617; x_wconf 86' lang='lat' dir='ltr'><strong>Eleg.</strong></span> <span class='ocrx_word' id='word_1_188' title='bbox 485 1587 524 1607; x_wconf 90' lang='lat'><strong>11.</strong></span> <span class='ocrx_word' id='word_1_189' title='bbox 538 1580 589 1607; x_wconf 81' lang='grc'><strong>64.</strong></span> <span class='ocrx_word' id='word_1_190' title='bbox 607 1582 641 1608; x_wconf 89' lang='lat' dir='ltr'><strong>et</strong></span> <span class='ocrx_word' id='word_1_191' title='bbox 657 1587 712 1608; x_wconf 79' lang='grc' dir='ltr'><strong>ιιι.</strong></span> <span class='ocrx_word' id='word_1_192' title='bbox 729 1578 830 1608; x_wconf 82' lang='lat' dir='ltr'><strong>Trist.</strong></span> <span class='ocrx_word' id='word_1_193' title='bbox 844 1580 873 1608; x_wconf 88' lang='lat'><strong>6.</strong></span> <span class='ocrx_word' id='word_1_194' title='bbox 887 1580 939 1608; x_wconf 85' lang='lat'><strong>27.</strong></span> <span class='ocrx_word' id='word_1_195' title='bbox 954 1582 989 1608; x_wconf 88' lang='lat' dir='ltr'><strong>et</strong></span> <span class='ocrx_word' id='word_1_196' title='bbox 1003 1578 1094 1608; x_wconf 83' lang='lat' dir='ltr'><strong>alibi.</strong></span> <span class='ocrx_word' id='word_1_197' title='bbox 1109 1578 1307 1608; x_wconf 80' lang='lat' dir='ltr'><strong>Burm.-—-28</strong></span> <span class='ocrx_word' id='word_1_198' title='bbox 1320 1577 1360 1608; x_wconf 89' lang='lat' dir='ltr'><strong>V.</strong></span> <span class='ocrx_word' id='word_1_199' title='bbox 1378 1587 1461 1607; x_wconf 86' lang='lat' dir='ltr'><strong>unns</strong></span> <span class='ocrx_word' id='word_1_200' title='bbox 1475 1578 1676 1614; x_wconf 56' lang='lat' dir='ltr'><strong>Thessaliam</strong></span> 
     </span>
     <span class='ocr_line' id='line_1_26' title="bbox 216 1620 1675 1656; baseline 0.001 -6"><span class='ocrx_word' id='word_1_201' title='bbox 216 1621 299 1651; x_wconf 79' lang='lat' dir='ltr'><strong>alius</strong></span> <span class='ocrx_word' id='word_1_202' title='bbox 317 1620 487 1651; x_wconf 81' lang='lat' dir='ltr'><strong>Thessalico</strong></span> <span class='ocrx_word' id='word_1_203' title='bbox 500 1631 511 1656; x_wconf 91' lang='lat'><strong>,·</strong></span> <span class='ocrx_word' id='word_1_204' title='bbox 523 1620 611 1650; x_wconf 79' lang='lat' dir='ltr'><strong>unde</strong></span> <span class='ocrx_word' id='word_1_205' title='bbox 631 1620 749 1652; x_wconf 79' lang='lat' dir='ltr'><strong>Heius.</strong></span> <span class='ocrx_word' id='word_1_206' title='bbox 768 1620 1023 1651; x_wconf 83' lang='lat' dir='ltr'><strong>Thessalio.—30</strong></span> <span class='ocrx_word' id='word_1_207' title='bbox 1038 1620 1105 1650; x_wconf 88' lang='lat' dir='ltr'><strong>Alii</strong></span> <span class='ocrx_word' id='word_1_208' title='bbox 1121 1624 1195 1650; x_wconf 83' lang='lat' dir='ltr'><strong>terr.</strong></span> <span class='ocrx_word' id='word_1_209' title='bbox 1207 1620 1391 1651; x_wconf 48' lang='lat' dir='ltr'><strong>timet—SI</strong></span> <span class='ocrx_word' id='word_1_210' title='bbox 1406 1620 1588 1650; x_wconf 86' lang='lat' dir='ltr'><strong>Distichon</strong></span> <span class='ocrx_word' id='word_1_211' title='bbox 1603 1630 1675 1653; x_wconf 85' lang='lat' dir='ltr'><strong>nes-</strong></span> 
     </span>
     <span class='ocr_line' id='line_1_27' title="bbox 217 1662 1678 1703; baseline -0.001 -10"><span class='ocrx_word' id='word_1_212' title='bbox 217 1663 270 1693; x_wconf 86' lang='lat' dir='ltr'><strong>cio</strong></span> <span class='ocrx_word' id='word_1_213' title='bbox 284 1672 325 1692; x_wconf 88' lang='lat' dir='ltr'><strong>an</strong></span> <span class='ocrx_word' id='word_1_214' title='bbox 342 1664 495 1702; x_wconf 59' lang='lat' dir='ltr'><strong>genuinae</strong></span> <span class='ocrx_word' id='word_1_215' title='bbox 514 1668 613 1692; x_wconf 89' lang='lat' dir='ltr'><strong>notae.</strong></span> <span class='ocrx_word' id='word_1_216' title='bbox 638 1663 751 1693; x_wconf 72' lang='lat' dir='ltr'><strong>Heius.</strong></span> <span class='ocrx_word' id='word_1_217' title='bbox 799 1663 925 1694; x_wconf 87' lang='lat' dir='ltr'><strong>Nescio</strong></span> <span class='ocrx_word' id='word_1_218' title='bbox 943 1672 1003 1693; x_wconf 86' lang='lat' dir='ltr'><strong>cur</strong></span> <span class='ocrx_word' id='word_1_219' title='bbox 1015 1663 1230 1700; x_wconf 85' lang='lat' dir='ltr'><strong>movendum,</strong></span> <span class='ocrx_word' id='word_1_220' title='bbox 1244 1662 1269 1692; x_wconf 89' lang='lat' dir='ltr'><strong>si</strong></span> <span class='ocrx_word' id='word_1_221' title='bbox 1284 1663 1428 1703; x_wconf 79' lang='lat' dir='ltr'><strong>legatur,</strong></span> <span class='ocrx_word' id='word_1_222' title='bbox 1443 1663 1588 1693; x_wconf 84' lang='lat' dir='ltr'><strong>Junctior</strong></span> <span class='ocrx_word' id='word_1_223' title='bbox 1600 1663 1678 1693; x_wconf 80' lang='lat' dir='ltr'><strong>Hoe.</strong></span> 
     </span>
     <span class='ocr_line' id='line_1_28' title="bbox 216 1705 1675 1745; baseline 0.001 -11"><span class='ocrx_word' id='word_1_224' title='bbox 216 1705 317 1735; x_wconf 79' lang='lat' dir='ltr'><strong>monia</strong></span> <span class='ocrx_word' id='word_1_225' title='bbox 327 1709 370 1735; x_wconf 80' lang='lat' dir='ltr'><strong>est</strong></span> <span class='ocrx_word' id='word_1_226' title='bbox 388 1706 502 1742; x_wconf 72' lang='lat' dir='ltr'><strong>Ponto,</strong></span> <span class='ocrx_word' id='word_1_227' title='bbox 517 1715 605 1744; x_wconf 81' lang='lat' dir='ltr'><strong>quam</strong></span> <span class='ocrx_word' id='word_1_228' title='bbox 628 1705 725 1735; x_wconf 84' lang='lat' dir='ltr'><strong>Roma</strong></span> <span class='ocrx_word' id='word_1_229' title='bbox 738 1705 883 1735; x_wconf 77' lang='lat' dir='ltr'><strong>sinistro:</strong></span> <span class='ocrx_word' id='word_1_230' title='bbox 897 1705 1037 1743; x_wconf 80' lang='lat' dir='ltr'><strong>junctior</strong></span> <span class='ocrx_word' id='word_1_231' title='bbox 1052 1715 1110 1745; x_wconf 87' lang='lat' dir='ltr'><strong>pro</strong></span> <span class='ocrx_word' id='word_1_232' title='bbox 1129 1706 1280 1743; x_wconf 88' lang='lat' dir='ltr'><strong>vicinior,</strong></span> <span class='ocrx_word' id='word_1_233' title='bbox 1297 1707 1473 1745; x_wconf 83' lang='lat' dir='ltr'><strong>eleganter</strong></span> <span class='ocrx_word' id='word_1_234' title='bbox 1490 1709 1525 1736; x_wconf 88' lang='lat' dir='ltr'><strong>et</strong></span> <span class='ocrx_word' id='word_1_235' title='bbox 1543 1705 1675 1736; x_wconf 82' lang='lat' dir='ltr'><strong>Latine.</strong></span> 
     </span>
     <span class='ocr_line' id='line_1_29' title="bbox 215 1747 1674 1787; baseline 0 -9"><span class='ocrx_word' id='word_1_236' title='bbox 215 1747 273 1778; x_wconf 88' lang='lat' dir='ltr'><strong>Ita</strong></span> <span class='ocrx_word' id='word_1_237' title='bbox 288 1747 383 1786; x_wconf 84' lang='lat' dir='ltr'><strong>Eleg.</strong></span> <span class='ocrx_word' id='word_1_238' title='bbox 399 1747 441 1777; x_wconf 83' lang='lat' dir='ltr'><strong>de</strong></span> <span class='ocrx_word' id='word_1_239' title='bbox 462 1747 556 1777; x_wconf 81' lang='lat' dir='ltr'><strong>Nuce</strong></span> <span class='ocrx_word' id='word_1_240' title='bbox 572 1757 621 1777; x_wconf 88' lang='lat' dir='ltr'><strong>vs.</strong></span> <span class='ocrx_word' id='word_1_241' title='bbox 641 1750 671 1777; x_wconf 91' lang='lat'><strong>1.</strong></span> <span class='ocrx_word' id='word_1_242' title='bbox 708 1749 716 1764; x_wconf 91' lang='lat'>‘</span> <span class='ocrx_word' id='word_1_243' title='bbox 735 1748 812 1778; x_wconf 78' lang='lat' dir='ltr'><strong>Nux</strong></span> <span class='ocrx_word' id='word_1_244' title='bbox 828 1749 1023 1787; x_wconf 72' lang='lat' dir='ltr'><strong>egojuncta</strong></span> <span class='ocrx_word' id='word_1_245' title='bbox 1050 1748 1136 1779; x_wconf 81' lang='lat' dir='ltr'><strong>viae.&#39;</strong></span> <span class='ocrx_word' id='word_1_246' title='bbox 1162 1748 1272 1778; x_wconf 83' lang='lat' dir='ltr'><strong>Cicer.</strong></span> <span class='ocrx_word' id='word_1_247' title='bbox 1291 1756 1325 1778; x_wconf 87' lang='lat' dir='ltr'><strong>x.</strong></span> <span class='ocrx_word' id='word_1_248' title='bbox 1344 1748 1386 1778; x_wconf 83' lang='lat' dir='ltr'><strong>ad</strong></span> <span class='ocrx_word' id='word_1_249' title='bbox 1406 1748 1478 1779; x_wconf 83' lang='lat' dir='ltr'><strong>Att.</strong></span> <span class='ocrx_word' id='word_1_250' title='bbox 1496 1750 1546 1778; x_wconf 82' lang='lat'><strong>12.</strong></span> <span class='ocrx_word' id='word_1_251' title='bbox 1569 1748 1578 1764; x_wconf 91' lang='lat'>‘</span> <span class='ocrx_word' id='word_1_252' title='bbox 1596 1756 1674 1778; x_wconf 88' lang='lat' dir='ltr'><strong>nam</strong></span> 
     </span>
     <span class='ocr_line' id='line_1_30' title="bbox 217 1788 1676 1829; baseline 0.001 -10"><span class='ocrx_word' id='word_1_253' title='bbox 217 1794 252 1820; x_wconf 87' lang='lat' dir='ltr'><strong>et</strong></span> <span class='ocrx_word' id='word_1_254' title='bbox 270 1788 383 1829; x_wconf 84' lang='lat' dir='ltr'><strong>juncti</strong></span> <span class='ocrx_word' id='word_1_255' title='bbox 401 1795 479 1820; x_wconf 81' lang='lat' dir='ltr'><strong>sunt</strong></span> <span class='ocrx_word' id='word_1_256' title='bbox 497 1794 531 1819; x_wconf 87' lang='lat' dir='ltr'><strong>et</strong></span> <span class='ocrx_word' id='word_1_257' title='bbox 544 1789 749 1829; x_wconf 82' lang='lat' dir='ltr'><strong>diligentes‚’</strong></span> <span class='ocrx_word' id='word_1_258' title='bbox 772 1794 809 1820; x_wconf 91' lang='lat' dir='ltr'><strong>ut</strong></span> <span class='ocrx_word' id='word_1_259' title='bbox 823 1794 916 1820; x_wconf 83' lang='lat' dir='ltr'><strong>recte</strong></span> <span class='ocrx_word' id='word_1_260' title='bbox 942 1789 1119 1820; x_wconf 82' lang='lat' dir='ltr'><strong>Graevius:</strong></span> <span class='ocrx_word' id='word_1_261' title='bbox 1147 1800 1179 1821; x_wconf 91' lang='lat' dir='ltr'><strong>v.</strong></span> <span class='ocrx_word' id='word_1_262' title='bbox 1206 1791 1355 1821; x_wconf 86' lang='lat' dir='ltr'><strong>Gronov.</strong></span> <span class='ocrx_word' id='word_1_263' title='bbox 1372 1790 1413 1820; x_wconf 86' lang='lat' dir='ltr'><strong>ad</strong></span> <span class='ocrx_word' id='word_1_264' title='bbox 1428 1791 1499 1821; x_wconf 86' lang='lat' dir='ltr'><strong>Liv.</strong></span> <span class='ocrx_word' id='word_1_265' title='bbox 1515 1798 1607 1821; x_wconf 79' lang='lat' dir='ltr'>xxn.</span> <span class='ocrx_word' id='word_1_266' title='bbox 1623 1793 1676 1821; x_wconf 83' lang='lat'><strong>20.</strong></span> 
     </span>
     <span class='ocr_line' id='line_1_31' title="bbox 217 1831 1676 1873; baseline 0.001 -11"><span class='ocrx_word' id='word_1_267' title='bbox 217 1835 253 1862; x_wconf 88' lang='lat' dir='ltr'><strong>et</strong></span> <span class='ocrx_word' id='word_1_268' title='bbox 270 1831 312 1861; x_wconf 84' lang='lat' dir='ltr'><strong>ad</strong></span> <span class='ocrx_word' id='word_1_269' title='bbox 328 1832 414 1863; x_wconf 74' lang='lat' dir='ltr'><strong>Stat.</strong></span> <span class='ocrx_word' id='word_1_270' title='bbox 431 1841 478 1862; x_wconf 81' lang='lat' dir='ltr'><strong>V1.</strong></span> <span class='ocrx_word' id='word_1_271' title='bbox 496 1835 547 1862; x_wconf 83' lang='lat'><strong>25.</strong></span> <span class='ocrx_word' id='word_1_272' title='bbox 572 1832 580 1848; x_wconf 88' lang='lat'>‘</span> <span class='ocrx_word' id='word_1_273' title='bbox 598 1832 746 1862; x_wconf 82' lang='lat' dir='ltr'><strong>sinister’</strong></span> <span class='ocrx_word' id='word_1_274' title='bbox 770 1838 804 1862; x_wconf 83' lang='lat' dir='ltr'><strong>et</strong></span> <span class='ocrx_word' id='word_1_275' title='bbox 820 1833 829 1848; x_wconf 89' lang='lat'>‘</span> <span class='ocrx_word' id='word_1_276' title='bbox 847 1833 953 1863; x_wconf 75' lang='lat' dir='ltr'><strong>laevus</strong></span> <span class='ocrx_word' id='word_1_277' title='bbox 981 1832 1124 1863; x_wconf 88' lang='lat' dir='ltr'><strong>Pontus&#39;</strong></span> <span class='ocrx_word' id='word_1_278' title='bbox 1155 1833 1279 1873; x_wconf 80' lang='lat' dir='ltr'><strong>passim</strong></span> <span class='ocrx_word' id='word_1_279' title='bbox 1297 1833 1328 1863; x_wconf 88' lang='lat' dir='ltr'><strong>in</strong></span> <span class='ocrx_word' id='word_1_280' title='bbox 1345 1833 1395 1863; x_wconf 85' lang='lat' dir='ltr'><strong>his</strong></span> <span class='ocrx_word' id='word_1_281' title='bbox 1407 1838 1441 1863; x_wconf 91' lang='lat' dir='ltr'><strong>et</strong></span> <span class='ocrx_word' id='word_1_282' title='bbox 1457 1833 1620 1863; x_wconf 81' lang='lat' dir='ltr'><strong>Tristium</strong></span> <span class='ocrx_word' id='word_1_283' title='bbox 1636 1833 1676 1863; x_wconf 89' lang='lat' dir='ltr'><strong>li-</strong></span> 
     </span>
     <span class='ocr_line' id='line_1_32' title="bbox 216 1873 1676 1915; baseline 0.001 -11"><span class='ocrx_word' id='word_1_284' title='bbox 216 1873 295 1905; x_wconf 90' lang='lat' dir='ltr'><strong>bris.</strong></span> <span class='ocrx_word' id='word_1_285' title='bbox 318 1874 518 1905; x_wconf 66' lang='lat' dir='ltr'><strong>Barim—34</strong></span> <span class='ocrx_word' id='word_1_286' title='bbox 544 1874 638 1905; x_wconf 87' lang='lat' dir='ltr'><strong>Vett.</strong></span> <span class='ocrx_word' id='word_1_287' title='bbox 668 1879 753 1905; x_wconf 80' lang='lat' dir='ltr'><strong>teste</strong></span> <span class='ocrx_word' id='word_1_288' title='bbox 783 1874 900 1906; x_wconf 80' lang='lat' dir='ltr'><strong>Heius.</strong></span> <span class='ocrx_word' id='word_1_289' title='bbox 926 1876 1117 1911; x_wconf 78' lang='lat' dir='ltr'><strong>destituere;</strong></span> <span class='ocrx_word' id='word_1_290' title='bbox 1141 1876 1197 1906; x_wconf 86' lang='lat' dir='ltr'><strong>alii</strong></span> <span class='ocrx_word' id='word_1_291' title='bbox 1224 1877 1479 1906; x_wconf 84' lang='lat' dir='ltr'><strong>deseruere.—35</strong></span> <span class='ocrx_word' id='word_1_292' title='bbox 1505 1875 1544 1905; x_wconf 91' lang='lat' dir='ltr'><strong>P.</strong></span> <span class='ocrx_word' id='word_1_293' title='bbox 1567 1874 1676 1915; x_wconf 79' lang='lat' dir='ltr'><strong>cymba</strong></span> 
     </span>
     <span class='ocr_line' id='line_1_33' title="bbox 217 1914 1674 1959; baseline 0.001 -13"><span class='ocrx_word' id='word_1_294' title='bbox 217 1925 279 1955; x_wconf 90' lang='lat' dir='ltr'><strong>pro</strong></span> <span class='ocrx_word' id='word_1_295' title='bbox 303 1916 486 1955; x_wconf 62' lang='lat' dir='ltr'><strong>ligna—36</strong></span> <span class='ocrx_word' id='word_1_296' title='bbox 510 1914 746 1947; x_wconf 83' lang='lat' dir='ltr'><strong>In‘nonnnnis</strong></span> <span class='ocrx_word' id='word_1_297' title='bbox 772 1927 873 1955; x_wconf 82' lang='lat' dir='ltr'><strong>sacra,</strong></span> <span class='ocrx_word' id='word_1_298' title='bbox 901 1923 936 1948; x_wconf 85' lang='lat' dir='ltr'><strong>et</strong></span> <span class='ocrx_word' id='word_1_299' title='bbox 958 1918 990 1948; x_wconf 91' lang='lat' dir='ltr'><strong>in</strong></span> <span class='ocrx_word' id='word_1_300' title='bbox 1009 1919 1105 1949; x_wconf 85' lang='lat' dir='ltr'><strong>Voss.</strong></span> <span class='ocrx_word' id='word_1_301' title='bbox 1123 1921 1190 1948; x_wconf 79' lang='lat' dir='ltr'><strong>tuta</strong></span> <span class='ocrx_word' id='word_1_302' title='bbox 1208 1918 1384 1959; x_wconf 86' lang='lat' dir='ltr'><strong>profirma.</strong></span> <span class='ocrx_word' id='word_1_303' title='bbox 1429 1918 1470 1948; x_wconf 92' lang='lat' dir='ltr'><strong>In</strong></span> <span class='ocrx_word' id='word_1_304' title='bbox 1486 1917 1542 1948; x_wconf 87' lang='lat' dir='ltr'><strong>Sa.</strong></span> <span class='ocrx_word' id='word_1_305' title='bbox 1559 1927 1608 1948; x_wconf 88' lang='lat' dir='ltr'><strong>vs.</strong></span> <span class='ocrx_word' id='word_1_306' title='bbox 1626 1917 1674 1948; x_wconf 90' lang='lat' dir='ltr'><strong>sic</strong></span> 
     </span>
     <span class='ocr_line' id='line_1_34' title="bbox 215 1959 1675 2001; baseline 0.001 -13"><span class='ocrx_word' id='word_1_307' title='bbox 215 1959 360 1999; x_wconf 85' lang='lat' dir='ltr'><strong>legitur:</strong></span> <span class='ocrx_word' id='word_1_308' title='bbox 388 1959 466 1994; x_wconf 76' lang='lat' dir='ltr'><strong>Qua&gt;</strong></span> <span class='ocrx_word' id='word_1_309' title='bbox 481 1960 555 1989; x_wconf 86' lang='lat' dir='ltr'><strong>solet</strong></span> <span class='ocrx_word' id='word_1_310' title='bbox 571 1960 679 1990; x_wconf 84' lang='lat' dir='ltr'><strong>AEsom&#39;</strong></span> <span class='ocrx_word' id='word_1_311' title='bbox 694 1961 785 1990; x_wconf 79' lang='lat' dir='ltr'><strong>densa</strong></span> <span class='ocrx_word' id='word_1_312' title='bbox 809 1960 915 1990; x_wconf 83' lang='lat' dir='ltr'><strong>carina</strong></span> <span class='ocrx_word' id='word_1_313' title='bbox 928 1959 997 1998; x_wconf 83' lang='lat' dir='ltr'><strong>fuit</strong></span> <span class='ocrx_word' id='word_1_314' title='bbox 1010 1971 1020 1996; x_wconf 91' lang='lat'><em>;</em></span> <span class='ocrx_word' id='word_1_315' title='bbox 1043 1961 1074 1991; x_wconf 92' lang='lat' dir='ltr'><strong>in</strong></span> <span class='ocrx_word' id='word_1_316' title='bbox 1101 1960 1184 2001; x_wconf 86' lang='lat' dir='ltr'><strong>Arg.</strong></span> <span class='ocrx_word' id='word_1_317' title='bbox 1210 1961 1279 1996; x_wconf 86' lang='lat' dir='ltr'><strong>Qua</strong></span> <span class='ocrx_word' id='word_1_318' title='bbox 1303 1961 1385 1990; x_wconf 81' lang='lat' dir='ltr'><strong>subit</strong></span> <span class='ocrx_word' id='word_1_319' title='bbox 1408 1961 1572 1990; x_wconf 80' lang='lat' dir='ltr'><strong>AEsonz&#39;cles</strong></span> <span class='ocrx_word' id='word_1_320' title='bbox 1586 1959 1675 1998; x_wconf 82' lang='lat' dir='ltr'><strong>Argo</strong></span> 
     </span>
     <span class='ocr_line' id='line_1_35' title="bbox 215 2001 1675 2045; baseline 0.001 -14"><span class='ocrx_word' id='word_1_321' title='bbox 215 2001 495 2039; x_wconf 81' lang='lat' dir='ltr'><strong>carinafuit.—-37</strong></span> <span class='ocrx_word' id='word_1_322' title='bbox 520 2001 589 2032; x_wconf 86' lang='lat' dir='ltr'><strong>Pro</strong></span> <span class='ocrx_word' id='word_1_323' title='bbox 607 2003 762 2042; x_wconf 81' lang='lat' dir='ltr'><strong>Agenore,</strong></span> <span class='ocrx_word' id='word_1_324' title='bbox 779 2003 931 2034; x_wconf 88' lang='lat' dir='ltr'><strong>nonnulli</strong></span> <span class='ocrx_word' id='word_1_325' title='bbox 955 2004 1075 2043; x_wconf 85' lang='lat' dir='ltr'><strong>legunt</strong></span> <span class='ocrx_word' id='word_1_326' title='bbox 1090 2005 1258 2045; x_wconf 81' lang='lat' dir='ltr'><strong>Amyntore</strong></span> <span class='ocrx_word' id='word_1_327' title='bbox 1274 2004 1326 2034; x_wconf 88' lang='lat' dir='ltr'><strong>vel</strong></span> <span class='ocrx_word' id='word_1_328' title='bbox 1343 2003 1580 2043; x_wconf 57' lang='lat' dir='ltr'><strong>Apolline—38</strong></span> <span class='ocrx_word' id='word_1_329' title='bbox 1608 2002 1675 2033; x_wconf 89' lang='lat' dir='ltr'><strong>Ms.</strong></span> 
     </span>
    </p>
   </div>
   <div class='ocr_carea' id='block_1_8' title="bbox 875 2106 1018 2137">
    <p class='ocr_par' dir='ltr' id='par_1_13' title="bbox 875 2106 1018 2137">
     <span class='ocr_line' id='line_1_36' title="bbox 875 2106 1018 2137; baseline 0.007 -1"><span class='ocrx_word' id='word_1_330' title='bbox 875 2106 1018 2137; x_wconf 86' lang='lat' dir='ltr'><strong>NOTAE</strong></span> 
     </span>
    </p>
   </div>
   <div class='ocr_carea' id='block_1_9' title="bbox 212 2187 1673 2277">
    <p class='ocr_par' dir='ltr' id='par_1_14' title="bbox 212 2187 1673 2277">
     <span class='ocr_line' id='line_1_37' title="bbox 260 2187 1673 2228; baseline 0 -10"><span class='ocrx_word' id='word_1_331' title='bbox 260 2189 372 2218; x_wconf 80' lang='lat' dir='ltr'><strong>AEsone</strong></span> <span class='ocrx_word' id='word_1_332' title='bbox 387 2187 493 2226; x_wconf 80' lang='lat' dir='ltr'><strong>natus]</strong></span> <span class='ocrx_word' id='word_1_333' title='bbox 509 2187 668 2219; x_wconf 83' lang='lat' dir='ltr'><strong>Jasonem</strong></span> <span class='ocrx_word' id='word_1_334' title='bbox 685 2187 778 2227; x_wconf 80' lang='lat' dir='ltr'><strong>dicit,</strong></span> <span class='ocrx_word' id='word_1_335' title='bbox 796 2188 837 2219; x_wconf 90' lang='lat' dir='ltr'><strong>de</strong></span> <span class='ocrx_word' id='word_1_336' title='bbox 851 2198 917 2228; x_wconf 84' lang='lat' dir='ltr'><strong>quo</strong></span> <span class='ocrx_word' id='word_1_337' title='bbox 1012 2193 1052 2219; x_wconf 82' lang='lat'><strong>30</strong></span> <span class='ocrx_word' id='word_1_338' title='bbox 1097 2189 1253 2228; x_wconf 80' lang='lat' dir='ltr'><strong>Utraque]</strong></span> <span class='ocrx_word' id='word_1_339' title='bbox 1287 2189 1426 2219; x_wconf 84' lang='lat' dir='ltr'><strong>Orienti</strong></span> <span class='ocrx_word' id='word_1_340' title='bbox 1455 2192 1555 2228; x_wconf 88' lang='lat' dir='ltr'><strong>atque</strong></span> <span class='ocrx_word' id='word_1_341' title='bbox 1586 2187 1673 2218; x_wconf 88' lang='lat' dir='ltr'><strong>occi·</strong></span> 
     </span>
     <span class='ocr_line' id='line_1_38' title="bbox 212 2236 1329 2277; baseline 0 -10"><span class='ocrx_word' id='word_1_342' title='bbox 212 2238 285 2277; x_wconf 85' lang='lat' dir='ltr'><strong>jam</strong></span> <span class='ocrx_word' id='word_1_343' title='bbox 301 2236 417 2266; x_wconf 83' lang='lat' dir='ltr'><strong>toties.</strong></span> <span class='ocrx_word' id='word_1_344' title='bbox 971 2237 1063 2267; x_wconf 88' lang='lat' dir='ltr'><strong>denti</strong></span> <span class='ocrx_word' id='word_1_345' title='bbox 1079 2238 1146 2267; x_wconf 91' lang='lat' dir='ltr'><strong>Soli</strong></span> <span class='ocrx_word' id='word_1_346' title='bbox 1162 2238 1329 2276; x_wconf 81' lang='lat' dir='ltr'><strong>subjecta.</strong></span> 
     </span>
    </p>
   </div>
   <div class='ocr_carea' id='block_1_10' title="bbox 210 2284 919 2767">
    <p class='ocr_par' dir='ltr' id='par_1_15' title="bbox 218 2284 919 2521">
     <span class='ocr_line' id='line_1_39' title="bbox 259 2284 916 2323; baseline -0.003 -7"><span class='ocrx_word' id='word_1_347' title='bbox 259 2288 300 2316; x_wconf 85' lang='lat'><strong>26</strong></span> <span class='ocrx_word' id='word_1_348' title='bbox 324 2284 362 2315; x_wconf 74' lang='lat' dir='ltr'><strong>Si</strong></span> <span class='ocrx_word' id='word_1_349' title='bbox 377 2284 478 2323; x_wconf 84' lang='lat' dir='ltr'><strong>modo]</strong></span> <span class='ocrx_word' id='word_1_350' title='bbox 506 2284 581 2314; x_wconf 88' lang='lat' dir='ltr'><strong>Hoc</strong></span> <span class='ocrx_word' id='word_1_351' title='bbox 598 2288 662 2322; x_wconf 82' lang='lat' dir='ltr'><strong>est,</strong></span> <span class='ocrx_word' id='word_1_352' title='bbox 679 2285 706 2314; x_wconf 85' lang='lat' dir='ltr'><strong>si</strong></span> <span class='ocrx_word' id='word_1_353' title='bbox 724 2284 823 2315; x_wconf 89' lang='lat' dir='ltr'><strong>modo</strong></span> <span class='ocrx_word' id='word_1_354' title='bbox 840 2286 916 2315; x_wconf 84' lang='lat' dir='ltr'><strong>Vir-</strong></span> 
     </span>
     <span class='ocr_line' id='line_1_40' title="bbox 218 2335 918 2375; baseline -0.003 -8"><span class='ocrx_word' id='word_1_355' title='bbox 218 2341 271 2367; x_wconf 82' lang='lat' dir='ltr'><strong>tus</strong></span> <span class='ocrx_word' id='word_1_356' title='bbox 293 2335 432 2366; x_wconf 86' lang='lat' dir='ltr'><strong>hominis</strong></span> <span class='ocrx_word' id='word_1_357' title='bbox 457 2335 644 2366; x_wconf 82' lang='lat' dir='ltr'><strong>humilioris</strong></span> <span class='ocrx_word' id='word_1_358' title='bbox 673 2345 739 2365; x_wconf 90' lang='lat' dir='ltr'><strong>non</strong></span> <span class='ocrx_word' id='word_1_359' title='bbox 761 2335 918 2375; x_wconf 83' lang='lat' dir='ltr'><strong>deprimi-</strong></span> 
     </span>
     <span class='ocr_line' id='line_1_41' title="bbox 218 2383 918 2425; baseline -0.003 -9"><span class='ocrx_word' id='word_1_360' title='bbox 218 2391 274 2416; x_wconf 85' lang='lat' dir='ltr'><strong>tur</strong></span> <span class='ocrx_word' id='word_1_361' title='bbox 289 2383 456 2425; x_wconf 86' lang='lat' dir='ltr'><strong>dignitate</strong></span> <span class='ocrx_word' id='word_1_362' title='bbox 481 2384 706 2424; x_wconf 87' lang='lat' dir='ltr'><strong>potcntioris;</strong></span> <span class='ocrx_word' id='word_1_363' title='bbox 740 2385 806 2423; x_wconf 89' lang='lat' dir='ltr'><strong>vel,</strong></span> <span class='ocrx_word' id='word_1_364' title='bbox 829 2385 918 2425; x_wconf 86' lang='lat' dir='ltr'><strong>quod</strong></span> 
     </span>
     <span class='ocr_line' id='line_1_42' title="bbox 219 2435 919 2476; baseline 0 -10"><span class='ocrx_word' id='word_1_365' title='bbox 219 2445 325 2476; x_wconf 80' lang='lat' dir='ltr'><strong>prope</strong></span> <span class='ocrx_word' id='word_1_366' title='bbox 343 2440 392 2466; x_wconf 72' lang='lat' dir='ltr'><strong>est</strong></span> <span class='ocrx_word' id='word_1_367' title='bbox 408 2435 508 2471; x_wconf 82' lang='lat' dir='ltr'><strong>idem,</strong></span> <span class='ocrx_word' id='word_1_368' title='bbox 536 2435 562 2466; x_wconf 88' lang='lat' dir='ltr'><strong>si</strong></span> <span class='ocrx_word' id='word_1_369' title='bbox 584 2444 625 2464; x_wconf 82' lang='lat' dir='ltr'><strong>ex</strong></span> <span class='ocrx_word' id='word_1_370' title='bbox 644 2445 678 2465; x_wconf 87' lang='lat' dir='ltr'><strong>se</strong></span> <span class='ocrx_word' id='word_1_371' title='bbox 695 2435 779 2475; x_wconf 86' lang='lat' dir='ltr'><strong>ipsa,</strong></span> <span class='ocrx_word' id='word_1_372' title='bbox 795 2445 859 2465; x_wconf 84' lang='lat' dir='ltr'><strong>uon</strong></span> <span class='ocrx_word' id='word_1_373' title='bbox 878 2444 919 2466; x_wconf 83' lang='lat' dir='ltr'><strong>ex</strong></span> 
     </span>
     <span class='ocr_line' id='line_1_43' title="bbox 218 2485 846 2521; baseline -0.002 -4"><span class='ocrx_word' id='word_1_374' title='bbox 218 2487 385 2517; x_wconf 84' lang='lat' dir='ltr'><strong>hominum</strong></span> <span class='ocrx_word' id='word_1_375' title='bbox 405 2491 508 2521; x_wconf 70' lang='lat' dir='ltr'><strong>sorte,</strong></span> <span class='ocrx_word' id='word_1_376' title='bbox 527 2485 632 2515; x_wconf 82' lang='lat' dir='ltr'><strong>virtus</strong></span> <span class='ocrx_word' id='word_1_377' title='bbox 649 2485 846 2517; x_wconf 78' lang='lat' dir='ltr'><strong>aestimatur.</strong></span> 
     </span>
    </p>

    <p class='ocr_par' dir='ltr' id='par_1_16' title="bbox 210 2535 917 2767">
     <span class='ocr_line' id='line_1_44' title="bbox 260 2535 917 2576; baseline -0.002 -9"><span class='ocrx_word' id='word_1_378' title='bbox 260 2540 301 2567; x_wconf 79' lang='lat'><strong>28</strong></span> <span class='ocrx_word' id='word_1_379' title='bbox 330 2535 408 2575; x_wconf 74' lang='lat' dir='ltr'><strong>Vix]</strong></span> <span class='ocrx_word' id='word_1_380' title='bbox 441 2537 561 2576; x_wconf 85' lang='lat' dir='ltr'><strong>Neque</strong></span> <span class='ocrx_word' id='word_1_381' title='bbox 580 2536 666 2565; x_wconf 79' lang='lat' dir='ltr'><strong>enim</strong></span> <span class='ocrx_word' id='word_1_382' title='bbox 685 2544 762 2565; x_wconf 84' lang='lat' dir='ltr'><strong>vere</strong></span> <span class='ocrx_word' id='word_1_383' title='bbox 777 2546 836 2566; x_wconf 77' lang='lat' dir='ltr'><strong>rex</strong></span> <span class='ocrx_word' id='word_1_384' title='bbox 854 2535 917 2566; x_wconf 82' lang='lat' dir='ltr'><strong>fuit</strong></span> 
     </span>
     <span class='ocr_line' id='line_1_45' title="bbox 219 2586 917 2626; baseline 0 -10"><span class='ocrx_word' id='word_1_385' title='bbox 219 2586 346 2626; x_wconf 76' lang='lat' dir='ltr'><strong>Pelias,</strong></span> <span class='ocrx_word' id='word_1_386' title='bbox 358 2586 412 2617; x_wconf 91' lang='lat' dir='ltr'><strong>cui</strong></span> <span class='ocrx_word' id='word_1_387' title='bbox 428 2591 555 2617; x_wconf 80' lang='lat' dir='ltr'><strong>tantum</strong></span> <span class='ocrx_word' id='word_1_388' title='bbox 571 2587 667 2616; x_wconf 62' lang='lat' dir='ltr'><strong>Aison</strong></span> <span class='ocrx_word' id='word_1_389' title='bbox 686 2586 829 2616; x_wconf 82' lang='lat' dir='ltr'><strong>moriens</strong></span> <span class='ocrx_word' id='word_1_390' title='bbox 846 2596 917 2626; x_wconf 73' lang='lat' dir='ltr'><strong>reg-</strong></span> 
     </span>
     <span class='ocr_line' id='line_1_46' title="bbox 219 2637 917 2676; baseline 0.004 -11"><span class='ocrx_word' id='word_1_391' title='bbox 219 2645 298 2666; x_wconf 87' lang='lat' dir='ltr'><strong>num</strong></span> <span class='ocrx_word' id='word_1_392' title='bbox 323 2646 363 2666; x_wconf 88' lang='lat' dir='ltr'><strong>ea</strong></span> <span class='ocrx_word' id='word_1_393' title='bbox 387 2638 461 2676; x_wconf 77' lang='lat' dir='ltr'><strong>lege</strong></span> <span class='ocrx_word' id='word_1_394' title='bbox 486 2637 679 2668; x_wconf 82' lang='lat' dir='ltr'><strong>crediderat</strong></span> <span class='ocrx_word' id='word_1_395' title='bbox 707 2642 743 2667; x_wconf 88' lang='lat' dir='ltr'><strong>ut</strong></span> <span class='ocrx_word' id='word_1_396' title='bbox 764 2637 832 2667; x_wconf 78' lang='lat' dir='ltr'><strong>filio</strong></span> <span class='ocrx_word' id='word_1_397' title='bbox 858 2648 917 2668; x_wconf 82' lang='lat' dir='ltr'><strong>suo</strong></span> 
     </span>
     <span class='ocr_line' id='line_1_47' title="bbox 210 2685 916 2728; baseline 0.004 -12"><span class='ocrx_word' id='word_1_398' title='bbox 210 2685 349 2726; x_wconf 67' lang='lat' dir='ltr'><strong>Jasoni,</strong></span> <span class='ocrx_word' id='word_1_399' title='bbox 372 2696 448 2718; x_wconf 93' lang='lat' dir='ltr'><strong>cum</strong></span> <span class='ocrx_word' id='word_1_400' title='bbox 476 2687 611 2718; x_wconf 83' lang='lat' dir='ltr'><strong>adultus</strong></span> <span class='ocrx_word' id='word_1_401' title='bbox 637 2691 739 2728; x_wconf 70' lang='lat' dir='ltr'><strong>esset,</strong></span> <span class='ocrx_word' id='word_1_402' title='bbox 762 2689 916 2720; x_wconf 83' lang='lat' dir='ltr'><strong>restitue-</strong></span> 
     </span>
     <span class='ocr_line' id='line_1_48' title="bbox 219 2737 284 2767; baseline 0 -1"><span class='ocrx_word' id='word_1_403' title='bbox 219 2737 284 2767; x_wconf 81' lang='lat' dir='ltr'><strong>ret.</strong></span> 
     </span>
    </p>
   </div>
   <div class='ocr_carea' id='block_1_11' title="bbox 970 2286 1671 2778">
    <p class='ocr_par' dir='ltr' id='par_1_17' title="bbox 972 2286 1671 2516">
     <span class='ocr_line' id='line_1_49' title="bbox 1015 2286 1671 2324; baseline 0 -7"><span class='ocrx_word' id='word_1_404' title='bbox 1015 2290 1051 2317; x_wconf 84' lang='lat'><strong>31</strong></span> <span class='ocrx_word' id='word_1_405' title='bbox 1079 2286 1240 2324; x_wconf 66' lang='lat' dir='ltr'><strong>dunt-tior]</strong></span> <span class='ocrx_word' id='word_1_406' title='bbox 1271 2288 1348 2317; x_wconf 91' lang='lat' dir='ltr'><strong>Non</strong></span> <span class='ocrx_word' id='word_1_407' title='bbox 1377 2286 1448 2316; x_wconf 86' lang='lat' dir='ltr'><strong>sine</strong></span> <span class='ocrx_word' id='word_1_408' title='bbox 1474 2294 1573 2316; x_wconf 83' lang='lat' dir='ltr'><strong>causa</strong></span> <span class='ocrx_word' id='word_1_409' title='bbox 1601 2296 1671 2317; x_wconf 78' lang='lat' dir='ltr'><strong>sns-</strong></span> 
     </span>
     <span class='ocr_line' id='line_1_50' title="bbox 973 2335 1670 2376; baseline 0.003 -10"><span class='ocrx_word' id='word_1_410' title='bbox 973 2341 1109 2376; x_wconf 85' lang='lat' dir='ltr'><strong>pectum</strong></span> <span class='ocrx_word' id='word_1_411' title='bbox 1142 2336 1207 2366; x_wconf 83' lang='lat' dir='ltr'><strong>fuit</strong></span> <span class='ocrx_word' id='word_1_412' title='bbox 1238 2336 1366 2366; x_wconf 85' lang='lat' dir='ltr'><strong>clariss.</strong></span> <span class='ocrx_word' id='word_1_413' title='bbox 1402 2335 1544 2366; x_wconf 83' lang='lat' dir='ltr'><strong>Heinsio</strong></span> <span class='ocrx_word' id='word_1_414' title='bbox 1580 2336 1670 2368; x_wconf 79' lang='lat' dir='ltr'><strong>istud</strong></span> 
     </span>
     <span class='ocr_line' id='line_1_51' title="bbox 972 2385 1671 2425; baseline 0.003 -10"><span class='ocrx_word' id='word_1_415' title='bbox 972 2386 1139 2416; x_wconf 82' lang='lat' dir='ltr'><strong>distichon</strong></span> <span class='ocrx_word' id='word_1_416' title='bbox 1155 2396 1162 2415; x_wconf 78' lang='lat' dir='ltr'><em>z</em></span> <span class='ocrx_word' id='word_1_417' title='bbox 1188 2394 1332 2425; x_wconf 83' lang='lat' dir='ltr'><strong>namque</strong></span> <span class='ocrx_word' id='word_1_418' title='bbox 1349 2389 1383 2415; x_wconf 78' lang='lat' dir='ltr'><strong>et</strong></span> <span class='ocrx_word' id='word_1_419' title='bbox 1400 2385 1605 2416; x_wconf 82' lang='lat' dir='ltr'><strong>levissimum</strong></span> <span class='ocrx_word' id='word_1_420' title='bbox 1624 2387 1671 2417; x_wconf 87' lang='lat' dir='ltr'><strong>vi-</strong></span> 
     </span>
     <span class='ocr_line' id='line_1_52' title="bbox 973 2435 1670 2475; baseline 0.004 -10"><span class='ocrx_word' id='word_1_421' title='bbox 973 2436 1073 2465; x_wconf 85' lang='lat' dir='ltr'><strong>detur</strong></span> <span class='ocrx_word' id='word_1_422' title='bbox 1091 2435 1179 2475; x_wconf 87' lang='lat' dir='ltr'><strong>quod</strong></span> <span class='ocrx_word' id='word_1_423' title='bbox 1199 2444 1238 2465; x_wconf 81' lang='lat' dir='ltr'><strong>eo</strong></span> <span class='ocrx_word' id='word_1_424' title='bbox 1265 2435 1579 2475; x_wconf 75' lang='lat' dir='ltr'><strong>comprehendisset</strong></span> <span class='ocrx_word' id='word_1_425' title='bbox 1604 2437 1670 2468; x_wconf 86' lang='lat' dir='ltr'><strong>Po-</strong></span> 
     </span>
     <span class='ocr_line' id='line_1_53' title="bbox 972 2486 1037 2516; baseline 0 0"><span class='ocrx_word' id='word_1_426' title='bbox 972 2486 1037 2516; x_wconf 67' lang='lat' dir='ltr'><strong>eta.</strong></span> 
     </span>
    </p>

    <p class='ocr_par' dir='ltr' id='par_1_18' title="bbox 1013 2535 1291 2574">
     <span class='ocr_line' id='line_1_54' title="bbox 1013 2535 1291 2574; baseline -0.004 -9"><span class='ocrx_word' id='word_1_427' title='bbox 1013 2539 1053 2566; x_wconf 79' lang='lat'><strong>32</strong></span> <span class='ocrx_word' id='word_1_428' title='bbox 1080 2535 1154 2574; x_wconf 81' lang='lat' dir='ltr'><strong>Ille]</strong></span> <span class='ocrx_word' id='word_1_429' title='bbox 1177 2536 1291 2567; x_wconf 77' lang='lat' dir='ltr'><strong>Jasou.</strong></span> 
     </span>
    </p>

    <p class='ocr_par' dir='ltr' id='par_1_19' title="bbox 970 2584 1671 2778">
     <span class='ocr_line' id='line_1_55' title="bbox 1013 2584 1671 2624; baseline 0.005 -9"><span class='ocrx_word' id='word_1_430' title='bbox 1013 2588 1052 2615; x_wconf 71' lang='lat'><strong>33</strong></span> <span class='ocrx_word' id='word_1_431' title='bbox 1080 2584 1215 2623; x_wconf 71' lang='lat' dir='ltr'><strong>Primos]</strong></span> <span class='ocrx_word' id='word_1_432' title='bbox 1240 2586 1416 2615; x_wconf 76' lang='lat' dir='ltr'><strong>Castorem</strong></span> <span class='ocrx_word' id='word_1_433' title='bbox 1435 2589 1517 2624; x_wconf 86' lang='lat' dir='ltr'><strong>puta</strong></span> <span class='ocrx_word' id='word_1_434' title='bbox 1533 2590 1569 2617; x_wconf 88' lang='lat' dir='ltr'><strong>et</strong></span> <span class='ocrx_word' id='word_1_435' title='bbox 1592 2586 1671 2617; x_wconf 82' lang='lat' dir='ltr'><strong>Pol-</strong></span> 
     </span>
     <span class='ocr_line' id='line_1_56' title="bbox 970 2635 1669 2677; baseline 0.001 -11"><span class='ocrx_word' id='word_1_436' title='bbox 970 2637 1089 2675; x_wconf 76' lang='lat' dir='ltr'><strong>lucem,</strong></span> <span class='ocrx_word' id='word_1_437' title='bbox 1113 2635 1306 2674; x_wconf 73' lang='lat' dir='ltr'><strong>Herculem,</strong></span> <span class='ocrx_word' id='word_1_438' title='bbox 1333 2636 1560 2677; x_wconf 87' lang='lat' dir='ltr'><strong>plurimosque</strong></span> <span class='ocrx_word' id='word_1_439' title='bbox 1575 2637 1669 2675; x_wconf 75' lang='lat' dir='ltr'><strong>alios,</strong></span> 
     </span>
     <span class='ocr_line' id='line_1_57' title="bbox 972 2685 1668 2731; baseline 0.003 -16"><span class='ocrx_word' id='word_1_440' title='bbox 972 2695 1055 2727; x_wconf 85' lang='lat' dir='ltr'><strong>quos</strong></span> <span class='ocrx_word' id='word_1_441' title='bbox 1086 2685 1173 2725; x_wconf 80' lang='lat' dir='ltr'><strong>apud</strong></span> <span class='ocrx_word' id='word_1_442' title='bbox 1204 2686 1279 2716; x_wconf 74' lang='lat' dir='ltr'><strong>Val.</strong></span> <span class='ocrx_word' id='word_1_443' title='bbox 1319 2686 1490 2727; x_wconf 82' lang='lat' dir='ltr'><strong>Flaccum,</strong></span> <span class='ocrx_word' id='word_1_444' title='bbox 1521 2686 1668 2731; x_wconf 73' lang='lat' dir='ltr'><strong>itemque</strong></span> 
     </span>
     <span class='ocr_line' id='line_1_58' title="bbox 973 2734 1335 2778; baseline -0.006 -10"><span class='ocrx_word' id='word_1_445' title='bbox 973 2735 1157 2778; x_wconf 75' lang='lat' dir='ltr'><strong>Hyginum,</strong></span> <span class='ocrx_word' id='word_1_446' title='bbox 1174 2734 1335 2777; x_wconf 85' lang='lat' dir='ltr'><strong>reperias.</strong></span> 
     </span>
    </p>
   </div>
  </div>
 </body>
</html>
