1877 3193
249 169 364 218 ‘2738
742 185 780 214 P.
812 182 970 213 ovmu
1005 181 1218 213 NAsoNis

296 276 476 310 amicitiam
493 280 589 317 rogat
605 281 654 316 ut,
669 284 744 307 cum
755 275 827 315 jam
852 278 974 315 agatur
996 277 1112 306 sextus
1132 283 1239 306 annus
1255 283 1320 316 quo
1336 274 1465 313 exulat,
1481 274 1562 306 velit
1578 283 1699 315 procu-

295 341 370 363 rare
387 336 424 363 ut
440 331 561 362 saltem
579 329 612 360 in
627 330 737 360 locum
754 327 938 359 faciliorem
957 327 1167 360 traducatur.

250 446 315 508 Ο
335 477 448 507 ΜιΗι
468 479 555 507 non
576 464 734 507 dubios
755 464 862 507 inter
881 464 1157 506 memorande
1177 463 1366 515 sodales,

306 532 500 587 Quique,
522 532 642 586 quod
663 545 727 582 es,
747 544 861 582 vere,
884 531 1009 581 Care,
1030 531 1222 581 vocaris,
1243 544 1341 574 ave.
1399 532 1402 533 ⁷

250 597 381 645 Unde
398 601 616 650 saluteris,
638 599 762 641 color
781 598 852 640 hic
868 599 947 639 tibi
971 599 1170 651 protinus
1191 598 1339 648 index,

306 667 365 708 Et
383 672 599 708 structura
617 667 703 707 mei
723 666 925 706 carminis
946 678 1045 705 esse
1066 670 1228 719 potest.

250 731 355 774 Non
376 734 481 787 quia
500 733 682 774 mirifica
702 737 784 781 est,
808 731 885 772 sed
908 731 1026 784 quod
1046 744 1124 772 nec
1146 733 1325 784 publica
1344 735 1462 774 certe
1480 745 1490 773 t
1673 732 1701 772 5

306 800 462 850 Qualis
483 801 599 841 enim
620 811 807 851 cumque
827 801 906 847 est,
928 810 1016 837 non
1034 798 1138 838 latet
1158 811 1253 838 esse
1272 811 1430 839 meam.

249 867 354 922 Ipse
376 880 552 921 quoque
572 870 619 907 ut
639 867 799 907 chartae
820 865 991 906 titulum
1011 865 1064 905 de
1084 864 1225 905 fronte
1243 865 1443 915 revellas,

306 935 441 987 Quod
462 936 519 977 sit
538 948 665 989 opus,
686 934 837 976 videor
858 934 1004 975 dicere
1024 946 1172 987 posse,
1195 937 1333 974 tuum.

249 1002 503 1053 Quamlibet
521 1004 564 1044 in
583 1003 730 1044 multis
748 1001 920 1055 positus
939 1013 1119 1042 noscere
1140 1000 1311 1051 libellis,

307 1072 480 1125 Perque
500 1072 756 1112 observatas
775 1069 994 1111 inveniere
1010 1072 1150 1109 notas.
1646 1064 1701 1105 10

251 1138 443 1179 Prodent
463 1142 680 1179 auctorem
701 1137 834 1186 vires,
855 1148 966 1189 quas
986 1135 1179 1176 Hercule
1195 1134 1348 1188 dignas

307 1205 539 1254 Novimus,
563 1208 692 1257 atque
712 1204 789 1252 illi,
811 1216 938 1256 quem
959 1202 1099 1252 canis,
1120 1214 1215 1242 esse
1234 1213 1384 1255 pares.

251 1272 309 1312 Et
324 1285 421 1313 mea
442 1271 577 1312 Musa
596 1272 744 1324 potest
761 1270 937 1323 proprio
958 1269 1172 1321 deprensa
1192 1268 1336 1310 colore

306 1338 495 1391 Insignis
515 1338 636 1378 vitiis
657 1337 839 1378 forsitan
860 1348 955 1375 esse
977 1336 1086 1375 suis.

249 1405 363 1445 Tam
383 1405 499 1445 mala
518 1404 745 1445 Thersiten
765 1402 1030 1454 prohibebat
1052 1401 1191 1442 forma
1210 1400 1359 1450 latere,
1645 1399 1703 1440 15

305 1472 452 1522 Quam
471 1471 654 1523 pulchra
674 1469 836 1509 Nireus
858 1467 1204 1520 conspiciendus
1224 1472 1331 1507 erat.

295 1590 324 1620 Ο
339 1589 518 1621 recensende
539 1599 558 1619 a
583 1598 630 1619 me
652 1588 736 1619 inter
761 1587 875 1619 amicos
890 1587 988 1628 fidos,
1012 1587 1064 1626 qui
1088 1595 1158 1617 vere
1176 1586 1288 1617 diceris
1303 1586 1336 1617 id
1351 1586 1429 1626 quod
1444 1595 1486 1623 eS,
1502 1587 1593 1625 Care,
1608 1587 1704 1621 salve.

251 1632 316 1663 Hic
331 1634 412 1663 color
426 1635 456 1663 et
471 1631 647 1670 compositio
664 1631 724 1661 mei
745 1639 851 1661 versus
868 1633 969 1669 potest
992 1630 1050 1660 tibi
1073 1638 1135 1660 esse
1157 1630 1298 1659 continuo
1326 1629 1421 1661 index
1442 1629 1522 1659 unde
1548 1630 1702 1663 saluteris.

254 1676 324 1706 Non
338 1674 409 1714 quia
424 1674 504 1704 mira
517 1677 574 1710 est,
586 1674 639 1704 sed
653 1673 730 1712 quod
745 1682 841 1712 neque
855 1682 928 1703 sane
939 1671 1080 1710 vulgaris
1091 1682 1102 1708 ;
1124 1682 1254 1712 namque
1275 1671 1495 1712 qualiscumque
1510 1675 1566 1711 est,
1580 1682 1639 1703 non
1646 1672 1703 1710 fn-

248 1717 300 1756 git
315 1725 377 1748 esse
392 1725 499 1746 meam.
548 1715 697 1750 Quamvis
711 1715 806 1746 etiam
820 1718 854 1745 tu
869 1716 958 1745 tollas
973 1714 1203 1754 inscriptionem
1224 1724 1264 1744 ex
1287 1714 1394 1754 prima
1408 1713 1494 1751 facie
1517 1715 1645 1754 chartae,
1659 1715 1705 1745 υἰ-

247 1760 320 1790 deor
342 1768 428 1798 posse
442 1757 580 1799 profiteri
595 1759 673 1797 quod
686 1758 728 1787 sit
744 1767 817 1797 opus
830 1760 927 1787 tuum.
973 1757 1188 1795 Dignosceris‚
1215 1756 1353 1797 quamvis
1377 1759 1457 1787 situs
1480 1757 1564 1788 inter
1590 1758 1703 1789 multos

250 1801 375 1837 libellos,
391 1804 421 1831 et
433 1800 599 1831 invenieris
609 1809 666 1840 per
679 1800 772 1839 signa
785 1799 954 1830 observata.
1003 1799 1103 1838 Vires,
1130 1810 1205 1839 quas
1229 1800 1340 1830 scimus
1366 1799 1478 1837 dIgnas
1494 1799 1641 1839 Hercule,
1655 1803 1704 1831 at-

250 1852 306 1883 que
320 1844 452 1883 (equales
477 1843 526 1873 illi
551 1852 639 1882 quem
662 1842 807 1879 celebras,
825 1841 1026 1879 manifestant
1050 1845 1218 1873 auctorem.
1263 1841 1356 1872 Musa
1370 1851 1437 1872 mea
1451 1841 1562 1880 agnita
1574 1841 1703 1882 propria

249 1886 400 1925 qualitate
412 1888 513 1925 potest
519 1883 607 1923 forte
621 1894 684 1915 esse
698 1884 841 1915 notabilis
855 1884 941 1915 vitiis
955 1884 1030 1914 sais.
1074 1884 1271 1922 Deformitas
1285 1887 1350 1914 tam
1371 1883 1511 1914 obstabat
1525 1893 1563 1914 ne
1581 1884 1704 1914 Thersi-

249 1932 296 1959 tes
309 1928 519 1968 ignoraretur,
534 1937 624 1968 quam
649 1927 766 1958 Nireus
789 1930 856 1958 erat
879 1925 1055 1966 spectabilis
1084 1927 1248 1965 elegantia.
1293 1927 1400 1967 Neque
1415 1926 1531 1957 decebit
1546 1929 1576 1957 te
1591 1926 1702 1957 mirari

862 2010 1097 2022 eeeeeeeeeeee

296 2069 312 2095 1
338 2065 416 2097 Duo
432 2065 551 2106 scripti
568 2075 644 2097 cum
661 2075 713 2106 pr.
738 2065 800 2097 Ed.
824 2066 884 2097 int.
898 2066 1066 2096 venerande
1084 2066 1148 2096 sod.
1164 2068 1199 2096 et
1213 2065 1279 2095 duo
1293 2064 1347 2094 alii
1359 2065 1621 2095 numerande.—2
1647 2065 1701 2097 Sic

253 2106 374 2138 Heius.
392 2108 548 2139 rescribit
564 2118 605 2139 ex
622 2108 791 2139 nonnullis
805 2108 913 2139 Codd.
940 2108 1031 2147 vulg.
1063 2108 1125 2143 Qui
1147 2109 1224 2147 quod
1245 2117 1276 2137 es
1290 2107 1325 2137 id
1338 2109 1468 2138 veru—3
1492 2107 1703 2148 Legwdum,

252 2153 291 2179 ut
306 2149 460 2187 legerunt
485 2159 599 2181 omnes
626 2150 762 2189 eruditi,
785 2151 939 2190 protinus,
965 2160 1031 2181 non
1059 2151 1232 2190 proximus.
1260 2149 1455 2180 1‹‘abric.-5
1480 2149 1547 2181 ms.
1568 2150 1700 2181 Bersm.

252 2191 329 2229 quod
342 2199 403 2229 pro
418 2191 513 2230 quiam
534 2196 569 2222 et
584 2202 662 2222 mox
677 2203 737 2222 non
753 2202 814 2229 pro
841 2196 973 2223 nea—8
996 2192 1117 2223 Heius.
1138 2193 1255 2222 mallet
1273 2191 1592 2226 Quid...vz'‹1ear.—11
1616 2192 1699 2231 Sep-

252 2238 321 2263 tem
334 2232 452 2273 scripti
475 2236 508 2263 et
523 2233 608 2264 editi
622 2234 773 2265 nonnulli
789 2235 934 2265 Produnt
948 2237 1118 2265 auct.—12
1143 2234 1221 2265 Esse
1233 2242 1323 2274 pares
1336 2233 1462 2265 rectius
1478 2233 1545 2264 alii.
1584 2232 1697 2265 Heius.

913 2327 1053 2358 NOTAE

297 2404 315 2431 8
342 2401 447 2442 Color]
469 2401 604 2432 Chartae
615 2401 760 2440 attritae,
774 2405 811 2432 et
826 2403 951 2432 attrec-
1004 2409 1070 2431 non
1086 2399 1216 2440 possint
1230 2399 1364 2430 imitari.

254 2451 400 2482 tantium
415 2451 567 2482 manibus
583 2451 758 2492 squalidae.
1048 2452 1088 2480 12
1113 2449 1182 2488 Illi]
1207 2448 1361 2488 Herculi,
1377 2447 1450 2479 scil.

296 2504 315 2531 5
341 2500 408 2531 Nec
433 2501 572 2541 publica]
619 2501 746 2532 Locum
777 2501 890 2539 istum,
915 2500 950 2530 ni
1047 2502 1085 2530 15
1120 2499 1296 2539 Thersiten]
1329 2499 1523 2529 Graecorum
1554 2497 1619 2529 fuit
1644 2499 1702 2539 qui

254 2549 367 2591 fallor,
381 2560 446 2582 non
471 2551 726 2583 intellexerunt.
764 2551 840 2583 Hoc
865 2550 951 2582 dicit
1005 2550 1046 2581 ad
1059 2549 1194 2590 Trojam
1221 2549 1355 2580 iverunt
1376 2547 1644 2580 defui-missimus
1667 2553 1703 2581 et

256 2599 378 2640 Poeta,
409 2611 596 2643 quanquam
629 2601 775 2633 mirifica
809 2611 876 2633 non
907 2601 951 2632 sit
1004 2599 1249 2640 ignavissimus.

257 2652 427 2681 structura
453 2661 589 2683 suorum
625 2661 798 2692 versuum,
825 2651 952 2693 aliquid
1049 2652 1089 2680 16
1113 2648 1246 2688 Nireus]
1279 2647 1381 2680 Hunc
1407 2648 1569 2690 Charopis
1594 2648 1699 2682 filium

258 2703 369 2730 tamen
385 2700 509 2733 habere
536 2702 708 2743 proprium
724 2701 813 2743 quod
837 2711 951 2733 omues
1005 2698 1267 2741 pulcherrimum
1280 2699 1398 2732 scribit
1412 2698 1593 2733 Homerus.
