1877 3193
225 171 340 214 2746
709 183 750 211 P.
783 181 944 211 ovm11
977 181 1188 212 NAsoNrs

653 474 1059 523 EPISTOLA
1116 474 1236 522 XV.

670 669 880 712 SEXTO
912 670 1215 712 POMPEIO.

775 843 1135 876 ARGUMENTUM.

220 936 277 968 AD
292 935 433 969 Sextum
450 935 652 977 Pompeium
674 935 828 967 scribens
844 934 968 976 Poeta,
983 935 1166 976 profitetur
1186 944 1221 967 se
1244 935 1292 967 ilii
1309 937 1388 967 ante
1405 944 1519 968 omnes
1535 935 1673 977 debere,

260 990 396 1022 Caesare
421 994 535 1021 tamen
563 993 723 1030 excepto,
747 989 801 1020 cui
826 988 929 1021 vitam
957 989 1071 1021 debet.
1116 989 1254 1021 Deinde
1280 998 1357 1021 eurn
1383 995 1544 1030 precatur
1568 995 1606 1021 ut
1628 988 1671 1019 ab

256 1042 485 1084 Imperatore,
501 1052 601 1084 quem
625 1051 755 1073 summa
780 1042 862 1073 colit
886 1042 1028 1083 pietate,
1049 1043 1210 1084 impetret
1226 1042 1288 1074 sibi
1303 1043 1416 1074 mitius
1432 1043 1588 1074 exilium:
1614 1053 1671 1073 ex-

257 1099 424 1137 cusatque
444 1106 480 1127 se
503 1096 649 1128 invitum
666 1096 739 1127 haec
757 1095 876 1127 eadem
892 1097 1015 1137 saepius
1033 1100 1163 1138 petere,
1179 1096 1239 1128 sed
1255 1106 1327 1137 prae
1344 1096 1445 1128 nimia
1461 1100 1495 1128 et
1510 1096 1670 1128 immode-

256 1152 334 1180 rata
349 1149 509 1190 cupidine
524 1158 560 1181 se
575 1149 802 1181 excusandum
819 1159 903 1181 esse.

215 1257 277 1319 SI
300 1278 399 1331 quis
420 1278 564 1319 adhuc
583 1291 772 1332 usquam
794 1280 929 1319 nostri
948 1292 1034 1320 non
1053 1280 1279 1320 immemor
1298 1284 1436 1329 extat,

272 1344 449 1395 Quidve
470 1346 686 1398 relegatus
707 1345 848 1395 Naso,
870 1345 1064 1398 requirit,
1085 1357 1210 1397 agam
1228 1358 1238 1396 ;

216 1412 469 1454 Caesaribus
488 1412 644 1460 vitam,
664 1413 801 1453 Sexto
825 1413 979 1452 debere
1001 1412 1182 1452 salutem

273 1478 349 1518 Me
370 1479 495 1519 sciat.
539 1476 581 1517 A
603 1477 784 1530 Superis
804 1477 875 1517 hic
895 1477 1002 1516 mihi
1021 1477 1190 1529 primus
1210 1477 1302 1518 erit.

213 1545 438 1598 Tempora
456 1558 559 1585 nam
580 1544 750 1585 miserae
774 1543 1041 1597 complectar
1060 1547 1111 1584 ut
1128 1544 1274 1585 omnia
1293 1545 1412 1594 vitae,
1640 1547 1667 1584 5

270 1612 314 1653 Α
334 1612 498 1653 meritis
516 1612 613 1666 ejus
635 1624 740 1664 pars
761 1612 866 1652 mihi
885 1611 1008 1652 nulla
1022 1615 1169 1653 vacat.

213 1678 327 1730 Quae
348 1692 523 1720 numero
545 1683 610 1720 tot
629 1682 743 1728 sunt,
767 1683 877 1733 quot
891 1679 935 1719 in
954 1678 1083 1720 horto
1100 1679 1251 1720 fertilis
1272 1679 1363 1720 arvi

268 1746 441 1788 Punica
459 1747 540 1787 sub
558 1746 677 1787 lento
698 1747 865 1787 cortice
887 1759 1018 1799 grana
1031 1746 1208 1786 rubent:

257 1876 294 1907 Si
309 1876 378 1917 quis
392 1880 438 1907 est
453 1877 550 1908 adhuc
564 1877 653 1908 ullibi
666 1887 725 1908 non
737 1877 850 1908 oblitus
875 1877 987 1916 nostri,
1010 1877 1057 1908 vel
1077 1879 1166 1916 petat
1181 1875 1254 1916 quid
1269 1884 1332 1914 ego
1358 1874 1442 1905 Naso
1462 1874 1536 1904 exul
1562 1883 1663 1904 rerum

209 1928 331 1958 geram,
345 1920 503 1959 intelligat
518 1930 564 1951 me
586 1920 693 1951 debere
708 1921 804 1951 vitam
822 1920 1008 1959 Caesaribus,
1029 1923 1064 1949 et
1079 1919 1210 1949 salutem
1227 1918 1323 1948 Sexto
1335 1928 1345 1948 .-
1369 1916 1418 1947 hic
1432 1916 1493 1947 erit
1508 1915 1585 1946 mihi
1599 1917 1664 1956 pri-

213 1971 281 1992 mus
291 1972 310 1992 α
323 1962 409 1994 Diis.
456 1962 605 1997 Quamvis
620 1963 701 1994 enim
723 1963 863 2002 colligam
885 1962 988 1993 omnia
1012 1965 1148 2002 tempora
1164 1970 1246 1992 meae
1262 1962 1336 1991 vitae
1351 1959 1483 1998 miserae,
1498 1959 1582 1990 nulla
1591 1968 1665 1998 pars

213 2008 260 2035 est
271 2004 348 2035 mihi
362 2015 458 2036 vacua
473 2005 685 2047 beneficiorum
699 2005 774 2044 ejus.
822 2006 901 2040 Qua:
916 2008 962 2036 tot
977 2008 1047 2036 sunt
1061 2014 1197 2042 numero,
1220 2006 1293 2043 quot
1304 2012 1405 2042 grana
1422 2001 1542 2032 Punica
1555 2000 1664 2032 rubent

212 2046 267 2077 sub
281 2048 366 2078 molli
378 2049 490 2080 cortice
504 2048 538 2080 in
553 2049 641 2079 horto
644 2048 785 2087 foecundz'
799 2049 866 2080 soli.
912 2048 995 2083 Quot
1010 2050 1127 2087 segetes
1142 2045 1252 2085 Africa
1261 2044 1393 2086 profert,
1403 2047 1475 2085 quot
1486 2053 1561 2075 uvas
1576 2044 1664 2074 tellus

821 2143 1054 2156 eeeeeeeeeeee

256 2206 277 2235 2
300 2203 353 2234 Ex
369 2204 499 2236 duobus
522 2206 616 2236 libris
640 2207 761 2237 Heins.
789 2207 908 2238 scribit
928 2207 1078 2246 requirit:
1102 2206 1192 2244 vulg.
1208 2204 1366 2244 requirat;
1389 2206 1425 2233 et
1442 2202 1499 2233 alii
1515 2201 1661 2241 requiret.

213 2249 276 2278 —6
298 2245 405 2285 Hujus
419 2256 481 2288 pro
497 2246 560 2285 ejus
575 2248 696 2279 eratin
711 2259 770 2279 sex
787 2249 1001 2288 scriptis.—-—8
1024 2248 1104 2278 Bas.
1125 2247 1180 2278 sub
1205 2247 1281 2277 lecto
1305 2249 1384 2277 cort.
1407 2245 1490 2275 Mox
1514 2243 1556 2273 P.
1570 2251 1659 2283 poma

865 2353 1002 2384 NOTAE

253 2437 272 2465 3
298 2433 490 2474 Caesaribus]
512 2433 667 2474 Angusto
685 2431 859 2471 defuncto,
874 2442 907 2463 e-
1003 2434 1023 2462 8
1039 2429 1175 2470 Punica]
1193 2430 1276 2460 Mali
1292 2430 1427 2467 Punici,
1443 2431 1480 2460 de
1499 2430 1664 2463 Grenade:

205 2484 329 2525 jusque
345 2484 475 2522 liberis,
489 2483 561 2515 scil.
961 2491 1036 2523 quae
1047 2481 1123 2512 idco
1136 2491 1155 2511 a
1168 2480 1280 2510 Poenis
1291 2490 1410 2510 nomen
1424 2481 1658 2522 sortita,quod

251 2533 405 2574 Salutem]
442 2534 612 2565 Nasonem
636 2533 763 2574 qnippe
786 2531 907 2572 opibus
959 2531 1052 2563 circa
1067 2531 1313 2568 Carthaginem,
1340 2531 1517 2562 Poenorum
1538 2530 1657 2563 urbem

210 2586 247 2614 et
265 2582 380 2614 favore
397 2593 457 2614 suo
479 2585 638 2624 juverat:
664 2587 702 2614 ut
717 2583 791 2624 ipse
807 2592 906 2623 supe·
959 2581 1163 2622 primariam,
1178 2579 1325 2611 feliciter
1339 2584 1570 2612 nascerentur.

210 2632 280 2664 rius
295 2636 438 2663 testatus
453 2637 507 2664 est
524 2633 645 2664 Poeta.
1002 2630 1115 2670 Lento]
1141 2631 1307 2661 Fiexibili.

253 2684 274 2712 4
296 2680 378 2720 Hic]
399 2682 597 2723 Pompeius,
611 2684 682 2714 scii.
1002 2680 1140 2720 Rubenc]
1178 2681 1295 2711 Grana
1325 2691 1405 2714 vero
1430 2681 1553 2716 Punici
1577 2681 1654 2714 mali

253 2731 273 2762 7
295 2728 389 2772 Quoe]
408 2730 504 2763 Sexti
519 2732 674 2775 Pompeii
690 2733 821 2775 merita,
835 2732 910 2767 scii.
960 2732 1081 2766 rubere
1097 2741 1195 2765 nemo
1213 2732 1334 2766 nescit.
