1863 3193
578 163 819 194 rrmsrxum
855 162 949 195 Lm.
982 164 1014 195 1.
1046 153 1126 195 10.“
1467 157 1581 199 2251

125 256 258 298 Nunc
282 271 458 311 qnoque
478 261 588 307 tuta,
610 272 778 311 precor,
803 261 919 300 vasti
940 264 1063 300 secet
1084 260 1195 301 ostia
1216 259 1377 312 Ponti;

182 323 395 379 Quasque
416 327 538 378 petit,
560 325 705 367 Getici
726 327 884 367 littoris
906 327 1033 370 intret
1055 340 1209 381 aquas,

124 389 237 441 Qnae
261 393 391 433 simul
411 393 571 434 AEoliae
590 406 712 434 mare
734 407 802 434 me
825 394 1007 436 deduxit
1028 396 1074 435 in
1096 394 1272 444 Helles,

182 458 238 499 Et
257 459 428 512 longum
451 461 569 500 tenui
591 460 728 500 limite
748 461 851 502 fecit
877 462 982 512 iter3

127 524 351 567 Fleximus
372 527 415 566 in
437 527 596 568 laevum
619 541 799 569 cursus:
831 532 873 569 et
895 529 951 569 ab
972 526 1183 568 Hectoris
1204 528 1310 568 urbe

182 593 397 634 Venimus
419 594 474 634 ad
495 598 665 647 portus,
688 595 853 636 Imbria
874 600 998 644 terra,
1021 599 1134 635 tuos.

124 660 234 700 Inde
255 660 343 701 levi
364 668 496 702 vento
520 662 757 716 Zerynthia
779 662 930 703 littora
947 663 1100 711 nactis,

179 727 426 769 Threiciam
449 729 589 782 tetigit
608 730 728 771 fossa
748 731 896 771 carina
918 731 1094 771 Samon.
1525 731 1582 772 20

123 833 271 872 adversis,
288 835 383 864 erasit
399 843 504 865 secura
519 836 642 865 numine
660 835 814 866 Palladio.
861 834 953 865 Nunc
977 835 1083 871 etiam,
1098 844 1161 875 oro,
1186 844 1294 866 secura
1315 836 1463 875 pervadat
1479 836 1586 867 aditus

123 876 203 907 tas'iz'
221 877 328 914 Ponti,
344 880 372 906 et
387 877 490 906 subeat
504 887 598 916 aquas
613 877 729 906 littoris
744 877 863 914 Getici,
887 888 945 916 qao
960 878 1130 907 contendit.
1178 878 1257 912 Quae
1278 884 1438 918 postquam
1462 890 1509 909 me
1532 884 1585 909 de-

123 919 217 949 duxit
231 919 265 948 in
280 929 362 949 mare
382 919 487 949 Helles
503 919 626 957 aialim,
649 922 677 948 et
693 920 850 958 superarit
873 919 996 957 longum
1011 918 1072 947 iter
1087 922 1219 955 augusto
1235 920 1503 960 limite‚fle.2·imus
1517 931 1586 951 cur-

123 970 175 991 sus
190 961 222 991 z'n
238 961 397 992 sinistram
409 965 554 1001 partem,-
578 965 605 991 el
625 961 661 990 ab
678 960 751 991 arbe
768 961 916 991 Hectoris
930 961 1065 990 venimus
1081 961 1119 989 ad
1134 964 1241 999 portus
1256 965 1335 1000 laos,
1354 965 1437 992 terra
1454 963 1581 994 Imbria.

125 1003 202 1034 Inde
216 1004 305 1034 navis
318 1004 398 1034 lassa
410 1004 551 1045 pert-enit
566 1005 605 1034 aa
622 1003 735 1033 Samon
753 1003 912 1034 Thraciam
925 1006 1085 1043 postquam
1101 1002 1277 1041 legissemus
1290 1004 1398 1034 littora
1412 1005 1586 1045 Zerynthia

736 1075 968 1086 omnneeuo*

125 1123 161 1150 et
177 1121 323 1161 quinque
339 1120 393 1150 alii
410 1130 484 1151 cnm
503 1130 551 1160 pr.
570 1120 633 1150 Ed.
652 1120 692 1150 P.
710 1127 834 1149 munere
857 1121 916 1148 tat.
963 1117 1049 1147 Turn
1068 1127 1128 1157 pro
1147 1117 1216 1156 fait
1239 1118 1357 1151 Heius.
1382 1129 1424 1150 ex
1439 1121 1583 1152 meliori-

126 1162 188 1193 bus
206 1162 444 1201 suadetsztgit:
468 1163 528 1193 lioc
546 1164 554 1179 ⁶
574 1171 665 1199 vero,
688 1159 908 1200 sequentibus
932 1160 940 1176 ‘
961 1159 1060 1190 Nunc
1076 1160 1220 1201 quoqne’
1238 1171 1304 1191 non
1318 1163 1398 1193 satis
1411 1167 1492 1203 apte
1505 1174 1583 1195 con-

126 1214 247 1243 gruere
263 1204 411 1242 videtnr,
425 1205 488 1235 nisi
506 1205 537 1234 in
557 1202 719 1243 praesenti
752 1201 964 1241 [praeterito]
982 1202 1148 1242 caplatur,
1172 1204 1260 1243 quod
1286 1214 1400 1236 versus
1425 1207 1511 1237 ratio
1533 1217 1585 1237 re-

124 1248 234 1285 spuit:
259 1256 361 1286 quare
377 1245 446 1283 fuit
460 1246 538 1276 milii
562 1245 668 1285 magis
693 1243 841 1276 arridet.'
868 1245 1069 1276 Barna—14
1093 1245 1169 1276 Pol.
1187 1250 1331 1286 uterque
1359 1248 1583 1289 inasq.pelet,

126 1289 252 1320 (ιζ-15
278 1289 367 1319 Mor.
385 1293 420 1319 et
435 1288 531 1319 Leid.
548 1289 693 1319 AEolirlae.
727 1287 862 1317 Deinde
878 1287 996 1318 Burin.
1013 1288 1102 1327 conj.
1119 1289 1232 1319 declax.
1248 1291 1288 1319 ad
1305 1289 1480 1321 Hem—16
1497 1292 1582 1322 Got-

124 1331 236 1371 torph.
252 1334 316 1362 ten.
332 1330 618 1369 tramitefec.-17
645 1330 713 1361 Alii
729 1330 767 1360 ab
780 1330 909 1360 Actoris
925 1329 995 1360 urb.
1040 1331 1175 1361 Merula
1190 1331 1370 1370 legendum
1385 1337 1483 1373 putat
1500 1334 1588 1365 Her-

123 1375 294 1405 culis.—19
317 1373 385 1404 Alii
401 1373 573 1413 Serinthia,
597 1373 649 1403 vel
672 1372 855 1403 Cerinthia:
879 1372 1016 1412 quidam
1044 1373 1146 1403 etiam
1170 1374 1336 1404 Perinthia
1352 1380 1411 1406 aut
1427 1376 1583 1416 Peparin-

122 1414 199 1447 thia.
223 1416 356 1447 Deinde
373 1426 434 1457 pro
451 1417 550 1447 nactis
565 1425 616 1457 pr.
638 1416 679 1447 V.
706 1417 812 1451 nacti;
835 1416 928 1455 vulg.
944 1419 1057 1453 nacta;
1081 1421 1116 1447 et
1132 1425 1218 1448 unus
1232 1420 1338 1448 2·ecta.·
1362 1419 1446 1449 nacti
1470 1423 1522 1450 est
1538 1428 1581 1450 ex

781 1486 920 1518 NOTAE

124 1554 214 1581 tem:
240 1550 426 1582 caduceum
454 1550 708 1592 pacificatoriae.
752 1550 824 1582 Sin-

123 1600 208 1639 gulis
224 1611 303 1632 vero
317 1602 420 1632 etiam
442 1612 538 1633 sunm
561 1611 696 1641 nomen,
719 1601 760 1632 ab
776 1601 825 1631 in-

124 1651 210 1691 signi
240 1652 350 1692 aliquo
375 1657 528 1692 extante,
557 1657 595 1682 ut
624 1651 705 1691 dixi,
735 1652 823 1692 quod

125 1710 244 1731 nomen
261 1706 296 1732 et
312 1702 358 1732 illi
374 1703 448 1732 loco
462 1701 709 1733 inscribebatur
722 1710 823 1742 quem

125 1749 286 1780 dixerunt
302 1752 311 1768 ‘
330 1751 500 1782 Oculum!

170 1799 291 1839 Habet]
338 1801 457 1839 Navis,
488 1801 641 1839 scilicet;
678 1811 822 1843 namque

123 1858 301 1889 perperam
319 1848 361 1879 ad
384 1850 571 1881 Minervam
594 1852 712 1882 retulit
727 1852 823 1882 Com-

125 1904 315 1938 mentator-;
351 1908 460 1940 neque
488 1899 522 1930 id
551 1900 680 1939 patitur
703 1901 821 1932 I'oetae

125 1949 305 1988 ingenium.

166 2002 186 2030 9
220 1999 382 2039 Cenchris]
417 2000 600 2030 Ceuclum.
626 2009 733 2039 pagus
758 1998 822 2030 fnit

125 2054 158 2079 e't
176 2049 295 2080 navale
317 2049 563 2080 Corinthiorum
582 2049 621 2079 nil
640 2050 748 2079 sinum
764 2049 822 2079 Sa-

126 2099 286 2130 ronicum.
311 2098 381 2129 Per
394 2099 569 2138 synizesim
587 2104 696 2130 nutem
713 2099 822 2140 trisyl-

128 2149 238 2180 tabum
269 2149 433 2180 Cenchreis
462 2159 525 2190 pro
555 2149 738 2188 dissyllabo
765 2159 822 2189 po-

126 2199 237 2231 situm.

170 2252 208 2280 13
236 2250 340 2291 Ostia]
362 2249 528 2280 Thracius
555 2250 766 2289 Bosphorus,
789 2251 823 2280 ui

127 2299 236 2337 fallor,
259 2310 319 2340 per
343 2300 416 2330 liaec
440 2301 526 2331 ostia
544 2300 760 2340 inteiligitur,
785 2301 825 2331 si-

127 2349 260 2391 quidem
287 2359 347 2389 per
368 2349 461 2380 illum
481 2350 590 2380 aditus
606 2353 656 2380 est
673 2349 714 2380 ad
734 2350 822 2380 Pon-

128 2406 210 2439 tum,
228 2401 397 2441 Pontique
415 2402 553 2441 insuper
577 2411 671 2441 aquae
689 2401 722 2430 in
740 2401 822 2431 Pro-

128 2451 300 2490 pontidem
315 2460 374 2491 per
390 2451 533 2482 eumdem
547 2450 709 2481 defluunt.
729 2452 822 2481 Som-

128 2499 236 2530 niasse
260 2501 337 2531 mihi
360 2500 513 2531 videntur
532 2501 586 2541 qui
607 2502 615 2517 ‘
631 2501 744 2531 aditus
764 2499 822 2532 ssu-

128 2548 250 2578 minnm
266 2550 297 2580 in
314 2550 417 2580 niare'
430 2551 482 2581 hic
500 2550 736 2582 meminerunt.

174 2600 213 2628 14
240 2599 358 2639 Getici]
380 2601 533 2631 Fuerunt
558 2601 658 2632 Geta:
686 2601 718 2632 in
742 2602 823 2641 Scy-

132 2649 201 2679 thia
222 2648 263 2679 ad
293 2649 392 2681 Ponti
417 2653 539 2684 Euxini
557 2662 649 2684 oram
665 2653 822 2685 occiden-

134 2700 245 2731 talem.

922 1554 960 1582 15
985 1551 1114 1591 AEoliae]
1138 1552 1217 1583 Fuit
1235 1552 1337 1584 Helle
1361 1552 1580 1584 Athamantis

877 1601 1066 1632 Thebarum
1080 1603 1167 1642 regis
1179 1607 1214 1633 et
1228 1603 1400 1643 Nepheles
1411 1602 1494 1642 filia,
1505 1613 1580 1644 quae

878 1659 1036 1682 novercae
1065 1651 1203 1682 insidias
1231 1656 1400 1691 metuenS‚
1425 1662 1501 1683 cum
1527 1662 1582 1684 ac-

878 1705 980 1741 cepto
1007 1711 1025 1731 a
1052 1704 1151 1742 patre
1178 1702 1285 1732 ariete
1312 1711 1415 1732 aureo
1432 1702 1581 1734 Pontum

877 1752 981 1782 vellet
998 1752 1169 1792 trajicere,
1188 1752 1331 1792 periculi
1348 1752 1582 1792 magnitudine

876 1801 1074 1841 perterrita,
1100 1802 1133 1832 in
1151 1811 1243 1832 mare
1264 1801 1405 1841 decidit,
1424 1802 1513 1842 quod
1539 1802 1581 1833 ab

877 1862 918 1882 ea
934 1852 1179 1893 Hellespontus
1195 1852 1324 1883 dictum
1338 1857 1402 1883 est.
1441 1852 1506 1883 Illa
1524 1862 1582 1883 au—

877 1906 945 1932 tem
969 1902 1077 1933 AEolia
1099 1902 1141 1933 ab
1160 1913 1223 1933 avo
1240 1903 1348 1943 AEolo,
1364 1903 1580 1933 Athamantis

878 1957 991 1991 patre,
1008 1959 1130 1984 vocata
1143 1959 1207 1984 est.

922 2005 962 2032 16
989 2004 1102 2043 Tenui]
1151 2004 1241 2036 Quia
1270 2013 1330 2044 per
1364 2003 1580 2044 Hellesponti

878 2053 1046 2092 angustias
1063 2058 1256 2084 coarctatur
1271 2063 1373 2085 mare.

921 2105 960 2132 17
985 2103 1132 2133 Hectoris
1160 2103 1248 2142 urbe]
1285 2105 1397 2144 Troja,
1425 2105 1578 2136 seilicet:

878 2160 987 2193 neque
1005 2152 1058 2182 liic
1082 2152 1259 2193 quicquain
1282 2153 1380 2184 video
1402 2153 1581 2186 difficulta-

878 2202 934 2241 tis,
950 2202 1039 2243 quod
1056 2202 1278 2242 interpretem
1303 2208 1435 2234 tantum
1456 2204 1580 2235 morari

878 2253 1039 2293 potuerit.

923 2305 961 2332 18
987 2301 1120 2342 Imbria]
1143 2302 1278 2334 Imbros
1294 2303 1347 2334 vel
1372 2303 1505 2335 Imbrus
1530 2305 1579 2335 in-

877 2352 950 2382 sula
966 2357 1100 2382 estnon
1119 2353 1217 2393 longe
1238 2363 1256 2384 a
1272 2353 1398 2384 Lemno
1414 2358 1449 2384 et
1464 2354 1578 2393 Samo,

875 2402 1026 2432 Thracia:
1044 2411 1111 2433 orae
1129 2401 1201 2433 fere
1219 2402 1390 2443 adjacens.

920 2455 960 2483 19
976 2452 1162 2493 Zerynthia]
1188 2453 1264 2483 Fuit
1278 2453 1470 2493 Zerynthus
1483 2454 1579 2493 oppi-

877 2502 954 2533 dum
970 2503 1214 2533 Samotlimciae
1227 2502 1357 2542 insulae,
1368 2511 1443 2543 quae
1458 2502 1577 2534 Poetae

878 2553 919 2583 ab
937 2553 1053 2583 Imbro
1081 2553 1115 2583 in
1140 2552 1316 2582 Thraciam
1345 2551 1500 2583 tendenti
1525 2561 1579 2583 oc-

878 2603 997 2634 currit.

921 2655 961 2682 20
986 2651 1116 2691 Samon]
1141 2651 1261 2682 Plures
1289 2650 1427 2683 fuerunt
1452 2662 1492 2683 eo
1518 2663 1576 2684 no-

877 2702 966 2733 mine
988 2702 1127 2741 insulae3
1152 2702 1368 2743 quamobrem
1386 2702 1457 2734 liaec
1473 2703 1578 2735 Thra-
