1877 3193
240 181 357 224 2732
728 194 771 223 P.
803 192 964 223 ovmn
995 192 1209 223 NAsoNJs

283 287 380 328 tiam,
396 287 491 319 dolor
513 287 588 328 ejus
610 287 682 328 ja'm
705 285 900 317 imminutus
926 286 983 318 sit.
1025 286 1175 318 Tertiam
1202 285 1306 318 etiam
1332 285 1497 317 rationem
1522 284 1696 326 subjungit

283 352 344 375 cur
360 344 443 374 nolit
460 343 527 374 ullo
542 341 779 373 consolationis
794 349 932 382 genere,
949 345 986 372 ut
1002 340 1093 382 quod
1117 339 1261 373 fortasse
1278 341 1346 372 alia
1367 341 1471 372 ducta
1484 349 1589 372 uxore
1607 349 1694 372 nova

282 396 475 437 hujusmodi
492 396 599 426 literae
616 394 858 436 intempestive
874 393 1092 426 accederent.

243 516 475 583 GALmo,
498 533 664 573 crimen
685 532 765 573 erit
784 532 862 573 vix
881 531 1142 573 excusabile
1164 532 1310 582 nobis,

300 599 498 641 Carmine
518 605 558 641 te
578 614 735 642 nomen
755 615 846 642 non
865 601 1071 642 habuisse
1090 614 1202 642 meo.

240 667 309 708 Tu
330 680 505 720 quoque
525 669 639 708 enim
668 666 889 722 (memini)
920 668 1094 709 coelesti
1117 669 1302 722 cuspide
1322 668 1441 711 facta

303 733 469 774 Fovisti
489 735 693 788 lacrymis
717 734 896 775 vulnera
917 736 1065 774 nostra
1085 735 1185 775 tuis.

241 799 387 854 Atque
408 802 589 851 utinam,
611 801 723 855 rapti
740 800 917 854 jactura
936 801 1071 842 laesus
1094 801 1241 851 amici,

300 868 522 908 Sensisses
542 867 670 917 ultra,
694 867 813 921 quod
837 881 1084 922 quererere,
1110 868 1240 909 nihil!

244 933 345 974 Non
366 934 426 975 ita
447 935 531 975 Dis
552 935 736 988 placuit,
758 937 834 989 qui
855 940 895 977 te
914 936 1103 990 spoliare
1124 935 1289 989 pudica

300 1000 502 1055 Conjuge
524 1001 723 1042 crudeles
742 1015 829 1042 non
846 1003 1037 1044 habuere
1054 1003 1196 1044 nefas.

245 1067 411 1110 Nuntia
427 1082 527 1109 nam
547 1069 691 1110 luctus
709 1069 817 1110 mihi
846 1083 982 1124 nuper
1002 1070 1194 1124 epistola
1213 1071 1331 1112 venit
1348 1085 1357 1112 :

302 1135 524 1188 Lectaque
545 1149 644 1176 cum
664 1136 872 1190 lacrymis
895 1142 997 1177 sunt
1014 1141 1089 1178 tua
1108 1137 1270 1178 damna
1289 1138 1414 1182 meis,
1639 1137 1700 1177 10

245 1203 330 1242 Sed
352 1216 491 1256 neque
512 1203 766 1256 prudentem
786 1205 918 1245 solari
946 1205 1122 1245 stultior
1144 1204 1300 1255 ausim,

302 1269 538 1323 Verbaque
559 1271 786 1311 doctorum
808 1275 916 1313 nota
936 1272 1092 1312 referre
1113 1272 1216 1313 tibi:

246 1335 525 1391 Finitumque
547 1340 684 1386 tuum,
706 1337 743 1377 si
763 1350 851 1377 non
871 1337 1054 1386 ratione,
1074 1337 1269 1378 dolorem

303 1402 412 1458 Ipsa
424 1404 520 1458 jam
541 1404 709 1456 pridem
729 1404 929 1457 suspicor
949 1417 1044 1445 esse
1063 1418 1198 1445 mora.

1670 804 1699 842 0!

292 1544 410 1583 Gallio,
434 1544 489 1574 vix
504 1544 619 1574 crimen
633 1545 692 1575 erit
707 1543 793 1575 nobis
807 1545 1025 1584 excusandum,
1047 1547 1078 1574 te
1099 1554 1159 1574 non
1182 1543 1452 1582 habuissefamom
1468 1543 1603 1575 versibus
1618 1545 1705 1577 meis.

249 1588 389 1627 Namque
411 1589 445 1617 tu
460 1588 567 1626 etiam,
591 1588 746 1626 recordor,
771 1588 889 1618 curasti
901 1587 1033 1628 fletibus
1049 1587 1111 1617 tuis
1126 1591 1249 1618 nostras
1270 1588 1382 1627 plagas
1398 1587 1547 1627 impactas
1561 1597 1702 1618 mucrone

246 1630 361 1660 uit-ino.
406 1629 509 1668 Atque
536 1629 656 1660 utinam
679 1631 782 1660 dolens
807 1631 917 1661 damno
943 1629 1058 1660 sublati
1084 1629 1176 1660 amici
1199 1630 1278 1660 nihil
1303 1633 1447 1669 ean-pertus
1469 1639 1548 1660 esses
1573 1630 1704 1670 amplius

247 1671 438 1710 quamobrem
450 1672 627 1710 querereris.
650 1672 724 1702 Non
736 1672 783 1702 ita
795 1672 895 1703 visum
909 1671 1048 1712 Superis,
1061 1672 1114 1711 qui
1125 1672 1201 1702 soevi
1215 1682 1275 1703 ‘non
1290 1673 1439 1703 arbitrati
1449 1676 1520 1702 sunt
1533 1681 1606 1703 esse
1618 1672 1704 1710 nefas

248 1718 278 1744 te
292 1714 416 1753 privare
432 1723 527 1743 uxore
542 1716 636 1744 casta.
683 1715 768 1744 Nam
784 1715 912 1754 epistola
933 1715 1045 1745 numia
1068 1714 1206 1745 moeroris
1229 1724 1326 1754 nuper
1351 1715 1428 1745 mihi
1453 1715 1574 1745 reddita
1589 1718 1648 1754 est,
1674 1718 1704 1746 et

247 1760 301 1786 tem
313 1757 423 1786 damna
438 1759 508 1786 sunt
525 1756 591 1786 risa
606 1766 673 1787 cum
689 1757 835 1797 lacrymis
850 1758 937 1787 τηθίς.
989 1757 1102 1787 Verum
1116 1766 1211 1796 neque
1226 1766 1289 1797 ego
1303 1757 1429 1787 stultior
1443 1757 1541 1787 ausim
1555 1757 1706 1788 consolari

250 1799 428 1837 sapientem,
454 1801 483 1828 et
500 1798 557 1828 tibi
573 1809 806 1829 commemorare
830 1802 1002 1839 perspectos
1017 1808 1169 1830 sermones
1184 1801 1339 1829 doctorum
1353 1809 1362 1835 ‚·
1385 1802 1416 1829 et
1431 1799 1557 1837 conjicio
1572 1800 1704 1830 dolorem

250 1840 410 1879 tuumjam
423 1841 544 1881 pridem
558 1842 722 1882 exoletum,
736 1842 764 1872 si
779 1851 836 1872 non
852 1843 983 1882 ratione,
1009 1846 1044 1873 at
1058 1842 1124 1882 ipso
1139 1845 1284 1883 tempore.
1329 1842 1415 1872 Dum
1427 1845 1481 1872 tua
1495 1841 1622 1882 epistola
1634 1851 1705 1882 per-

868 1936 1099 1948 eneaeeteeeeo

294 2001 335 2031 In
351 2001 405 2032 Fr.
419 2000 490 2032 haec
522 2000 675 2042 Epistola
692 2001 891 2033 inscribitur
907 2002 1114 2033 Pollioni.-l
1142 2003 1202 2034 Pr.
1219 2001 1283 2034 Ed.
1299 2013 1359 2035 uon
1374 2013 1434 2044 pro
1450 2002 1515 2034 vix.
1559 2001 1647 2032 Tum
1663 2001 1705 2032 P.

251 2044 342 2074 Dan.
373 2053 477 2075 exous.
502 2047 714 2075 nostrum.—3
740 2045 780 2076 P.
806 2046 897 2076 Dan.
923 2054 994 2075 nam
1020 2055 1082 2084 pro
1105 2046 1197 2077 enim.
1242 2047 1326 2077 Mox
1351 2046 1431 2077 Jun.
1457 2055 1545 2077 mem.
1571 2044 1706 2076 caelestia

250 2088 397 2125 cusp.—7
421 2086 501 2116 Tres
517 2087 593 2116 libri
611 2087 655 2117 D.
672 2087 770 2117 visum
782 2089 845 2127 qui.
880 2086 944 2118 Ed.
961 2087 1092 2119 Bersm.
1109 2089 1188 2128 plac.
1213 2091 1245 2119 te
1259 2099 1318 2119 non
1333 2089 1410 2128 spol.
1454 2088 1510 2119 Ita
1527 2087 1604 2118 olim
1621 2086 1704 2117 editi

252 2133 286 2156 et
301 2127 420 2166 scripti
435 2139 441 2158 :
466 2128 524 2158 sed
538 2139 612 2159 cum
630 2138 745 2160 errore
762 2139 941 2169 operarum
957 2130 988 2159 in
1001 2130 1194 2161 Heinsianis
1211 2131 1417 2162 editionibus
1434 2131 1580 2171 legatur,
1597 2130 1706 2160 littora

251 2171 356 2198 nostra
382 2179 551 2207 recurrens,
567 2172 637 2207 ille,
655 2172 711 2211 qui
739 2177 836 2202 notas
862 2173 1029 2202 variorum
1051 2173 1239 2212 contexuit,
1265 2174 1426 2213 explicat,
1449 2183 1509 2213 pro
1527 2172 1567 2202 ad
1587 2173 1706 2202 littora

253 2215 386 2241 nostra:
413 2216 449 2240 ut
466 2212 555 2250 apud
585 2213 705 2251 Virgil.
731 2214 863 2244 AEneid.
890 2223 923 2244 v.
948 2215 957 2230 ‘
975 2215 1030 2245 Dii
1048 2225 1190 2255 quorum
1207 2225 1342 2256 a’quora
1357 2214 1479 2245 curro)
1518 2213 1653 2245 Festive
1669 2216 1704 2242 et

252 2252 364 2283 facete
390 2254 491 2282 sane!
525 2262 586 2283 nec
612 2254 740 2284 deserit
761 2255 880 2285 ducem
908 2265 1001 2285 suum
1027 2263 1165 2286 sanctus
1190 2257 1246 2286 ille
1272 2258 1512 2296 Pamphi-astos
1530 2255 1702 2285 Gallicus:

254 2299 415 2333 repetunt
432 2299 545 2324 autern
576 2295 716 2334 Epistola
733 2306 751 2325 a
774 2306 871 2326 versu
894 2306 992 2327 nono.
1036 2298 1135 2328 Tanti
1153 2308 1219 2327 non
1235 2303 1320 2331 erat.
1337 2299 1479 2334 scilicet,
1495 2296 1702 2336 antiquiores

255 2336 414 2368 adhibere
442 2336 608 2368 editiones
635 2336 875 2368 festinantibus
902 2338 967 2368 illis
990 2339 1109 2370 Poetae
1138 2340 1244 2370 nostri
1271 2339 1604 2379 coninientatoi·ibus‚
1621 2348 1703 2379 quos

909 2448 1054 2481 NOTAE

298 2544 318 2571 2
343 2538 478 2579 Nomen]
499 2540 651 2579 Famam,
670 2544 705 2571 et
722 2539 857 2571 candidi
874 2539 954 2571 ami·
1009 2538 1092 2571 dens
1109 2548 1185 2579 ego.

258 2591 287 2620 ci
305 2590 448 2621 laudem.
1053 2591 1091 2620 12
1121 2588 1233 2629 Verba]
1257 2589 1388 2623 Quibus
1405 2599 1424 2620 a
1440 2598 1580 2621 mmrore
1592 2589 1636 2622 ob
1652 2599 1704 2621 res

301 2643 319 2669 3
346 2639 494 2679 Cuspide]
522 2640 612 2671 Iram
630 2639 775 2681 Augusti
793 2640 955 2681 intellige.
1010 2648 1112 2669 vanus
1129 2640 1290 2670 mortales
1307 2640 1493 2671 retrahunt.

301 2693 318 2717 5
346 2689 461 2728 Amici]
484 2690 536 2720 De
552 2699 587 2720 se
604 2691 753 2731 loquitur
770 2691 889 2722 Poeta.
1054 2693 1091 2719 14
1118 2690 1224 2729 Moru]
1250 2690 1429 2729 'l'emporis
1461 2690 1547 2720 enim
1577 2690 1705 2730 longin-

306 2742 339 2769 ll
366 2738 515 2778 Stultior]
538 2741 653 2772 Minus
681 2740 798 2773 doctus
821 2747 855 2772 et
878 2751 953 2782 pru·
1010 2740 1118 2780 quitus
1137 2739 1321 2781 quemlibet
1337 2741 1420 2771 lenit
1437 2740 1597 2771 dolorem.
