1863 3193
624 162 867 195 rnrs'rNJM
899 164 994 196 ΜΒ.
1027 160 1098 194 ιῐ.’
1473 156 1587 199 2273

127 253 202 297 Sic
224 259 404 297 assueta
425 256 510 297 tuis
531 267 704 310 semper
726 259 932 301 Victoria
953 259 1107 301 castris

184 323 317 364 Nunc
340 336 512 376 quoque
533 336 581 363 se
599 330 797 376 praestet,
820 330 1010 380 notaque
1028 326 1153 378 signa
1171 327 1315 378 petat:

126 388 458 443 Ausoniumque
480 389 652 430 Ducem
672 391 813 432 solitis
834 392 1117 432 circumvolet
1138 392 1243 432 alis:

185 457 329 498 Ponat
348 462 392 496 et
412 458 454 496 in
474 456 616 496 nitida
636 457 792 499 laurea
814 465 930 500 serta
950 471 1094 499 coma.

128 522 215 564 Per
235 537 361 577 quem
384 524 498 564 bella
518 525 646 575 geris,
671 525 802 576 cujus
823 539 938 566 nunc
961 538 1142 578 corpore
1162 537 1334 578 pugnas
1351 539 1364 579 3

184 589 449 643 Auspicium
472 591 545 632 cui
567 591 646 631 das
670 592 845 644 grande,
868 593 1076 646 Deosque
1097 595 1221 633 tuos:

127 657 413 710 Dimidioque
434 658 497 698 tui
518 671 716 711 praesens
736 659 849 700 hanc
871 660 1056 713 respicis
1079 659 1270 712 Urbem;

182 725 379 766 Dimidio
400 726 559 778 procul
576 739 640 776 es,
663 740 873 780 saevaque
894 727 1015 768 bella
1035 728 1165 780 geris.

128 791 219 832 Hic
241 792 320 831 tibi
343 793 406 832 sic
427 792 574 834 redeat
594 799 807 846 superato
828 794 971 834 victor
991 795 1046 834 ab
1067 794 1194 836 hoste
1212 807 1224 845 ;

184 858 323 910 Inque
342 859 563 898 coronatis
583 859 748 911 fulgeat
766 861 880 901 altus
901 861 1028 912 equis
1044 874 1056 911 3

125 923 282 973 Parce,
301 937 481 977 precor:
513 924 764 977 fulmenque
787 929 923 974 tuum,
942 926 1036 965 fera
1056 926 1159 975 tela,
1182 926 1384 976 reconde,

186 991 288 1031 Heu
310 991 488 1032 nimium
509 992 669 1031 misero
691 992 864 1044 cognita
885 992 974 1032 tela
996 992 1102 1031 mihi
1121 992 1130 1031 !

129 1058 287 1108 Parce,
311 1060 443 1100 Pater
463 1059 625 1100 Patriae
644 1073 653 1100 z
686 1073 766 1100 nec
787 1060 974 1100 nominis
994 1059 1219 1099 immemor
1237 1058 1367 1112 hujus

188 1126 306 1167 Olim
325 1127 532 1180 placandi
553 1140 677 1179 spem
699 1128 803 1166 mihi
824 1127 925 1165 tolle
945 1125 1027 1165 tui.

1505 327 1586 368 170

1503 661 1588 702 175

1503 995 1589 1037 180

128 1241 239 1272 castris
261 1251 292 1272 se
313 1241 448 1282 proeheat
473 1250 552 1271 nunc
574 1241 679 1279 etiam,
694 1245 724 1272 et
740 1242 883 1272 concedat
906 1241 939 1271 in
960 1240 1051 1279 signa
1065 1243 1159 1271 nota:
1181 1243 1212 1271 et
1227 1240 1451 1272 circumvolitet
1467 1242 1588 1274 Ducem

130 1284 247 1314 Italum
271 1283 329 1314 alis
351 1283 450 1314 solitis
463 1294 473 1318 ,·
496 1287 525 1313 et
548 1287 642 1323 ponat
669 1293 794 1314 coronas
814 1285 933 1314 laureas
955 1284 989 1313 in
1009 1283 1147 1313 odoratis
1169 1283 1307 1322 cupillis:
1329 1294 1385 1323 per
1407 1295 1493 1324 quem
1508 1286 1588 1317 bella

126 1325 223 1364 geris,
238 1326 324 1364 cujus
339 1327 463 1366 corpore
485 1336 564 1356 nunc
579 1329 697 1361 cert11s;
720 1327 770 1356 cui
785 1327 841 1356 das
855 1336 1001 1365 magnum
1017 1325 1200 1365 auspicium,
1216 1330 1246 1355 et
1272 1327 1359 1356 Deos
1382 1330 1450 1357 tuos
1463 1338 1471 1357 .·
1495 1332 1526 1358 et
1539 1329 1587 1358 di-

129 1367 222 1397 midio
238 1368 286 1398 tui
301 1369 384 1405 αάεε,
401 1371 431 1398 et
446 1368 579 1398 intueris
595 1368 728 1404 Urbem
744 1368 871 1399 dimidio
887 1378 919 1398 es
933 1369 1033 1406 longe,
1048 1371 1078 1397 et
1091 1368 1178 1406 geris
1194 1369 1312 1398 atrocia
1337 1368 1426 1400 bella.
1471 1369 1525 1400 Sic
1537 1371 1590 1401 ille

129 1410 168 1439 ad
182 1412 212 1440 te
223 1413 398 1441 revertatur
410 1410 508 1440 victor
522 1411 559 1441 ab
572 1411 656 1440 hoste
673 1411 754 1441 victo
768 1421 778 1447 ;
801 1414 831 1441 et
854 1412 993 1441 excelsus
1014 1411 1171 1449 splendeat
1186 1410 1219 1439 in
1236 1412 1321 1450 equis
1344 1412 1506 1443 coronatis.
1534 1413 1588 1451 Ig-

129 1461 227 1491 nosce,
239 1462 291 1482 oro
302 1463 313 1488 ,·
337 1456 365 1483 el
382 1454 496 1492 clepone
500 1453 623 1490 fulmen
635 1456 735 1490 tuum,
756 1463 837 1483 soerct
851 1454 924 1491 tela,
935 1454 994 1483 heu
1009 1453 1069 1483 tela
1081 1452 1212 1482 nimium
1223 1454 1347 1491 cognita
1360 1454 1437 1483 mihi
1450 1455 1559 1485 misero
1573 1455 1589 1486 !

130 1493 268 1535 Ignosce,
283 1495 379 1526 Pater
396 1496 535 1526 Patriae:
558 1505 652 1535 neque
666 1495 777 1527 oblitus
793 1495 882 1532 hujus
896 1495 1027 1526 nominis
1048 1494 1125 1525 milii
1146 1495 1247 1525 adime
1271 1506 1354 1535 spem
1377 1496 1424 1526 tui
1450 1498 1588 1528 mollien-

739 1568 975 1580 eeeeeeeeeeee

131 1632 173 1653 εκ
206 1621 312 1653 tribus
340 1622 475 1662 scriptis
506 1631 567 1662 pro
603 1623 694 1662 vulg.
733 1624 921 1653 tni.—l70
958 1621 1078 1653 Heius.
1116 1621 1233 1651 mallet
1264 1621 1349 1651 Huic
1375 1625 1587 1661 quoqa—174

132 1665 211 1695 Duo
247 1664 323 1694 libri
359 1665 408 1694 cui
445 1666 497 1694 des
527 1668 707 1703 gru—175
748 1666 791 1696 Ec
828 1665 956 1705 respicis
987 1664 1154 1705 quinque:
1193 1673 1329 1702 praesens
1355 1673 1386 1693 es
1415 1667 1445 1694 et
1475 1665 1589 1703 aspicis

132 1715 211 1737 sex:
250 1706 327 1745 duo,
359 1709 541 1745 proesentem
574 1708 700 1747 respicis
736 1708 856 1738 orbem.-
896 1716 980 1737 unus
1007 1716 1142 1746 praesens
1177 1706 1255 1735 hanc
1294 1706 1428 1745 respicis.
1467 1707 1588 1739 Heius.

132 1749 275 1779 Praesens
296 1749 373 1778 hanc
394 1749 521 1787 respicis
552 1750 654 1780 etiam
694 1750 797 1781 Bern.
823 1750 910 1791 quod
947 1748 1157 1789 praeferrem.
1204 1747 1367 1786 Respicere
1391 1748 1481 1779 enim
1511 1758 1589 1789 pro-

134 1790 244 1830 prium
284 1789 356 1819 Diis
398 1791 598 1821 tutelaribus
635 1792 794 1823 verbum:
838 1797 873 1822 et
915 1792 962 1822 ita
1003 1794 1011 1807 ‘
1039 1792 1190 1821 Fortuna
1230 1790 1426 1829 respiciens’
1470 1791 1587 1823 Romae

133 1833 244 1863 culta:
282 1831 342 1862 sed
367 1831 439 1862 hoec
469 1833 578 1864 obvia.
615 1834 854 1865 Barim—179
887 1835 969 1865 Tres
999 1833 1077 1864 libri
1109 1834 1161 1864 tel.
1187 1842 1316 1872 repone;
1354 1842 1439 1863 unus
1468 1834 1588 1866 relaxa.

793 1928 932 1959 NOTAE

891 2009 969 2035 ante
998 2003 1158 2043 auspiciis
1194 2001 1406 2042 incipiebant
1430 2002 1588 2042 Ethnici3

890 2055 1045 2093 illiusque
1070 2052 1283 2091 dicebantur,
1300 2053 1356 2092 qui
1383 2062 1452 2084 rem
1470 2062 1588 2093 geren·

177 2009 238 2037 170
265 2005 371 2046 Nunc]
395 2007 471 2039 Quo
496 2009 649 2046 tempore
680 2006 834 2044 gravissi-

134 2065 222 2086 mum
239 2066 256 2086 a
273 2056 441 2087 Dalmatis
459 2061 494 2087 et
509 2055 693 2086 Pannoniis
710 2055 833 2085 bellum

133 2111 262 2137 motum
279 2105 389 2136 fuerat
406 2117 412 2136 ε
439 2106 480 2135 de
497 2105 616 2145 quibus
633 2106 712 2136 Dio.
737 2107 833 2136 Com-

132 2161 302 2187 mentator
319 2156 442 2186 nullam
459 2156 622 2195 temporis
644 2156 759 2186 habu-it
784 2165 834 2185 ra-

133 2206 275 2236 tionem.

177 2258 235 2286 171
250 2255 436 2294 Ausonium]
448 2254 632 2293 Tiberium,
644 2254 716 2285 scil.
734 2263 832 2294 quem

135 2306 236 2336 etiam
257 2305 380 2336 bellum
398 2305 554 2335 consulto
575 2304 709 2335 trahere
727 2304 832 2342 suspi-

135 2361 228 2387 catus
244 2361 295 2387 est
311 2355 498 2396 Augustus,
510 2359 548 2386 ut
560 2354 749 2395 legionibus
759 2354 832 2384 diu-

135 2406 201 2436 tius
232 2406 424 2437 succinctus
452 2412 540 2435 essct
556 2416 563 2435 :
615 2405 831 2444 quamobrem

137 2462 257 2485 novum
283 2455 472 2485 exercitum
491 2455 582 2493 lvgit,
599 2458 634 2483 et
655 2453 833 2484 Germani-

137 2513 211 2534 cum
227 2505 327 2535 etiam
346 2506 378 2534 in
396 2504 604 2534 Pannoniam
620 2503 720 2534 misit.

182 2554 241 2581 172
264 2553 398 2592 Lauren]
434 2555 623 2593 Imperator
645 2563 684 2584 ac
708 2553 832 2583 milites

137 2601 382 2639 triumphantes
409 2603 553 2635 laureati
585 2604 701 2634 urbem
723 2603 832 2643 ingrc-

138 2650 329 2681 diebantur.

183 2702 243 2731 174
267 2699 461 2739 Auspicium]
484 2702 576 2733 Nihil
600 2704 662 2736 nisi
682 2703 832 2745 captatis

225 2752 339 2793 Delph.
353 2756 383 2783 et
407 2752 481 2785 Vur.
496 2754 579 2786 Clas.

824 2756 920 2789 Ouid.

890 2103 965 2133 dam
980 2107 1139 2141 tanquam
1152 2106 1269 2131 auctor
1282 2102 1432 2133 curabat.
1452 2102 1588 2143 Pugna-

889 2154 939 2184 vit
956 2153 1058 2191 igitur
1074 2152 1237 2191 Tiberius,
1262 2161 1327 2182 non
1344 2153 1424 2192 suis,
1443 2153 1502 2184 sed
1519 2154 1588 2185 Au-

889 2204 977 2243 gusti
995 2202 1167 2242 auspiciis.

931 2256 990 2284 175
1016 2252 1176 2291 Dimidio]
1213 2252 1268 2283 Sic
1294 2253 1395 2283 etiam
1425 2254 1588 2285 Horatius

889 2303 1030 2334 amicum
1047 2304 1055 2319 ‘
1070 2302 1243 2332 dimidium
1269 2303 1388 2333 animae
1406 2303 1484 2333 suae’
1498 2304 1588 2335 voci-

889 2354 985 2384 tavit.
1023 2354 1088 2384 Hic
1115 2363 1194 2383 vcro
1217 2353 1353 2383 Tiberio
1368 2353 1588 2384 adblanditur

889 2405 993 2444 Naso,
1010 2414 1107 2446 quem
1136 2409 1261 2443 tamen,
1278 2404 1342 2433 nisi
1368 2404 1589 2434 vehementer

887 2452 997 2493 fallor,
1011 2464 1076 2484 non
1095 2454 1140 2483 ita
1157 2463 1268 2483 carum
1283 2453 1408 2483 habuit.

933 2507 989 2535 177
1004 2503 1073 2542 Sic]
1094 2504 1230 2533 Usitata
1247 2501 1390 2531 ibi-mula
1407 2499 1588 2539 vovendis;

887 2556 979 2595 quasi
997 2556 1088 2585 dicat
1104 2564 1110 2583 :
1138 2553 1191 2583 Ita
1214 2557 1406 2581 revertatur
1421 2551 1587 2591 Tiberius,

886 2605 935 2634 ita
963 2604 1104 2634 victoria
1132 2608 1187 2632 tua
1207 2602 1301 2641 sigua
1326 2606 1434 2641 petat,
1455 2603 1518 2632 ake.
1536 2602 1586 2632 uti

887 2654 966 2684 milii
982 2655 1147 2693 ignoscas.

931 2706 989 2734 181
1016 2703 1082 2733 Nec
1102 2700 1274 2740 immemor]
1299 2700 1486 2731 Memorem
1512 2702 1586 2732 vult

1426 2756 1445 2784 7
1470 2753 1500 2783 Ε
