1877 3193
215 140 330 184 2504
707 156 747 187 P.
777 156 934 186 ovum
968 155 1179 187 NASONIS

218 249 323 301 Qui,
343 251 493 293 mortis
513 265 632 293 saevo
654 254 876 305 geminent
896 257 941 294 ut
960 254 1136 295 vulnere
1156 267 1329 305 causas,

274 317 432 359 Omnia
452 322 624 374 vipereo
645 322 818 373 spicula
839 322 942 362 felle
964 323 1121 364 linunt.

218 382 307 425 His
328 398 465 439 eques
486 388 720 427 instructus
740 389 968 440 perterrita
989 390 1153 430 moenia
1172 390 1345 439 lustrat,

274 452 399 493 More
419 455 511 507 lupi
535 456 706 495 clausas
727 456 989 495 circueuntis
1010 469 1128 498 oves.
1613 456 1670 496 20

217 518 280 561 At
299 521 434 560 semel
454 523 643 562 intentus
663 535 797 562 nervo
818 523 928 562 levis
948 537 1074 563 arcus
1096 524 1253 577 equino

271 586 465 628 Vincula
484 601 655 640 semper
674 588 840 628 habens
863 589 1092 630 irresoluta
1120 595 1277 631 manet.

217 652 358 694 Tecta
377 655 516 707 rigent
536 655 637 694 fixis
658 655 795 694 veluti
813 656 975 696 vallata
996 657 1182 709 sagittis,

275 721 498 773 Portaque
517 721 597 761 vix
618 719 742 759 firma
759 726 1001 762 summovet
1022 737 1141 763 arma
1161 737 1272 764 sera.

219 787 349 828 Adde
371 789 456 829 loci
475 788 651 836 faciem,
673 799 753 827 nec
773 787 940 836 fronde,
964 801 1043 828 nec
1065 790 1219 829 arbore
1238 791 1356 842 laet13
1616 792 1672 833 25

276 855 333 896 Et
349 855 465 908 quod
487 856 598 895 iners
619 854 764 908 hyemi
786 855 1056 895 continuatur
1073 856 1237 908 hyems.

219 921 309 962 Hic
330 934 398 961 me
416 925 682 974 pugnantem
704 934 806 962 cum
825 922 1002 975 frigore,
1024 936 1209 976 cumque
1229 923 1418 976 sagittis,

276 987 474 1041 Cumque
493 1002 592 1029 meo
613 989 719 1039 fato,
742 993 895 1043 quarta
914 990 1069 1042 fatigat
1086 990 1253 1044 hyems,

220 1055 330 1095 Fine
353 1059 501 1096 carent
520 1055 743 1109 lacrymae,
766 1056 853 1096 nisi
875 1070 973 1096 cum
995 1060 1147 1110 stupor
1167 1057 1340 1098 obstitit
1361 1057 1474 1098 illis:

274 1122 332 1164 Et
351 1123 508 1163 similis
530 1124 655 1163 morti
677 1127 856 1176 pectora
878 1128 1024 1178 torpor
1044 1124 1188 1165 habet.
1617 1123 1674 1164 30

215 1243 322 1281 plaga,
338 1242 466 1280 tingunt
480 1242 580 1272 onmia
596 1243 658 1272 tela
675 1241 753 1279 selle
767 1243 930 1281 ung-mineo.
979 1244 1078 1283 Eques
1092 1243 1140 1273 his
1155 1243 1289 1282 stipatus
1314 1243 1377 1273 obit
1392 1252 1492 1272 muros
1508 1242 1676 1273 exterritos

217 1287 250 1315 in
266 1286 387 1315 modum
408 1285 472 1323 lupi
487 1284 624 1314 obeuntis
636 1285 764 1323 pecudes
778 1286 906 1316 clausas.
951 1286 996 1315 At
1010 1286 1084 1315 levis
1099 1294 1190 1315 arcus
1201 1286 1292 1314 semel
1306 1286 1441 1314 intentus
1455 1294 1547 1314 nervo
1564 1285 1673 1322 equino

219 1330 283 1357 stat
298 1336 415 1366 semper
429 1326 541 1357 habens
568 1327 688 1356 vim-ula
715 1327 856 1358 astricta.
902 1327 995 1357 Tecta
1020 1327 1146 1357 horrent
1159 1327 1247 1366 quasi
1272 1330 1357 1365 septa
1374 1326 1517 1365 impactis
1540 1326 1677 1365 spiculis,

217 1372 247 1399 et
264 1369 361 1399 valvae
374 1378 458 1407 aegre
473 1369 630 1408 depellunt
651 1378 738 1398 arma
753 1370 831 1399 dura
846 1378 924 1400 sera.
968 1369 1080 1406 AdJ'ice
1097 1369 1215 1407 faciem
1231 1369 1288 1399 loci
1303 1378 1397 1408 neque
1403 1367 1495 1404 foliis
1510 1376 1605 1407 neque
1620 1377 1673 1397 ar-

219 1411 342 1441 boribus
355 1411 448 1441 velati
461 1421 472 1446 ;
495 1414 526 1440 et
537 1412 613 1449 quod
629 1411 733 1451 hyems
745 1411 839 1450 pigra
848 1411 997 1448 jungitur
1018 1411 1129 1451 hyemi.
1178 1411 1299 1445 Quarta
1315 1411 1420 1450 hyems
1433 1409 1483 1440 hic
1499 1419 1544 1440 me
1558 1410 1673 1449 premit

219 1456 388 1484 certantem
414 1462 482 1482 cum
498 1452 638 1490 frigore,
665 1455 695 1482 et
721 1462 788 1482 cum
812 1453 949 1492 spiculis,
976 1457 1005 1483 et
1030 1463 1099 1483 cum
1114 1463 1181 1483 mea
1195 1456 1288 1483 sorte.
1335 1453 1444 1482 Fletus
1458 1455 1527 1482 sunt
1544 1452 1673 1491 assidui,

218 1495 280 1525 nisi
296 1504 365 1525 cum
380 1497 486 1534 torpor
496 1494 566 1524 illos
577 1494 718 1534 impedit,
729 1497 760 1524 et
769 1497 875 1534 stupor
887 1505 946 1534 par
960 1495 1053 1524 morti
1067 1504 1118 1525 cor
1131 1495 1255 1526 insidet.
1286 1494 1421 1524 Beatam
1437 1493 1569 1534 Nioben,
1583 1503 1676 1534 quan-

825 1569 1062 1582 eeeeeeeeeeee

220 1624 387 1654 Var.—l5
413 1621 571 1662 Quinque
587 1620 663 1651 libri
679 1621 775 1662 peric.
793 1625 915 1657 vertor‚·
940 1630 1024 1650 uuus
1037 1623 1238 1652 nector.——l7
1263 1620 1347 1661 Arg.
1365 1621 1425 1651 Cui
1438 1631 1476 1652 m.
1491 1630 1580 1651 ειη-α’
1592 1631 1663 1661 gem
1675 1642 1683 1650 .

220 1667 312 1696 Mor.
340 1665 432 1694 morti
447 1674 519 1695 saev.
537 1663 604 1694 duo
622 1664 678 1694 alii
703 1673 812 1701 saevae;
838 1668 873 1694 et
901 1663 947 1693 R.
974 1666 1169 1694 soeras.-18
1192 1663 1233 1693 In
1263 1664 1371 1694 caseis
1398 1663 1491 1693 libris
1518 1664 1677 1695 Barthius

221 1707 365 1745 invenit,
381 1706 531 1744 sunguine
557 1706 619 1736 tela
635 1707 754 1737 linunt.-
778 1705 868 1746 quod
885 1710 921 1736 et
936 1704 1094 1736 Francof.
1120 1711 1155 1736 et
1182 1706 1330 1746 quinque
1349 1706 1406 1736 alii
1433 1706 1581 1737 habent:
1606 1706 1676 1737 vid.

221 1750 282 1781 lib.
309 1757 358 1779 Ν.
374 1751 405 1779 7.
433 1750 484 1779 36.
507 1749 630 1778 madent
654 1752 745 1778 tres:
770 1748 873 1778 virent
889 1757 972 1778 unus
989 1748 1113 1778 Vossii.
1158 1748 1193 1778 Si
1220 1747 1430 1788 praecedenti
1458 1758 1554 1778 versu
1587 1749 1680 1788 Quis,

221 1792 317 1822 morti
329 1800 426 1821 saevas
441 1791 536 1829 legas
552 1801 560 1819 :
583 1790 676 1830 (nam
692 1791 741 1820 cuz·
757 1794 809 1821 est
834 1790 867 1820 in
899 1789 1060 1830 Argent.)
1076 1790 1178 1820 virent
1205 1794 1322 1830 posset
1348 1790 1450 1821 alicui
1476 1791 1624 1830 placere,
1640 1795 1678 1822 ut

223 1835 310 1864 Met.
328 1842 368 1864 11.
384 1835 459 1863 777.
482 1834 490 1848 ‘
510 1832 659 1863 Pectora
681 1831 760 1862 felle
788 1831 925 1862 virent!
947 1832 1004 1862 Ita
1026 1832 1172 1863 ‘virides
1200 1832 1368 1863 colubros'
1393 1833 1482 1864 dixit
1510 1833 1675 1864 Horatius

224 1876 292 1907 Od.
310 1885 334 1907 1.
349 1877 401 1906 17.
416 1879 451 1905 et
473 1874 482 1891 ‘
502 1875 669 1905 virentem
688 1874 855 1915 Hydram’
872 1874 1047 1905 Claudian.
1065 1874 1098 1905 in
1116 1873 1228 1906 Rufin.
1245 1885 1270 1906 1.
1287 1878 1360 1906 292.
1388 1875 1512 1905 Eadem
1531 1875 1677 1906 varietas

222 1917 299 1949 Art.
323 1926 363 1949 11.
389 1920 462 1948 520.
478 1916 532 1947 hic
559 1921 670 1947 tamen
694 1917 776 1947 nihil
802 1920 906 1947 muto.
951 1917 1007 1947 lta
1027 1917 1036 1932 ‘
1052 1917 1123 1948 litae
1147 1916 1228 1948 felle
1255 1917 1405 1958 sagittae'
1433 1916 1558 1948 inf.1v.
1575 1920 1606 1948 9.
1623 1920 1675 1949 83.

224 1961 425 1992 Barim—23
450 1958 549 1990 Siccis
574 1959 656 1990 edit.
679 1960 812 1999 Mycill.
836 1958 925 2000 quod
943 1959 1033 1990 unde
1058 1959 1197 1998 habeat,
1220 1961 1346 1999 nescio,
1370 1964 1417 1999 et,
1434 1969 1542 1990 annon
1560 1969 1678 2000 opera-

223 2012 297 2036 rum
313 2003 358 2033 sit
374 2001 506 2039 vitium,
521 2001 663 2032 dubito:
679 2002 779 2040 jactis
804 2000 951 2041 Argent.
976 2001 1064 2042 quod
1093 2011 1157 2032 non
1183 2002 1388 2042 displicebat
1413 2002 1493 2032 olim
1510 2002 1652 2032 Heinsio
1669 2013 1678 2041 ς

224 2049 262 2075 ut
276 2045 364 2075 Met.
383 2052 463 2075 vul.
480 2046 552 2074 389.
577 2044 797 2085 ‘jaciuntque
813 2044 885 2074 sine
902 2043 1020 2074 ordine
1051 2044 1144 2075 tela.'
1167 2044 1232 2075 Sed
1241 2044 1324 2085 fixis
1346 2044 1399 2074 hic
1414 2049 1480 2083 est,
1496 2045 1678 2084 quaejacta

223 2086 345 2117 sedent
372 2090 408 2116 et
434 2090 571 2116 manent
597 2086 630 2115 in
660 2087 772 2124 tectis,
793 2087 891 2117 etita
907 2086 1055 2126 speciem
1078 2086 1158 2116 valli
1181 2085 1347 2117 referunt.
1393 2087 1485 2117 Male
1502 2087 1604 2117 etiam
1627 2096 1678 2117 ve-

223 2129 290 2157 Ιαίιι
304 2128 453 2158 Sari-avii
479 2131 516 2157 et
544 2132 690 2166 quatuor
713 2128 792 2158 alii:
817 2127 850 2157 in
878 2128 975 2158 Leid.
1003 2133 1090 2167 erat,
1110 2128 1201 2169 fixas
1225 2129 1379 2167 sagittam
1402 2128 1497 2158 Voss.
1516 2130 1676 2167 Excerpt.

224 2172 307 2199 tecta
320 2171 423 2207 rigent
441 2168 536 2198 urbis.
562 2169 670 2207 Epist.
685 2177 760 2198 xvr.
777 2171 852 2199 362.
866 2170 875 2186 ‘
894 2169 1026 2208 Figitur
1040 2170 1178 2208 injusso
1192 2175 1307 2200 nostra
1320 2170 1445 2209 sagitta
1462 2170 1536 2199 loco
1550 2170 1569 2199 :'
1586 2174 1619 2199 et
1635 2177 1676 2198 11.

224 2211 330 2241 Trist.
359 2213 391 2240 7.
424 2213 474 2240 17.
509 2211 517 2226 ‘
535 2210 685 2239 Dextera
716 2219 782 2240 uon
813 2210 926 2248 segnis
962 2209 1029 2239 fixo
1059 2210 1138 2239 dare
1172 2212 1309 2240 vulnera
1349 2211 1482 2241 cult1·o.’
1519 2212 1676 2241 Bur-m.-

226 2254 266 2284 25
284 2251 368 2282 Laeti
384 2252 499 2282 Burni.
515 2251 688 2291 rescripsit
701 2260 742 2281 ex
759 2260 822 2281 uuo
834 2252 875 2282 V.
888 2260 948 2291 pro
965 2252 1053 2291 vulg.
1071 2252 1167 2287 tecti;
1191 2252 1255 2282 duo
1268 2252 1345 2281 libri
1362 2255 1572 2281 tectam—30
1588 2251 1675 2282 Mul-

880 2334 1022 2366 NOTAE

272 2402 312 2432 17
339 2398 521 2439 Geminent]
539 2399 645 2430 Ferro
661 2402 697 2429 et
714 2407 852 2438 veneno,
864 2398 927 2429 sci·
1023 2400 1064 2428 28
1090 2397 1226 2436 Quarta]
1244 2397 1374 2428 Nasoni
1391 2397 1544 2438 adeoque
1562 2397 1589 2428 si
1606 2407 1678 2429 cre-

227 2451 320 2483 licet.
981 2446 1040 2477 das
1069 2455 1131 2486 per
1162 2451 1307 2486 quatuor
1345 2456 1504 2477 annorum
1531 2447 1678 2488 spatium

272 2503 311 2533 21
339 2498 477 2540 Equino]
501 2499 553 2529 Ex
573 2508 737 2539 equorum
764 2498 845 2529 setis
871 2507 927 2538 pa·
981 2496 1133 2535 hyemem
1152 2496 1236 2526 vidit
1262 2496 1467 2538 continuam,
1482 2507 1548 2538 qna
1573 2498 1678 2529 maxi-

232 2553 317 2580 rato.
980 2556 1034 2578 me
1063 2545 1246 2576 infestatus
1272 2546 1326 2577 sit.
1371 2547 1434 2577 Nae
1456 2547 1513 2577 ille
1539 2547 1566 2577 si
1596 2548 1677 2588 quid

274 2601 315 2630 22
343 2598 488 2637 Vincula]
510 2599 566 2629 De
589 2607 686 2630 arcus
710 2607 814 2629 nervo
830 2597 928 2630 intel·
982 2595 1177 2635 concupivit
1208 2595 1386 2635 magnifice
1427 2597 1538 2636 potuit
1566 2597 1678 2628 verbis

232 2649 312 2687 lige,
328 2657 426 2688 quem
442 2657 612 2687 nunquam
628 2648 742 2679 laxent
757 2647 869 2679 Getae.
980 2646 1181 2677 consectari.

275 2700 315 2729 23
345 2696 484 2735 Vallata]
507 2697 613 2727 Vallis
629 2696 749 2728 obsita.
