1877 3193
217 162 333 206 2696
702 175 744 204 P.
778 173 937 205 ovum
970 174 1183 206 NASONIS

1644 273 1671 311 01

218 267 330 310 Cum
350 269 540 324 gelidam
560 269 773 320 Thracen,
795 272 838 310 et
859 273 1060 323 opertum
1082 269 1269 310 nubibus
1292 267 1502 319 Haemon,

273 337 332 379 Et
348 339 478 379 maris
498 338 611 379 Ionii
629 337 880 378 transieritis
896 350 1034 391 aquas
1051 350 1062 389 ;

218 403 336 446 Luce
359 406 503 446 minus
525 405 698 447 decima
718 405 939 445 dominam
960 404 1145 445 venietis
1165 403 1210 444 in
1232 401 1412 452 Urbem,

273 471 335 513 Ut
354 473 600 513 festinatum
614 486 702 513 non
722 471 894 512 faciatis
914 473 1007 512 iter.

218 539 427 582 Protinus
447 541 547 581 inde
568 540 723 582 domus
743 540 871 582 vobis
893 539 1108 592 Pompeia
1127 541 1327 592 petatur:

276 607 382 649 Non
405 611 472 649 est
490 607 691 660 Augusto
707 608 898 661 junctior
917 607 1005 647 ulla
1027 606 1159 647 Foro.

219 675 267 717 Si
290 676 405 728 quis,
426 680 474 716 ut
492 677 537 716 in
557 675 738 729 populo,
760 674 833 726 qui
853 674 966 723 sitis,
988 677 1032 715 et
1051 673 1182 724 undo,
1203 673 1388 727 requiret
1410 687 1418 714 ε

275 742 470 783 Nomina
490 742 675 794 decepta
694 741 907 794 quaelibet
929 753 1030 782 aure
1049 740 1172 781 serat.

226 808 282 850 Ut
303 810 359 850 sit
375 810 489 850 enim
509 811 664 858 tutum,
686 809 799 849 sicut
819 820 918 848 reor
937 820 1049 857 esse,
1069 807 1195 848 fateri
1212 820 1222 857 ;

277 876 428 917 Verba
447 877 593 917 minus
616 879 729 916 certe
751 875 858 916 ficta
878 875 1045 916 timoris
1065 874 1241 914 habent.

220 942 363 995 Copia
382 956 463 983 nec
486 943 613 984 vobis
633 943 726 983 ullo
747 943 1002 996 prohibente
1022 941 1201 985 videndi

275 1009 497 1061 Consulis,
519 1013 568 1051 ut
587 1010 718 1050 limen
739 1009 1022 1062 contigeritis,
1044 1009 1138 1050 erit.

218 1075 310 1118 Aut
327 1081 447 1130 reget
466 1077 537 1118 ille
557 1090 666 1118 suos
687 1077 872 1118 dicendo
887 1077 989 1130 jura
1010 1075 1224 1127 Quirites,

275 1143 576 1198 Conspicuum
599 1144 735 1197 signis
756 1157 858 1185 cum
878 1146 1046 1197 premet
1068 1143 1183 1184 altus
1207 1141 1343 1183 ebur:

1618 606 1674 646 10

217 1262 286 1293 77770
300 1262 432 1303 hyemali
444 1262 620 1294 abscondita
636 1266 692 1294 est.
737 1262 905 1302 Postquam
918 1263 1137 1303 superaveritis
1156 1261 1292 1292 Thracen
1299 1261 1470 1300 frigidam,
1493 1263 1523 1291 et
1540 1259 1673 1291 Hoemon

217 1308 331 1335 tectum
347 1305 486 1344 nubibus,
509 1308 537 1335 et
552 1315 647 1345 aquas
661 1305 757 1335 maris
771 1305 865 1344 1077ὶί,
880 1305 930 1334 die
943 1306 1046 1335 minus
1060 1305 1179 1334 decima
1202 1304 1383 1343 oppulentis
1397 1304 1429 1333 in
1447 1303 1560 1334 Urbem
1575 1303 1673 1333 domi·

216 1357 300 1386 7777777,
324 1347 462 1387 quamvis
476 1357 536 1377 77077
558 1347 730 1388 properetis
752 1350 806 1377 aut
831 1347 1006 1377 acceleretis
1020 1347 1091 1377 iter.
1137 1346 1214 1376 Inde
1236 1345 1378 1375 continuo
1401 1346 1506 1375 domus
1522 1345 1672 1384 Pompeia

216 1390 406 1429 requiratur.
452 1390 548 1421 Nulla
563 1393 609 1419 est
620 1389 820 1430 propinquior
837 1389 910 1427 foro
930 1390 1086 1427 Augusto.
1130 1387 1168 1418 Si
1191 1387 1270 1427 quis,
1294 1390 1328 1417 ut
1342 1388 1376 1417 in
1398 1387 1495 1426 plebe,
1508 1389 1596 1426 petat
1619 1387 1671 1426 qui

217 1432 288 1461 sitis
301 1434 331 1462 et
343 1433 446 1468 unde3
468 1434 603 1470 reportet
618 1431 733 1471 quaeiis
748 1431 871 1462 nomina
879 1440 952 1460 aure
966 1432 1079 1461 delusa.
1127 1429 1276 1476 Quamvis
1288 1429 1369 1459 enim
1377 1430 1418 1459 sit
1429 1438 1576 1467 securum,
1591 1429 1671 1459 sicut

216 1483 272 1510 ego
288 1473 443 1511 existimo,
466 1482 571 1503 rerum
587 1482 761 1511 agnoscere,
777 1481 848 1502 sanc
871 1482 958 1503 voces
973 1472 1068 1509 fnlsoe
1084 1471 1194 1501 habent
1209 1471 1310 1501 minus
1325 1470 1517 1507 formidinis.
1562 1471 1671 1510 Neque

217 1515 320 1545 licebit
334 1514 417 1545 vobis
431 1515 519 1544 adire
537 1515 696 1545 Consulem
712 1515 773 1545 ullo
783 1513 935 1551 obstante,
948 1523 1016 1543 cum
1028 1515 1069 1543 ad
1082 1513 1194 1543 ostium
1209 1512 1365 1543 veneritis.
1407 1512 1472 1542 Aut
1488 1512 1538 1542 ille
1552 1512 1672 1543 curabit

217 1566 284 1587 suos
301 1558 453 1588 Romanos
466 1557 597 1588 declax-m
599 1558 646 1588 7710
653 1556 730 1596 jura
741 1566 808 1588 cum
823 1556 960 1586 sublimis
982 1555 1134 1586 innitetur
1149 1554 1232 1585 ebori
1247 1554 1366 1593 insigni
1380 1554 1500 1595 figuris
1515 1557 1545 1584 et
1560 1554 1671 1594 imagi-

832 1628 1063 1641 maemum

217 1684 283 1715 Ed.
302 1683 357 1714 alii
373 1683 538 1720 Hoenzum;
560 1684 628 1715 Ms.
648 1684 782 1715 Bersm.
810 1685 952 1720 OEthen;
983 1688 1019 1716 et
1044 1684 1125 1716 Jun.
1144 1684 1315 1714 (Elem—7
1340 1683 1434 1714 Unus
1453 1682 1574 1714 Heins.
1590 1682 1672 1714 dmn.

217 1727 350 1757 veniatis
373 1727 484 1758 in.-9
508 1726 599 1758 Octo
619 1727 738 1767 scripti
754 1732 789 1758 et
805 1737 857 1767 pr.
883 1727 947 1758 Ed.
972 1728 1084 1766 Pomp.
1097 1729 1316 1767 petitura—10
1339 1726 1379 1756 Iu
1396 1726 1468 1756 aliis
1480 1725 1672 1764 Augusti.—

220 1772 257 1799 11
295 1769 347 1799 Ex
373 1769 568 1800 melioribus
593 1770 710 1801 Burin,
738 1769 913 1810 rescripsit
937 1770 1071 1810 requiret
1097 1779 1157 1810 pro
1188 1769 1278 1809 vulg.
1307 1769 1540 1809 requirat.--l2
1577 1768 1671 1800 Leid.

218 1811 352 1849 qualibet
378 1821 444 1843 aur.
460 1810 641 1849 feret.—-13
667 1812 736 1852 Ipse
759 1822 821 1852 pro
847 1822 911 1844 esse
935 1812 970 1843 in
993 1812 1077 1844 Cod.
1104 1812 1146 1842 P.
1176 1812 1350 1842 Dan.—l5
1379 1812 1447 1842 Ullo
1473 1819 1514 1840 ex
1540 1810 1620 1842 Jun.
1637 1814 1671 1840 et

220 1859 326 1893 postr.
344 1853 460 1886 Aldin.
475 1864 551 1886 cum
574 1855 705 1896 Gryph.
722 1855 810 1887 Edd.
827 1856 942 1896 placet
965 1855 1084 1887 Heins.
1101 1864 1172 1895 prae
1188 1854 1279 1895 vulg.
1293 1854 1473 1886 nullm—18
1494 1852 1576 1883 Tres
1592 1852 1670 1883 libri

871 1950 1017 1985 NOTAE

262 2025 279 2051 5
308 2021 464 2063 Thracen]
486 2021 627 2054 Thracia
638 2023 732 2065 regio
744 2027 796 2055 est
806 2024 919 2065 ampla
971 2022 1118 2056 refertur
1135 2032 1155 2054 a
1169 2022 1292 2055 Plinio.

218 2071 364 2111 Europae
381 2080 400 2102 a
415 2072 618 2104 Macedonia
629 2073 918 2114 Septemtrionem
1016 2077 1054 2106 11
1084 2075 1127 2105 Ut
1153 2075 1186 2105 in
1210 2072 1333 2115 populo]
1377 2070 1668 2106 Quemadmodum

220 2129 336 2149 versus
367 2121 401 2151 in
431 2126 542 2152 ortum
573 2128 746 2164 porrecta,
775 2134 841 2165 qua
873 2132 917 2155 ex

219 2168 331 2199 Ponto
350 2168 382 2198 in
399 2170 532 2201 Italiam
546 2171 611 2202 iter
625 2176 709 2204 erar.

267 2218 412 2259 Haemon]
446 2220 546 2250 Mons
559 2225 613 2252 est
626 2221 806 2253 altissimus
816 2222 917 2253 Thra-

220 2275 294 2297 cun.

263 2320 282 2346 (i
308 2316 404 2357 Ionii]
443 2316 535 2349 Illud
566 2320 619 2349 est
645 2318 734 2360 quod
767 2319 916 2352 Siciliam

218 2366 308 2396 inter
323 2370 359 2396 et
375 2366 546 2398 Graeciam
564 2371 670 2407 patet.

262 2420 279 2446 7
307 2415 452 2456 Decima]
482 2417 668 2459 Postquam
691 2426 782 2449 mare
799 2418 918 2449 transi·

219 2467 313 2498 eritis
325 2466 470 2498 Ionium.

262 2520 280 2547 8
309 2516 566 2558 Utsestinatum]
592 2518 916 2560 Quamvisnonpro-

219 2567 358 2605 peretis.

263 2618 301 2646 10
336 2616 496 2657 Augusto]
539 2617 703 2649 ,Iunctum
734 2617 799 2650 suit
827 2617 916 2649 istud

219 2666 327 2696 torum
356 2666 428 2698 soro
455 2668 611 2709 Caesaris,
641 2668 730 2710 qnod
759 2669 857 2701 hodie
883 2669 917 2699 in

217 2715 333 2747 hortos
344 2721 518 2750 inntatnni.
538 2719 632 2750 Inter
642 2720 803 2751 miracula
814 2719 918 2752 Urbis

970 2123 1115 2165 populus
1132 2124 1219 2155 solet
1233 2123 1415 2164 requirere.

1016 2176 1056 2204 12
1081 2172 1248 2213 Quoetibet]
1278 2171 1415 2205 Quaevis
1432 2171 1667 2211 alia,excepto

971 2231 1066 2254 vere.

1015 2274 1055 2303 14
1078 2272 1187 2302 Minus
1201 2270 1336 2310 timoris]
1366 2270 1488 2300 Nullus
1509 2278 1669 2309 namque,

972 2321 999 2352 si
1013 2321 1223 2353 intellexerit
1234 2321 1350 2352 Ovidii
1362 2320 1469 2351 exulis
1485 2329 1560 2350 esse
1573 2319 1668 2351 libel-

971 2372 1034 2412 los,
1049 2372 1159 2402 nullus
1175 2380 1216 2402 ea
1232 2380 1335 2401 causa
1351 2369 1494 2401 infestus
1508 2369 1625 2400 fuerit.

1014 2423 1052 2452 15
1078 2421 1146 2452 Nec
1156 2420 1233 2460 erit]
1250 2420 1350 2460 Quia,
1363 2419 1509 2459 scilicet,
1523 2419 1667 2460 negotiis

971 2470 1126 2503 districto
1155 2471 1312 2509 Consule,
1339 2478 1527 2510 quanquam
1559 2470 1669 2501 nullus

972 2520 1101 2552 aditum
1128 2519 1315 2560 prohibeat,
1335 2528 1395 2559 per
1423 2519 1478 2550 illa
1505 2519 1671 2551 accedere

971 2580 1038 2602 non
1055 2571 1148 2601 licet.

1015 2623 1053 2652 17
1078 2620 1151 2659 Ille]
1176 2620 1299 2651 Consul
1315 2619 1510 2660 Pompeius.

1014 2673 1053 2701 18
1079 2669 1180 2709 Ebur]
1207 2670 1332 2701 Sellam
1359 2669 1542 2701 eburneam
1565 2673 1599 2701 et
1614 2678 1670 2701 cn-

970 2719 1076 2751 rnlem
1095 2719 1194 2751 variis
1210 2718 1325 2760 figuris
1342 2718 1552 2751 distinctam.
