1877 3193
230 150 346 194 2472
716 165 758 194 P.
790 163 950 194 ovmn
985 161 1198 193 NASoms

232 257 307 300 Sic
325 270 442 307 mea,
460 259 553 311 lege
569 258 671 301 data
690 260 837 301 vincta
859 262 990 312 atque
1010 259 1195 309 inclusa,
1215 257 1373 300 Thalia

289 324 376 365 Per
395 325 566 366 titulum
590 327 713 367 vetiti
734 327 921 366 nominis
942 328 1001 366 ire
1024 326 1160 379 cupit.

233 391 304 433 Ne
322 396 465 433 tamen
488 393 630 433 officio
651 395 857 433 memoris
874 392 1053 433 laedaris
1075 392 1223 442 amici,

290 459 461 500 Parebo
477 459 617 512 jussis
647 460 800 514 (parce
821 458 993 512 timere)
1023 461 1126 500 tuis.

233 525 294 567 At
313 540 400 567 non
422 540 633 579 parerem,
653 528 738 566 nisi
761 527 799 566 si
820 526 1070 566 meminisse
1090 529 1283 579 putares.
1629 524 1686 565 35

291 593 395 635 Hoc
418 595 533 646 quod
555 607 642 634 non
662 594 859 646 prohibet
879 606 970 633 vox
990 597 1091 645 tua3
1123 597 1272 646 gratus
1293 606 1378 634 ero.

236 660 441 714 Dumque
472 660 611 713 (quod
634 674 660 699 o
681 661 809 699 breve
834 661 889 699 sit
907 658 941 712 !)
969 660 1117 700 lumen
1138 660 1282 701 solare
1300 660 1473 709 videbo,

292 728 460 769 Serviet
481 728 625 768 officio
649 727 828 778 spiritus
849 726 933 765 iste
952 729 1039 767 tuo.

233 852 334 890 aperti
345 862 357 888 ;
378 851 425 882 ita
442 862 507 883 mea
523 852 628 890 Musa,
644 854 766 881 retenta
780 854 870 890 atque
884 860 1022 890 repressa
1038 851 1105 889 lege
1117 850 1272 891 imposita,
1284 855 1370 891 optat
1381 853 1465 892 sequi
1481 853 1585 884 laudes
1596 853 1695 884 nomi-

234 894 283 923 nis
294 894 457 933 prohibiti.
504 895 552 925 Ne
579 898 678 924 tamen
693 894 772 924 male
793 893 950 924 inumeris
965 894 1062 934 officio
1076 895 1164 932 grati
1179 894 1284 933 amici,
1299 894 1363 924 noli
1378 899 1521 935 metuere,
1542 895 1693 934 obtempe-

234 936 307 966 rabo
324 937 479 967 mandatis
498 937 572 968 tuis.
619 939 662 967 At
686 946 746 966 non
773 936 962 975 obsequerer,
987 936 1048 966 uisi
1073 936 1099 966 si
1119 937 1256 966 crederes
1270 946 1316 966 me
1330 946 1492 968 memorem
1507 947 1581 969 esse.
1627 939 1693 968 Ero

234 988 359 1014 memor,
377 980 454 1018 quod
457 979 577 1017 jussum
592 982 676 1009 tuum
692 989 751 1009 non
766 982 860 1009 vetat.
907 979 951 1008 Et
964 978 1108 1018 quamdiu
1124 979 1270 1020 aspiciam
1283 978 1384 1010 lumen
1400 979 1495 1021 Solis,
1509 981 1587 1020 quod
1597 990 1613 1010 ο
1629 980 1697 1010 bre·

234 1030 270 1051 ve
285 1021 325 1051 sit
339 1021 354 1052 l
377 1022 438 1052 ista
454 1022 559 1053 atzima
573 1023 681 1052 devota
696 1022 757 1052 erit
773 1021 901 1052 servitio
915 1023 980 1052 tuo.

846 1117 1084 1129 eeeeeeeeeeee

237 1179 329 1210 rinct.
344 1180 426 1210 Tres
441 1180 544 1211 etiam
559 1181 665 1211 indus.
684 1182 852 1219 Camoemz;
875 1186 910 1213 et
927 1182 1003 1212 Pal.
1022 1186 1057 1213 et
1073 1182 1115 1212 V.
1132 1183 1367 1213 voluntas.»35
1387 1183 1461 1213 Nisi
1475 1182 1503 1213 si
1519 1192 1560 1214 ex
1575 1181 1696 1213 Heius,

239 1221 373 1251 emend.
391 1223 481 1261 vulg.
499 1223 611 1253 sinon.
635 1224 735 1254 Multi
761 1233 802 1253 ex
826 1225 966 1263 scriptis
989 1224 1050 1254 m‘si
1064 1234 1126 1254 mm
1140 1225 1193 1254 vel
1205 1225 1266 1254 nisi
1279 1234 1346 1260 me;
1371 1225 1437 1255 duo
1452 1226 1537 1255 nisi:
1561 1229 1596 1256 et
1613 1234 1696 1255 unus

237 1265 384 1294 meruisse
397 1268 464 1303 put.
478 1265 486 1280 ‘
499 1264 729 1295 Broukhusius
745 1266 902 1305 malebat,
912 1265 949 1295 Si
963 1275 1023 1296 mm
1036 1266 1206 1296 meminisse
1218 1270 1356 1296 vetares:
1377 1265 1477 1303 forte,
1491 1268 1535 1297 At
1546 1277 1577 1297 n.
1591 1277 1622 1306 p.
1634 1267 1698 1297 nisi

239 1309 269 1336 te
285 1307 430 1337 meruisse
451 1310 611 1346 putarem:
635 1307 704 1345 vel,
720 1307 765 1338 At
786 1317 815 1338 n.
837 1318 872 1348 p.
889 1307 950 1338 nisi
973 1317 1019 1337 me
1034 1317 1216 1337 memorasse
1229 1312 1382 1346 putarem,
1398 1309 1436 1337 Si
1452 1319 1508 1347 quo
1524 1319 1583 1338 mm
1596 1319 1627 1347 p.
1645 1309 1698 1338 lex

240 1351 439 1388 Iua,gratns,
454 1359 497 1380 eo.
544 1350 578 1379 Si
603 1349 674 1380 sine
695 1349 829 1380 nomine
846 1360 887 1381 eo
906 1358 1011 1390 usque
1028 1349 1078 1379 tui
1094 1349 1333 1388 meminissem,
1364 1356 1479 1388 gratus
1496 1360 1558 1389 pro
1576 1354 1626 1380 tot
1642 1349 1698 1380 be-

240 1391 380 1426 neficiis,
398 1401 463 1431 quo
479 1393 533 1422 lex
561 1397 619 1422 tua
634 1401 687 1422 me
704 1391 863 1431 progredi
891 1402 958 1422 non
976 1391 1159 1432 prohibet!
1182 1391 1377 1422 Barim—37
1403 1392 1442 1421 In
1459 1392 1605 1432 vulgatis
1621 1393 1696 1423 lum.

240 1433 333 1463 vitale
349 1433 453 1463 videbo
464 1444 477 1470 ‚·
500 1439 566 1464 tres
576 1434 651 1464 libri
668 1434 784 1472 natale,
801 1438 837 1464 et
853 1434 983 1465 Richel.
999 1435 1108 1471 solare,
1122 1434 1247 1463 videbo:
1271 1433 1359 1464 Edd.
1374 1443 1424 1473 pr.
1436 1435 1546 1474 solare,
1563 1438 1596 1465 et
1617 1439 1695 1465 octo

241 1476 361 1514 scripti
388 1476 494 1515 vitale,
519 1476 623 1505 tenebo
635 1487 646 1506 .·
670 1485 752 1505 unus
777 1475 880 1506 etiam
908 1475 1025 1506 docebo.
1061 1475 1181 1507 Heius.
1208 1476 1296 1516 conj.
1323 1477 1397 1507 lum.
1424 1478 1520 1507 solare
1536 1476 1696 1509 tuebor.—

241 1520 281 1546 38
309 1518 345 1548 V.
362 1521 397 1548 et
409 1517 479 1548 Ma.
502 1518 577 1557 spir.
590 1518 655 1558 ipse
671 1527 758 1555 meo;
784 1521 818 1548 et
835 1517 973 1558 plurimi
986 1517 1051 1557 ipse
1068 1518 1139 1547 duo.

896 1624 1041 1657 NOTAE

284 1712 321 1739 31
350 1709 473 1749 Thalia]
504 1710 589 1743 Quae
604 1710 781 1741 Musarum
798 1714 851 1741 est
863 1719 940 1741 una.
998 1708 1183 1750 proferam.

285 1762 325 1789 32
355 1758 469 1797 Vetiti]
494 1759 567 1799 Tui,
590 1759 734 1800 scilicet,
750 1759 839 1800 quod
865 1769 941 1800 pro·
1040 1763 1079 1791 35
1106 1759 1303 1800 Meminisse]
1320 1760 1508 1792 Memorem
1522 1769 1608 1792 esse.
1631 1759 1698 1793 Vix

241 1808 337 1837 hibes
349 1807 469 1838 libellis
484 1808 643 1841 inserere.
997 1810 1087 1840 enim
1105 1819 1287 1850 generosus
1303 1812 1479 1852 quisquam
1496 1810 1698 1842 beneficium

286 1862 325 1890 33
353 1860 476 1900 Officio]
514 1861 549 1891 Si
575 1865 651 1892 tuas
673 1861 789 1892 laudes
813 1864 943 1902 aperte,
997 1870 1016 1891 a
1033 1870 1203 1902 quoquam
1220 1861 1304 1892 velit
1319 1859 1590 1902 accipere,quod
1605 1862 1701 1902 quasi

243 1911 444 1951 prolatoque
459 1911 603 1951 nomine,
621 1911 890 1951 praedicaverim.
997 1912 1171 1952 perditum
1201 1915 1237 1943 et
1266 1912 1465 1952 absorptum
1494 1911 1536 1942 ab
1566 1911 1699 1953 ingrato

286 1960 441 2000 Loedaris]
463 1961 643 2002 Jamsaepe
660 1961 741 2002 dixi,
756 1962 943 2002 periculum
997 1961 1165 1994 videatur.

245 2010 308 2040 fuit
325 2020 364 2041 ne
380 2011 414 2041 in
431 2010 573 2042 Caesaris
596 2010 816 2043 offensionem
832 2012 942 2043 incur·
1040 2014 1081 2043 37
1105 2011 1225 2051 Breve]
1262 2011 1402 2052 Optime
1419 2011 1571 2052 adeoque
1594 2012 1701 2044 sensit

248 2066 336 2090 reret
366 2060 516 2101 quisquis
554 2061 683 2093 Nasoni
720 2062 811 2093 exuli
845 2062 943 2094 nimis
997 2061 1119 2102 Poeta,
1131 2062 1258 2093 homini
1271 2061 1461 2102 nonlicere,
1475 2061 1702 2103 prolibidine,

249 2115 365 2148 :ipen-te
382 2109 523 2141 faveret.
997 2112 1108 2143 locum
1134 2116 1169 2143 et
1198 2111 1379 2143 stationem
1409 2121 1502 2143 suam
1527 2111 1699 2151 deserere,

289 2162 328 2189 34
355 2159 492 2198 Timere]
529 2159 582 2191 Ne
604 2158 694 2192 forte
712 2168 833 2192 nomen
849 2165 942 2194 tuum
997 2166 1056 2193 aut
1070 2166 1213 2197 mortem
1228 2166 1404 2203 oppetere.
