1877 3193
564 179 721 212 Episr.
756 180 821 211 ux
857 180 1014 211 ΡοΝἰό
1049 181 1144 212 mn.
1176 181 1251 212 ιιι.
1281 170 1326 211 5.
1551 172 1664 216 2661

216 273 351 315 Plura
370 274 448 315 sed
467 274 565 316 haec
585 273 674 315 feci
695 274 930 328 relegendo
950 285 1102 329 saepe3
1131 287 1211 317 nec
1231 285 1425 330 unquam

273 340 376 381 Non
396 341 515 390 mihi,
537 355 670 395 quam
690 343 847 395 primo,
868 347 990 396 grata
1006 344 1123 384 fuere
1141 343 1300 396 magis.

215 405 412 461 Cumque
433 409 541 449 nihil
563 410 694 450 toties
715 410 830 449 lecta
846 422 870 449 e
892 409 1124 449 dulcedine
1144 410 1346 462 perdant,

271 475 453 516 Viribus
475 476 552 515 illa
571 476 682 523 suis,
704 488 791 515 non
812 475 1018 523 novitate,
1035 475 1225 526 placent.

214 540 400 591 Felices,
420 542 579 594 quibus
600 542 695 581 haec
718 541 818 593 ipso
840 552 1102 592 cognoscere
1122 541 1166 580 in
1187 544 1307 591 actu,
1612 543 1667 585 15

225 608 232 620 ⁸
269 607 326 647 Et
346 611 431 647 tam
453 607 640 648 facundo
662 606 845 659 contigit
865 604 945 646 ore*
959 606 1041 647 frui
1059 607 1069 647 Ι

213 673 329 715 Nam
353 688 605 728 quanquam
628 687 761 727 sapor
782 677 849 714 est
870 674 1003 715 allata
1022 673 1166 715 dulcis
1186 675 1231 716 in
1249 674 1383 727 unda,

267 740 449 782 Gratius
465 755 522 782 ex
543 743 643 796 ipso
663 742 783 783 fonte
803 742 1011 782 bibuntur
1032 755 1177 795 aquae.

210 807 267 850 Et
287 810 427 863 magis
448 810 639 851 adducto
661 822 843 863 pomum
864 809 1093 863 decerpere
1113 823 1253 860 ramo,

267 874 415 926 Quam
434 877 489 918 de
509 877 671 918 coelata
692 890 864 918 sumere
884 877 1011 918 lance
1024 877 1172 931 juvat.
1608 877 1663 919 20

209 941 271 984 At
290 945 368 985 nisi
390 957 658 997 peccassem,
679 944 765 985 nisi
784 957 853 984 me
873 957 971 985 mea
992 945 1129 986 Musa
1147 945 1360 999 fugasset,

265 1009 399 1060 Quod
421 1011 525 1062 legi,
548 1015 622 1051 tua
642 1023 729 1051 vox
749 1011 1018 1052 exhibuisset
1039 1025 1169 1065 opus.

208 1075 358 1130 thue
377 1077 437 1118 fui
459 1078 628 1127 solitus,
651 1077 861 1118 sedissem
883 1078 1066 1120 forsitan
1091 1091 1206 1121 unus

264 1145 334 1185 De
355 1149 526 1186 centum
542 1145 687 1199 Judex
707 1145 752 1185 in
773 1149 847 1186 tua
868 1146 1003 1186 verba
1026 1147 1145 1187 viris.

203 1256 294 1286 horas
308 1255 385 1285 satis
398 1256 524 1293 multas,
547 1256 632 1286 doleo
640 1255 742 1294 fuisse
755 1267 863 1296 pauca.
913 1257 1026 1289 Verum
1041 1257 1109 1295 feci
1125 1266 1160 1288 ea
1173 1258 1264 1296 plura
1280 1256 1440 1295 relegendo
1454 1265 1545 1295 scepe,
1567 1265 1662 1295 neque

204 1297 479 1337 unquamsuerunt
494 1298 571 1328 mihi
594 1308 653 1328 non
676 1300 779 1337 magis
803 1302 928 1339 accepta
943 1299 1158 1339 quamprimo.
1205 1299 1249 1330 Et
1273 1309 1342 1329 cum
1364 1299 1456 1329 toties
1482 1299 1561 1329 lecta
1584 1298 1665 1328 nihil

202 1340 349 1370 amittant
364 1340 401 1369 de
416 1349 475 1370 sua
481 1340 692 1378 jucunditate,
710 1342 764 1371 illa
775 1346 872 1380 grata
883 1345 954 1372 sunt
968 1342 1034 1372 suis
1047 1342 1165 1373 viribus
1177 1352 1238 1372 non
1253 1342 1399 1372 novitate.
1444 1341 1539 1371 Beati
1555 1339 1664 1380 quibus

199 1381 287 1412 licuit
303 1391 479 1420 cognoscere
493 1382 559 1413 hoec
573 1383 606 1413 in
623 1383 688 1422 ipso
703 1387 785 1421 actu,
809 1388 840 1414 et
855 1384 927 1422 frui
944 1395 995 1416 ore
1010 1388 1074 1415 tam
1099 1384 1242 1415 diserto!
1276 1384 1360 1414 Nam
1372 1383 1499 1414 tametsi
1513 1393 1603 1423 sapor
1619 1393 1649 1413 es
1637 1386 1663 1412 ee

199 1427 312 1463 gratus
325 1425 357 1455 in
370 1434 448 1465 aqua
462 1425 570 1463 allata,
583 1425 683 1465 liquor
697 1407 824 1456 ducitur
836 1427 962 1464 gratius
977 1437 1017 1458 ex
1030 1427 1097 1466 ipsa
1111 1426 1321 1464 scaturigine.-
1344 1430 1437 1465 atque
1452 1426 1551 1464 magis
1563 1427 1664 1464 platee

200 1467 340 1507 deripere
352 1477 473 1507 pomum
496 1477 581 1498 ramo
603 1469 748 1505 adducto,
774 1479 865 1507 quum
886 1472 990 1508 petere
1005 1479 1045 1499 ex
1067 1469 1178 1508 patina
1192 1470 1322 1508 sculpta.
1365 1470 1412 1499 At
1426 1468 1489 1499 m'si
1503 1478 1664 1506 evmrussem

201 1509 261 1540 m'si
277 1519 342 1540 mea
359 1510 454 1540 Musa
478 1519 524 1539 me
548 1510 698 1547 ejecisset,
721 1519 781 1539 τως
804 1514 860 1540 tua
884 1511 1042 1541 obtulisset
1066 1520 1141 1550 opus
1165 1512 1245 1549 quod
1261 1510 1335 1549 legi.
1379 1511 1425 1540 Et
1441 1511 1494 1540 ubi
1509 1510 1661 1549 consuevi,

195 1551 282 1589 forte
307 1553 475 1583 astitissem
498 1561 577 1582 unus
591 1551 711 1583 arbiter
735 1561 774 1582 ex
789 1556 910 1583 centum
925 1553 1002 1583 viris
1018 1554 1051 1583 in
1076 1556 1130 1583 tua
1153 1553 1248 1584 dic-,ta
1291 1554 1394 1592 Atque
1409 1553 1505 1591 major
1519 1554 1657 1593 voluptas

815 1626 1050 1638 eeeeeeeeee

200 1671 282 1700 ——ll
308 1668 390 1699 Hoec
405 1669 506 1708 paulo
524 1671 600 1709 post
611 1668 781 1709 sequitur3
815 1677 919 1709 quare
935 1668 1153 1699 scribendum
1167 1670 1220 1699 sed
1242 1669 1429 1708 effeci—12
1456 1670 1664 1709 Non...magis

202 1711 322 1742 Heius.
340 1711 436 1742 dedit
451 1720 493 1741 ex
517 1711 602 1751 Arg.
620 1716 655 1742 et
673 1711 790 1742 decem
809 1711 901 1741 aliis:
925 1710 959 1740 in
983 1711 1126 1751 vulgatis
1145 1716 1220 1742 erat
1237 1712 1473 1743 Haec...mimts:
1497 1712 1662 1752 Scaliger.

201 1754 286 1785 Cod.
303 1754 378 1784 Pol.
396 1758 432 1784 et
446 1758 592 1794 quatuor
619 1758 792 1794 praeterea
818 1753 1126 1784 Non...mz'nus.—-l3
1149 1754 1206 1785 Sic
1226 1754 1346 1786 Heius.
1362 1764 1448 1786 corr,
1464 1764 1507 1785 ex
1522 1754 1607 1795 Arg.
1627 1761 1662 1785 et

200 1796 273 1826 aliis
287 1806 295 1827 :
321 1796 411 1836 vulg.
438 1796 546 1835 Cumq.
561 1806 618 1826 sua
631 1797 723 1827 toties
737 1795 818 1827 nihil
832 1807 872 1827 ex
885 1796 1050 1827 dala—14
1075 1797 1170 1827 Unus
1192 1797 1314 1827 Heius.
1334 1798 1438 1828 valent
1454 1807 1514 1837 pro
1528 1798 1661 1837 placent.

199 1842 283 1869 —15
309 1838 379 1869 Hoc
395 1839 541 1879 quinque
555 1839 632 1869 libri
649 1849 709 1879 pro
727 1839 792 1870 hoec
805 1850 815 1869 .-
838 1840 903 1869 Ms.
920 1839 1053 1869 Boi-sm.
1070 1839 1221 1869 hosa—17
1244 1839 1353 1870 Allata
1369 1839 1488 1871 Heius.
1506 1839 1601 1870 dedit
1618 1849 1660 1869 cx

200 1879 282 1921 Arg.
308 1881 451 1922 aliisque
477 1881 629 1921 plurimis
657 1891 719 1921 pro
745 1882 834 1921 vulg.
857 1880 981 1912 ablata.-
1017 1882 1102 1921 conj.
1126 1881 1230 1912 etiam
1246 1881 1449 1912 oblata.—18
1473 1881 1513 1913 P.
1531 1881 1662 1912 Dulcius

198 1926 334 1955 esa—19
359 1924 444 1955 Lov.
460 1924 581 1954 admoto
597 1933 658 1965 pro
674 1925 818 1955 adducto.
844 1924 927 1954 Mox
944 1924 1032 1955 Mor.
1046 1934 1129 1963 pom.
1152 1924 1324 1964 discerpere
1338 1933 1415 1956 ram.
1432 1929 1468 1955 et
1483 1923 1547 1955 duo
1568 1925 1661 1955 dedi..

858 1997 1001 2029 NOTAE

241 2075 261 2103 9
276 2072 485 2113 Properante]
511 2073 559 2104 Ut
575 2073 685 2105 solent
701 2072 758 2114 qui
773 2071 903 2114 aliquid
955 2071 1103 2104 medium
1119 2072 1287 2113 proferre.

191 2122 379 2162 jucundum
397 2123 525 2163 legunt.

241 2175 280 2203 10
298 2172 434 2212 Multas]
449 2173 497 2204 Ut
509 2174 586 2205 hinc
604 2174 776 2215 copiosum
790 2174 900 2206 Cottae

195 2222 332 2254 dicendi
349 2232 455 2263 genus
471 2223 696 2264 intelligatur.

239 2273 362 2313 Pauca]
386 2274 474 2306 Quia
491 2275 695 2314 gratissima.

238 2325 277 2354 ll
302 2323 492 2363 Relegendo]
516 2324 667 2355 Fatearis
690 2328 829 2364 oportet
852 2324 901 2355 in-

195 2372 284 2413 genii
301 2373 368 2404 vim
385 2383 539 2412 magnam
554 2372 660 2404 fuisse
679 2373 810 2405 Nasoni
828 2383 902 2405 nos-

196 2429 262 2464 tro,
276 2425 332 2466 qui
347 2425 475 2467 aliquid
493 2426 520 2457 si
534 2426 639 2458 vellet
652 2426 764 2457 verbis
778 2434 899 2457 ornare

197 2478 265 2504 tam
282 2473 382 2505 facile
402 2480 526 2515 posset.

241 2524 280 2552 12
304 2523 428 2564 Magis]
454 2524 574 2556 Fuerit
590 2534 672 2565 ergo
689 2525 900 2566 perfectissi-

197 2580 253 2602 ma
275 2571 334 2602 illa
360 2573 469 2603 oratio
495 2583 636 2605 necesse
658 2582 731 2612 θεῖς
754 2586 899 2617 namque

197 2622 268 2661 ejus
300 2620 348 2651 rei
377 2621 467 2652 istud
498 2624 679 2654 maximum
713 2626 896 2657 indicium:

198 2672 287 2712 quod
319 2671 358 2702 iis
388 2672 533 2703 maxime
564 2673 809 2706 observandum
840 2677 898 2717 qui

197 2721 323 2763 aliquid
352 2721 511 2753 memoria
535 2721 672 2763 dignum
700 2726 838 2758 student
865 2727 898 2756 in

999 2126 1039 2154 15
1065 2123 1161 2163 Actu]
1185 2124 1312 2155 Gestus
1325 2123 1415 2154 enim
1438 2126 1474 2155 et
1488 2122 1658 2154 recitandi

954 2173 1086 2212 modus,
1113 2173 1141 2205 si
1171 2173 1279 2205 bonus
1308 2178 1373 2214 est,
1401 2177 1563 2214 quantam
1591 2173 1658 2203 vim

955 2222 1078 2255 afferat
1103 2224 1251 2255 orationi
1278 2222 1416 2255 difficile
1442 2233 1509 2256 non
1533 2228 1585 2255 est
1609 2224 1659 2253 in-

955 2275 1125 2315 telligere.

999 2326 1038 2355 18
1063 2324 1179 2365 Fonte]
1203 2324 1346 2365 Optime
1368 2334 1449 2356 vero
1476 2324 1540 2355 hae
1566 2333 1655 2356 com-

954 2375 1133 2415 paratione
1159 2374 1243 2405 illud
1267 2375 1382 2405 nescio
1398 2374 1477 2415 quid
1503 2373 1658 2412 designat

955 2425 1063 2464 Naso,
1079 2424 1166 2465 quod
1182 2434 1224 2455 ex
1239 2423 1359 2454 intimo
1384 2423 1546 2462 cujusque
1562 2422 1656 2461 iuge-

953 2475 1010 2505 nio
1026 2480 1061 2505 et
1075 2484 1175 2505 sensu
1194 2474 1227 2504 in
1244 2477 1423 2503 accentum
1446 2476 1481 2502 et
1499 2471 1587 2501 vocis
1605 2481 1656 2501 so-

954 2535 1033 2556 num
1050 2525 1238 2563 derivatur,
1263 2527 1299 2553 et
1324 2522 1365 2553 ad
1382 2521 1654 2562 persuadendum

953 2575 1018 2605 vim
1037 2574 1216 2606 maximam
1233 2572 1346 2603 habet.

998 2627 1037 2655 19
1060 2622 1216 2662 Adducto]
1241 2621 1293 2652 Ad
1306 2631 1341 2652 se
1357 2625 1482 2652 tracto.

996 2676 1036 2704 22
1062 2672 1225 2711 Forsitan]
1249 2672 1336 2703 Quia
1361 2676 1394 2702 et
1418 2672 1508 2702 Naso
1527 2672 1559 2702 in
1576 2681 1653 2703 ceu-

956 2729 1024 2755 ίιιιιι
1044 2723 1119 2754 vilis
1137 2722 1213 2762 fuit,
1230 2722 1279 2753 uti
1297 2732 1397 2763 supra
1415 2723 1554 2754 (lictum.
