1877 3193
191 139 308 182 2654
677 152 718 181 P.
753 151 911 181 ovlnu
946 151 1162 183 NAsole

193 246 431 288 Plausibus
451 260 507 288 ex
526 247 640 300 ipsis
661 245 830 300 populi,
852 245 1042 299 laetoque
1064 245 1229 297 favore,

251 313 477 367 Ingenium
499 314 687 367 quodvis
708 313 950 354 incaluisse
971 317 1129 367 potest.
1596 314 1651 356 30

192 380 392 436 Tamque
414 395 495 435 ego
517 382 769 422 sumsissem
787 381 865 422 tali
886 382 1089 435 clangore
1111 382 1322 436 vigorem,

251 448 398 500 Quam
418 449 536 491 rudis
558 449 711 491 audita
731 449 858 489 miles
881 450 938 491 ad
961 463 1079 491 arma
1101 451 1224 492 tuba.

192 515 380 558 Pectora
403 517 488 557 sint
508 517 632 558 nobis
653 517 827 556 nivibus
849 516 1077 570 glacieque
1096 517 1264 567 licebit,

248 582 394 637 Atque
412 584 511 633 hoc,
534 596 663 637 quem
683 583 841 636 patior,
862 583 1086 636 frigidiora
1106 585 1205 626 loco
1225 599 1234 626 z

192 650 279 692 Illa
298 651 438 691 Ducis
461 651 615 699 facies,
638 652 683 690 in
703 662 832 690 curru
853 651 1010 691 stantis
1030 652 1208 702 eburno,
1593 652 1650 693 35

249 718 489 758 Excuteret
508 717 647 769 frigus
668 716 874 755 sensibus
892 729 1017 757 omne
1039 719 1168 759 meis.

193 784 281 825 His
304 797 384 837 ego
406 783 621 832 defectus,
644 782 878 836 dubiisque
900 784 1152 825 auctoribus
1173 798 1294 835 usus,

249 850 321 892 Ad
344 851 470 892 vestri
492 851 620 891 venio
634 849 734 904 jure
753 849 921 890 favoris
942 862 1087 903 opem.

192 917 290 959 Nec
310 917 416 958 mihi
435 921 541 959 nota
560 917 733 968 ducum,
755 931 833 958 nec
855 921 956 958 sunt
975 919 1083 960 mihi
1103 922 1209 960 nota
1226 920 1425 962 locorum

249 985 444 1026 Nomina
461 999 470 1026 :
501 985 729 1026 materiam
751 985 830 1026 vix
849 986 1038 1027 habuere
1059 999 1235 1029 manus.
1597 989 1655 1029 40

192 1053 302 1094 Pars
325 1055 460 1106 quota
481 1053 534 1093 de
556 1053 688 1094 tantis
708 1054 856 1104 rebus,
879 1067 1009 1108 quam
1032 1055 1174 1098 Fama
1191 1055 1367 1106 referre,

248 1118 340 1160 Aut
361 1122 521 1174 aliquis
542 1121 673 1162 nobis
695 1122 885 1162 scribere
907 1126 1074 1175 posset,
1096 1125 1223 1164 erat?

193 1186 294 1237 Quo
315 1189 471 1240 magis,
493 1202 519 1229 o
540 1189 689 1238 lector,
707 1188 840 1228 debes
861 1190 1105 1241 ignoscere,
1133 1192 1172 1232 si
1193 1191 1298 1246 quid

250 1253 452 1296 Erratum
473 1260 540 1296 est
560 1256 666 1304 illic,
690 1256 1015 1308 praeteritumve
1035 1258 1156 1299 mihi.

194 1319 335 1371 Adde,
358 1321 475 1376 quod
499 1321 720 1362 assiduam
741 1321 907 1361 domini
926 1323 1139 1364 meditata
1161 1323 1393 1376 querelam,
1596 1323 1653 1363 45

248 1387 323 1429 Ad
344 1389 497 1430 laetum
519 1402 698 1431 carmen
720 1389 799 1430 vix
819 1401 920 1430 mea
939 1402 1066 1431 versa
1085 1389 1184 1443 lyra
1204 1395 1285 1431 est.

190 1513 332 1543 tulissent
339 1512 428 1550 forte
437 1513 554 1553 aliquid
567 1515 606 1543 ad
616 1514 691 1544 illud
705 1514 823 1553 po'e'ma.
872 1514 1036 1549 Quodlibet
1050 1515 1207 1553 ingenium
1222 1519 1321 1555 potest
1334 1515 1511 1555 efferbuisse
1527 1525 1565 1545 ex
1581 1515 1656 1555 ipsis

189 1555 347 1595 plausibus
362 1559 392 1586 et
408 1556 504 1586 alacri
513 1555 625 1593 fai-ore
638 1556 746 1595 plebis.
790 1557 894 1596 Atque
910 1567 966 1595 ego
983 1560 1046 1587 tam
1061 1559 1207 1595 cepissem
1220 1558 1303 1588 vires
1317 1558 1489 1595 hujusmodi
1505 1559 1653 1588 acclama-

190 1598 337 1637 tionibus,
352 1608 444 1638 quam
459 1599 548 1629 miles
563 1599 744 1638 inexpertus
756 1598 825 1629 belli
839 1599 946 1630 audita
963 1599 1049 1630 tuba.
1097 1600 1234 1630 Tametsi
1249 1610 1300 1630 cor
1315 1603 1389 1630 esset
1404 1599 1490 1629 nobis
1497 1599 1654 1638 frigidius

190 1640 311 1671 nivibus
324 1644 354 1672 et
367 1640 480 1679 glacie,
494 1644 583 1681 atque
601 1641 661 1671 isto
675 1641 751 1679 loco,
767 1641 946 1682 quemfero,
961 1641 1014 1672 ille
1027 1642 1128 1673 vultus
1145 1643 1348 1682 Imperatoris
1361 1642 1497 1673 sedentis
1513 1641 1545 1672 in
1561 1651 1655 1672 curru

191 1682 319 1713 eburneo
336 1684 502 1722 expelleret
529 1694 648 1714 omnem
673 1687 827 1724 torporem
852 1684 990 1714 sensibus
1015 1685 1101 1715 meis.
1152 1686 1218 1724 Ego
1245 1686 1409 1716 destitutus
1433 1685 1513 1722 istis,
1538 1688 1566 1714 ec
1582 1694 1655 1715 usus

191 1725 368 1756 auctoribus
382 1726 511 1756 incertis
533 1736 592 1757 non
607 1726 673 1757 sine
688 1736 779 1758 causa
803 1736 928 1757 recurro
955 1727 993 1757 ad
1009 1726 1164 1758 auxilium
1179 1728 1276 1758 vestri
1295 1727 1431 1766 fai-oris.
1478 1728 1514 1757 N
1552 1737 1587 1757 ue
1603 1737 1656 1757 no·
1688 1766 1691 1767 ⁷

191 1768 276 1798 mina
290 1769 413 1808 ducum,
436 1778 531 1807 neque
557 1769 682 1800 nomina
707 1770 839 1800 locorum
864 1772 938 1800 sunt
964 1769 1042 1800 mihi
1063 1774 1245 1810 perspecta:
1268 1780 1375 1801 manus
1388 1779 1470 1809 (egre
1484 1770 1523 1800 ha
1546 1773 1657 1801 uerunt

191 1815 417 1848 argumentum.
464 1811 566 1846 Quota
576 1821 650 1851 pars
663 1815 730 1843 erat
745 1813 782 1843 de
799 1812 897 1842 tantis
912 1811 1013 1849 rebus,
1029 1822 1121 1852 quam
1133 1812 1220 1852 fama
1231 1817 1332 1853 posset
1346 1822 1477 1844 narrare
1492 1812 1588 1851 nobis,
1600 1816 1655 1843 aut

191 1853 344 1893 quispiam
357 1852 516 1885 scribere?
563 1855 633 1889 Quo
649 1855 762 1894 magis,
789 1865 806 1885 o
822 1855 929 1891 lector,
952 1854 1040 1886 debes
1055 1856 1129 1886 dare
1145 1856 1277 1896 veniam,
1299 1856 1325 1886 si
1342 1855 1416 1895 quid
1430 1858 1476 1885 ext
1493 1855 1535 1885 ibi
1549 1864 1654 1895 pecca-

193 1898 257 1926 tum
273 1899 303 1927 et
315 1897 556 1936 proetermissum
570 1908 588 1927 a
605 1907 663 1929 me.
709 1898 820 1936 Adjice
843 1898 920 1937 quod
937 1907 1004 1928 mea
1020 1898 1100 1938 lyra,
1124 1909 1191 1938 quoe
1215 1899 1354 1929 incubuit
1380 1898 1532 1928 continuae
1554 1897 1656 1937 queri·

193 1938 302 1969 monioe
317 1939 445 1981 domini,
470 1950 554 1979 oegre
570 1944 691 1971 mutata
706 1941 806 1971 estad
823 1939 977 1978 festivum
999 1941 1116 1980 po'e‘ma.
1166 1942 1229 1973 Via·
1255 1942 1335 1972 loetae
1358 1950 1443 1971 voces
1457 1939 1655 1971 recurrebant

807 2024 1044 2036 eeeeeeeeeeee

195 2076 402 2116 Mycill.—28
428 2077 492 2109 Alii
508 2079 585 2110 illud
600 2082 753 2120 ope—29
776 2080 845 2111 Pro
865 2080 979 2119 favore
1010 2079 1131 2112 Heius.
1155 2080 1252 2111 malit
1271 2079 1415 2120 fragore,
1444 2080 1497 2111 vel
1524 2089 1655 2117 canore,-

194 2127 271 2148 nam
298 2120 306 2135 ‘
324 2118 462 2150 favoris'
489 2123 590 2160 paulo
618 2126 694 2161 post
721 2123 974 2162 sequitur.—3l
1002 2124 1157 2162 elongor-e
1182 2133 1223 2154 ex
1251 2123 1386 2163 Fragm.
1411 2123 1493 2153 Lov.
1521 2122 1656 2162 recepit

195 2159 318 2190 Heius.
347 2171 407 2200 pro
435 2164 525 2201 vulg.
552 2165 779 2195 clamore—34
812 2166 879 2195 Ha.
907 2165 976 2203 hoc,
1000 2175 1057 2205 quo
1082 2166 1198 2205 potior,
1212 2165 1386 2204 frig.——36
1410 2165 1506 2196 Unus
1531 2164 1589 2194 lib.
1617 2169 1653 2194 et

195 2202 330 2242 Fragm.
347 2203 429 2233 Lov.
447 2205 562 2235 ossibus
579 2215 640 2244 pro
655 2207 889 2236 sensib11s.-—37
915 2207 1070 2238 Quatuor
1086 2208 1162 2237 libri
1178 2218 1227 2246 eg.
1243 2209 1397 2247 deceptus,
1421 2207 1491 2237 dub.
1525 2206 1601 2236 Pol.
1617 2210 1653 2235 et

195 2243 263 2275 duo
279 2244 334 2275 alii
351 2245 516 2285 deficiens,·
539 2252 572 2277 et
590 2248 629 2277 P.
644 2247 902 2284 defunctus—40
932 2248 995 2278 Vix
1010 2258 1051 2278 ex
1067 2249 1193 2279 Thuan.
1220 2249 1315 2279 dedit
1344 2248 1464 2278 Heius.
1484 2257 1544 2287 pro
1563 2247 1653 2287 vulg.

194 2290 348 2318 nom—41
372 2288 454 2318 Tres
478 2289 552 2319 libri
575 2298 649 2328 quas
671 2299 732 2329 pro
759 2299 860 2328 quam.
905 2290 994 2320 Tum
1018 2291 1083 2321 ΜΒ.
1110 2291 1240 2321 Bersm.
1265 2291 1304 2321 Γ.
1327 2289 1555 2326 reJ‘e1·1·ct.-45
1582 2288 1653 2320 Alii

239 2447 280 2476 34
305 2445 504 2488 Frigidiora]
529 2446 642 2488 Atque
669 2448 754 2479 adeo
783 2448 825 2479 ad
850 2449 897 2479 in·
996 2448 1138 2488 Eburno]
1173 2449 1261 2482 Quia
1283 2448 1317 2479 in
1344 2448 1401 2479 illo
1424 2448 1506 2479 sella
1527 2448 1652 2479 curulis

196 2494 397 2526 veniendum
426 2500 461 2527 et
487 2498 759 2537 componendum
786 2499 896 2530 minus
953 2499 1111 2531 eburnea.

196 2550 290 2585 apta.
994 2553 1033 2582 41
1059 2551 1141 2581 Pars
1155 2550 1262 2590 quola]
1291 2549 1466 2581 Minimam
1484 2549 1587 2581 fuisse
1605 2550 1654 2580 in·

240 2597 279 2625 35
306 2596 365 2627 Illa
381 2598 496 2638 Ducis]
531 2597 716 2639 Magnifice
744 2602 779 2629 et
806 2598 898 2630 cani-
952 2602 1036 2633 nuit.

197 2643 345 2683 dissime,
361 2648 456 2687 qnasi
480 2648 568 2680 aliud
595 2649 741 2691 agendo,
764 2649 898 2682 Tiberio
992 2653 1033 2682 44
1058 2650 1142 2689 Illic]
1166 2650 1205 2681 In
1224 2650 1384 2691 triumphi
1402 2650 1641 2692 descriptione.

197 2700 390 2727 assentatur
407 2698 512 2730 Naso.
994 2703 1033 2732 45
1059 2700 1205 2742 Domini]
1230 2701 1389 2742 Nasonis,
1410 2701 1482 2733 scil,
