1863 3193
594 173 837 203 TRISTIUM
874 173 970 204 Lm.
1004 174 1035 203 1.
1067 163 1137 206 10.
1480 164 1595 208 2249

135 268 238 310 Vita
262 272 402 310 tamen
424 268 504 308 tibi
522 271 629 309 nota
649 282 748 309 mea
771 272 840 309 est
858 284 867 310 ε
900 270 988 310 scis
1008 271 1173 311 artibus
1194 270 1284 311 illis

194 336 402 377 Auctoris
421 348 563 375 mores
585 336 848 377 abstinuisse
868 338 953 378 sui.
1539 337 1597 378 60

136 403 237 443 Scis
260 409 383 445 vetus
401 403 483 443 hoc
497 403 649 455 juveni
672 404 816 444 lusum
837 405 942 445 mihi
963 417 1134 445 carmen
1152 418 1161 445 :
1194 409 1236 445 et
1257 404 1378 454 istos,

195 471 256 511 Ut
275 484 358 512 non
377 470 635 520 laudandos,
658 472 721 511 sic
744 479 887 513 tamen
907 473 1159 525 essejocos.

138 536 253 590 Ergo
275 543 325 578 ut
345 537 518 578 defendi
541 538 663 578 nullo
684 551 781 579 mea
804 552 934 592 posse
956 539 1120 588 colore,

195 605 269 644 Sic
292 606 492 645 excusari
513 605 693 645 crimina
716 618 850 658 posse
872 610 994 659 puto.

139 673 239 723 Qua
260 676 400 725 potes,
420 685 611 713 excusa:
644 686 726 713 nec
748 674 879 713 amici
900 673 1051 714 desere
1073 686 1268 714 causam.
1544 674 1601 715 65

196 739 298 790 Quo
319 740 428 780 bene
451 741 645 793 coepisti,
669 742 734 781 sic
757 741 866 794 pede
888 754 1057 795 semper
1079 754 1169 781 eas.

137 880 313 918 obfuerunt.
363 881 437 912 Vita
454 884 556 911 tamen
572 891 637 911 mea
653 881 712 911 tibi
739 885 783 911 est
808 884 969 920 perspecta
981 892 991 911 .-
1013 881 1076 912 scis
1090 891 1190 911 mores
1204 881 1341 912 auctoris
1355 882 1405 912 sui
1419 881 1604 914 abstinuisse

137 924 202 953 illis
215 924 344 954 artibus.
390 924 460 954 Scis
475 924 529 953 hoc
545 928 634 953 vetus
650 932 772 953 carmen
788 923 937 962 scriptum
954 933 973 952 ιι
990 933 1036 952 me
1051 923 1240 953 adolescente
1250 933 1261 958 ;
1285 928 1376 963 atque
1392 924 1476 960 istos,
1492 928 1524 955 ui
1542 934 1604 956 non

137 966 318 1004 probandos,
342 966 389 996 ita
403 970 505 996 tamen
522 976 584 996 esse
599 966 692 996 lusus.
738 965 827 995 Sicut
845 974 918 1002 ergo
934 965 1072 995 arbitror
1087 975 1151 995 meu
1170 968 1297 1004 peccata
1311 965 1394 996 nullo
1407 967 1504 997 colore
1517 977 1604 1006 posse

139 1007 274 1046 defendi,
297 1010 343 1038 ila
359 1009 479 1048 opinor
502 1019 589 1048 posse
604 1009 757 1039 excusari.
806 1009 930 1037 Excusa
947 1011 1094 1047 quatenus
1110 1008 1203 1043 [ἑαῖς
1226 1017 1321 1046 neque
1337 1009 1470 1040 destilue
1483 1018 1605 1040 causam

140 1051 242 1080 wisi.
287 1051 391 1090 Perge
406 1062 524 1091 semper
539 1052 640 1081 eodem
653 1053 728 1091 pede
743 1060 799 1091 quo
817 1050 888 1080 bene
904 1050 1061 1089 ingressus
1077 1059 1119 1080 es.

753 1137 989 1150 eeeeeeeeeeee

142 1201 204 1227 nat.
223 1199 300 1228 mei.-
322 1198 475 1229 scis.—60
500 1197 578 1228 Duo
595 1196 671 1227 libri
694 1197 807 1228 abstin.
831 1197 975 1228 ἐμὴ-63
999 1197 1096 1228 Serv.
1120 1196 1198 1227 mihi
1222 1206 1283 1237 pro
1307 1200 1471 1228 mem—65
1499 1197 1605 1229 Multi

141 1246 227 1271 vett.
250 1240 351 1274 Quam
364 1243 427 1279 pot.
471 1240 554 1270 Mox
580 1240 698 1271 Heius,
721 1240 870 1270 malebat
892 1240 1207 1276 amicam...causam;
1233 1240 1322 1281 quod
1340 1246 1375 1271 et
1393 1241 1511 1272 Burm.
1527 1241 1604 1272 Sec.

143 1283 273 1313 invenit
292 1282 323 1312 iu
341 1283 395 1313 Fr.
414 1292 434 1312 a
451 1292 500 1322 pr.
517 1292 604 1313 man.
621 1283 794 1323 scriptum.
824 1283 906 1313 Lov.
924 1282 1261 1313 amici...causas.-66
1286 1283 1375 1313 Satis
1402 1284 1473 1314 liaec
1497 1284 1606 1314 coba>-

143 1334 218 1355 rere
245 1325 402 1355 videntur
420 1325 707 1364 praecedenfibus,
724 1325 751 1355 si
769 1325 987 1364 transpositis
1004 1325 1117 1356 verbis
1140 1326 1211 1355 liaec
1235 1325 1356 1365 Elegia
1373 1325 1405 1355 in
1422 1330 1536 1356 votum
1562 1325 1605 1356 (le

141 1376 301 1407 processu
328 1372 362 1398 et
386 1367 599 1398 incremento
621 1368 787 1398 honorum
815 1368 913 1398 amici
941 1368 1094 1405 desinat3
1118 1372 1153 1398 et
1178 1368 1310 1407 legatur
1329 1368 1395 1404 Sic,
1418 1369 1489 1399 bene
1505 1379 1531 1399 c.
1548 1378 1604 1408 quo

140 1420 173 1449 p.
190 1419 213 1457 εἶ
229 1420 255 1441 e.
281 1410 419 1484 vell318'1ic,
441 1411 517 1450 pede
532 1421 559 1442 c.
577 1421 634 1451 quo
650 1410 736 1451 bene,
747 1420 771 1441 s.
793 1419 819 1441 e.
846 1416 883 1442 ut
898 1410 982 1441 Mss.
1001 1410 1137 1450 plurimi
1154 1412 1300 1451 positum
1317 1412 1378 1441 τῶν
1393 1411 1466 1442 bene
1482 1416 1516 1441 et
1529 1412 1606 1452 pede

145 1458 287 1484 variant.
348 1462 428 1484 urm.

802 1543 943 1576 NOTAE

186 1620 227 1648 59
263 1615 346 1656 Illis]
379 1616 612 1649 Dissimilibus
636 1623 670 1650 et
692 1618 845 1659 impuris,
943 1621 983 1650 61
1008 1619 1142 1660 Juveni]
1177 1618 1289 1660 Atque
1316 1618 1415 1657 adeo,
1441 1617 1607 1658 siquidem

145 1668 216 1697 scil.
243 1669 402 1697 (letarum
428 1676 493 1697 non
522 1669 705 1708 persuadet
729 1669 842 1699 Naso:
899 1668 982 1699 illud
1009 1678 1110 1699 unum
1138 1667 1273 1707 fuisset,
1296 1668 1350 1698 vel
1372 1668 1445 1708 jam
1474 1666 1607 1707 pridem

149 1725 290 1756 iramque
307 1716 389 1746 illud
412 1726 448 1746 os
470 1717 599 1757 profert
625 1717 715 1758 quod
738 1727 796 1749 cor
813 1728 845 1748 a·
900 1719 954 1750 vel
969 1728 1137 1759 nunquam
1150 1719 1252 1750 exilio
1267 1718 1383 1758 pulsus
1396 1722 1487 1748 esset
1503 1718 1607 1748 Naso.

149 1770 218 1794 mat
250 1769 307 1794 aut
334 1765 417 1796 odit.
473 1767 595 1799 Odisse
625 1778 705 1800 vero
734 1769 844 1801 nullus
941 1772 983 1800 64
1008 1768 1179 1808 Excusari]
1203 1769 1284 1799 Esto
1311 1768 1415 1807 istud,
1438 1767 1607 1808 siquidem

149 1814 267 1844 credat
284 1814 339 1854 qui
357 1815 489 1854 legerit.
899 1820 1056 1860 poenitet,
1069 1824 1215 1851 etvetus
1229 1819 1371 1860 crimen,
1383 1827 1491 1861 neque
1506 1817 1606 1849 uliud.

659 2226 974 2276 ELEGIA
1028 2225 1105 2273 X.

699 2380 1053 2413 ARGUMENTUM.

157 2478 302 2509 LAunAT
315 2487 433 2509 navem
452 2477 595 2510 Ovidius
612 2486 711 2518 quam
728 2477 760 2508 in
772 2476 845 2508 sinu
863 2476 1082 2509 Corinthiaco
1099 2477 1235 2518 accepit
1250 2487 1257 2508 z
1283 2480 1319 2508 ct
1335 2486 1410 2508 cum
1426 2477 1533 2507 altera
1551 2486 1608 2508 na-

198 2531 247 2559 vis
271 2531 327 2562 diu
354 2532 497 2563 cundem
521 2541 653 2563 cursum
671 2531 847 2570 tenuisset,
864 2540 965 2571 quern
991 2530 1086 2561 navis
1114 2530 1246 2570 ροέῑῑες
1270 2539 1413 2570 cumque
1431 2534 1549 2570 postea
1565 2539 1608 2561 ex

200 2582 425 2615 Samothracia
446 2586 627 2622 solverent,
645 2585 820 2625 utriusque
849 2583 1096 2624 navigationem
1123 2587 1158 2613 et
1184 2583 1259 2613 loca
1278 2582 1451 2613 describit.
1497 2582 1610 2622 Optat

202 2633 336 2673 deinde,
352 2641 388 2666 ut
404 2637 577 2669 incolumis
591 2639 730 2669 Tomum
745 2637 839 2668 navis
856 2647 933 2668 eum
951 2635 1105 2677 perferat
1120 2646 1128 2666 :
1168 2635 1257 2676 quod
1279 2635 1305 2666 si
1323 2635 1519 2676 contigerit,
1543 2635 1609 2666 Mi-

202 2694 315 2716 nervae
330 2696 364 2718 se
379 2698 498 2728 agnam
515 2691 764 2722 immolaturum
781 2691 973 2731 pollicetur.
995 2690 1173 2721 Postremo
1186 2689 1361 2721 Castorem
1378 2693 1415 2720 ct
1430 2688 1609 2720 Pollucem

203 2743 374 2778 precatur,
391 2745 429 2771 ut
444 2742 576 2783 utrique
590 2743 667 2774 navi
683 2743 807 2775 adsint.
