1877 3193
186 172 300 213 2540
671 186 712 217 P.
745 185 903 215 ovrnn
938 183 1150 215 NAsoms

187 277 326 332 quue
345 279 404 320 sit
425 284 473 320 ut
494 292 658 328 verum,
681 278 860 319 mentito
880 278 1105 331 ignoscere
1127 278 1275 320 debes.

244 346 323 387 Nil
343 347 479 388 demit
497 347 617 388 laudi
636 347 775 400 gloria
795 351 946 387 nostra
965 351 1069 388 tuae.
1585 344 1641 385 20

188 412 302 464 Quis
322 428 371 455 se
393 414 643 456 Caesaribus
664 416 780 456 notis
800 427 885 455 non
905 415 1029 467 fingit
1050 414 1238 456 amicum
1252 414 1271 453 'l

243 481 316 521 Da
336 483 507 523 veniam
528 483 650 523 fasso
668 497 680 534 ;
710 489 756 522 tu
779 482 884 522 mihi
908 481 1064 522 Caesar
1084 482 1183 522 eris.

187 546 288 589 Nec
309 553 457 590 tamen
476 550 683 602 irrumpo,
706 562 794 602 quo
813 561 900 589 non
919 549 1021 589 licet
1040 550 1128 589 ire:
1162 548 1360 602 satisque
1383 552 1466 598 est,

241 615 371 656 Atria
391 617 429 656 si
448 617 577 656 nobis
596 629 681 656 non
701 617 897 668 patuisse
917 629 1062 668 negas.

185 682 335 736 thue
354 684 433 724 tibi
454 684 583 724 fuerit
601 696 769 723 mecum
789 683 895 722 nihil
917 683 1106 734 amplius
1125 697 1136 734 3
1167 695 1255 723 uno
1585 680 1642 720 25

242 750 417 804 Nempe
438 749 657 799 salutaris,
681 762 813 802 quam
833 750 970 801 prius,
992 763 1063 789 ore
1085 752 1240 790 minus,

186 816 286 859 Nec
306 822 406 859 tuus
425 823 492 859 est
511 818 775 871 genitornos
794 816 1017 857 inficiatus
1040 817 1224 866 amicos,

241 884 457 926 Hortator
478 885 628 934 studii,
651 896 889 936 causaque,
911 883 1075 936 faxque
1095 883 1196 923 mei.

184 950 268 992 Cui
288 965 368 992 nos
390 957 432 993 et
451 953 685 1006 lacrymas,
715 964 962 1004 supremum
982 952 1024 991 in
1045 950 1191 991 funere
1210 963 1382 999 munus,

240 1020 300 1061 Et
319 1020 524 1062 dedimus
544 1021 689 1061 medio
709 1020 877 1073 scripta
897 1019 1099 1060 canenda
1119 1019 1229 1060 foro.
1583 1017 1640 1058 30

181 1147 258 1178 illud
272 1147 314 1178 sit
330 1157 446 1187 verum,
461 1147 551 1177 debes
565 1157 690 1187 parcere
706 1148 786 1178 mihi
802 1147 930 1178 mentito
941 1158 951 1177 .·
972 1150 1077 1177 nostra
1090 1147 1194 1185 gloria
1211 1145 1292 1176 nihil
1306 1144 1445 1175 detrahit
1460 1146 1521 1175 tuae
1529 1143 1639 1183 famoe.

184 1190 263 1224 Quis
280 1190 422 1227 cognitus
440 1190 615 1220 Coesaribus
638 1200 697 1220 non
722 1190 887 1231 profitetur
912 1200 943 1220 se
958 1188 1117 1220 amicum?
1162 1190 1291 1227 Ignosce
1315 1187 1496 1228 εἠιῂΐεήὺὶ,ι
1521 1191 1555 1218 ta
1579 1188 1642 1218 eris

181 1232 259 1262 mihi
276 1233 393 1261 Coesur.
442 1233 550 1271 Neque
565 1236 667 1262 tamen
683 1233 767 1261 irruo
790 1243 846 1271 quo
862 1243 922 1261 mm
937 1232 1112 1262 conceditur
1128 1232 1273 1269 ingredi:
1296 1234 1385 1270 atque
1399 1230 1524 1271 sufficit,
1540 1230 1567 1260 si
1582 1240 1641 1260 non
1693 1233 1696 1236 ’

182 1283 277 1313 negas
291 1274 377 1304 atria
390 1274 476 1304 nobis
490 1275 637 1313 patuisse.
687 1274 729 1303 Et
745 1274 884 1313 quamvis
898 1274 978 1304 nihil
994 1273 1098 1309 fuerit
1113 1274 1171 1303 tibi
1187 1283 1304 1303 mecum
1319 1273 1471 1311 ‹trnplt'as;
1494 1272 1642 1302 nimirum

182 1317 330 1347 salutaris
345 1326 403 1347 uno
419 1326 470 1347 ore
485 1317 585 1347 minus
598 1326 688 1355 quam
703 1319 804 1346 antea.
851 1317 959 1355 Neque
985 1319 1054 1345 tuus
1066 1320 1168 1355 pater,
1184 1315 1364 1352 instigator,
1379 1324 1480 1352 causa,
1494 1317 1523 1344 et
1539 1315 1640 1344 lumen

182 1360 280 1390 studii
295 1359 367 1400 mei,
383 1359 432 1390 cui
446 1369 500 1390 nos
512 1359 703 1399 praebuimus
717 1359 829 1399 fletus,
845 1359 958 1388 donum
973 1359 1116 1388 ultimum
1131 1359 1163 1388 in
1170 1357 1295 1396 sunere,
1309 1360 1338 1386 et
1354 1366 1460 1386 versus
1475 1356 1642 1386 cantandos

800 1443 1032 1454 emo-evm

182 1496 280 1526 Voss.
298 1506 412 1535 magna
425 1506 487 1536 pro
500 1499 697 1536 parva.——IS
724 1496 763 1526 P.
778 1496 866 1527 Dan.
881 1501 917 1527 et
932 1497 1022 1526 Mor.
1035 1497 1366 1534 Ilquue...tuum.—l9
1380 1494 1541 1535 Plerique
1553 1499 1640 1527 vett.

183 1539 252 1578 qu.
268 1539 312 1569 sit
328 1542 361 1570 ut
378 1548 443 1569 ver.
459 1539 595 1580 quidam
613 1539 712 1578 thue
727 1540 767 1568 sz't
783 1538 838 1568 hoc
852 1539 904 1568 vel
921 1539 954 1568 id
969 1548 1031 1568 rer.
1048 1538 1167 1568 Heius.
1180 1536 1325 1566 malebat
1343 1536 1404 1566 Sed
1419 1537 1461 1567 sit
1479 1541 1512 1566 ut
1525 1538 1558 1567 id
1574 1548 1638 1570 ver.

181 1584 264 1612 —21
288 1582 392 1620 Vulg.
419 1581 599 1620 legebatur
624 1582 660 1611 C.
679 1584 788 1611 notum
812 1591 881 1611 non.
917 1584 925 1597 ‘
945 1581 1045 1611 Notus
1071 1579 1201 1619 scripti.
1247 1578 1427 1609 Distichon
1441 1579 1545 1609 etiarn
1573 1579 1638 1612 hoc

181 1628 234 1655 est
248 1634 290 1654 ex
304 1624 414 1654 dubiae
431 1623 511 1653 fidei
526 1624 677 1663 pluribus
693 1623 817 1654 unum.'
841 1623 953 1654 Heius.
988 1625 1063 1654 Non
1079 1623 1222 1652 multum
1240 1622 1353 1660 placet
1369 1621 1432 1651 hoc
1451 1621 1640 1661 distich0n;

182 1676 299 1697 sensus
315 1673 426 1696 tamen
444 1667 560 1697 melior
574 1667 651 1704 erit,
667 1667 782 1697 sicum
796 1666 974 1705 Vaticano,
989 1666 1211 1701 Vossian0‚et
1227 1665 1355 1701 Fragm.
1374 1664 1521 1694 Boxlior.
1538 1665 1644 1705 legas,

182 1710 284 1739 notis.-
307 1714 343 1739 ut
361 1711 403 1739 sit
421 1709 516 1747 ordo,
547 1711 619 1750 quis
636 1718 700 1738 non
731 1708 830 1748 fingit
847 1718 882 1739 se
902 1710 1043 1739 amicum
1067 1707 1257 1738 Caesaribus
1277 1706 1366 1746 apud
1390 1711 1490 1737 notos
1513 1716 1590 1738 suos
1606 1712 1642 1739 et

183 1752 330 1782 amicos?
366 1752 565 1782 Burm.—·22
603 1751 741 1782 Plurimi
770 1751 890 1791 scripti
923 1752 958 1782 C.
976 1753 1140 1782 eras—23
1167 1750 1266 1780 Multi
1293 1749 1452 1779 omittunt
1477 1748 1515 1779 τὸ
1544 1753 1644 1781 est.—

182 1796 221 1824 25
247 1794 343 1824 Unus
364 1794 480 1825 Heius.
502 1795 574 1834 th.
591 1793 782 1831 mihifuerz't
797 1797 895 1825 tecum
911 1795 1064 1824 nitu—28
1090 1794 1186 1823 Unus
1204 1793 1261 1823 lib.
1287 1792 1447 1822 Laudator
1468 1793 1548 1823 stud.
1572 1793 1641 1824 De·

181 1835 260 1866 inde
278 1837 396 1867 Heius.
422 1838 516 1868 malit
543 1848 664 1877 causuq.
682 1839 804 1876 duxque
819 1838 904 1873 mei;
928 1838 1055 1867 namin
1086 1836 1206 1866 Comb.
1224 1840 1299 1866 erat
1314 1834 1488 1876 firm—30
1512 1835 1641 1866 Forsan

180 1878 374 1918 legendum,
394 1881 493 1910 medio
508 1881 626 1920 scripta
639 1881 775 1911 canenda
786 1890 870 1919 rogo,
883 1880 948 1918 vel,
965 1883 1054 1916 toro;
1077 1880 1140 1910 hoc
1156 1883 1208 1909 est
1224 1877 1351 1908 feretro
1365 1888 1373 1908 ι
1399 1877 1544 1915 nonforo
1558 1888 1569 1914 ‚·
1593 1877 1638 1909 de

181 1921 339 1961 epicedio
357 1923 444 1952 enim
461 1923 543 1963 agit.
568 1923 679 1953 Heins.
726 1923 782 1953 De
799 1923 994 1953 laudatione
1007 1921 1141 1952 funebri
1154 1921 1248 1961 capit
1264 1921 1398 1951 Merula
1416 1931 1424 1958 ;
1449 1920 1508 1950 sed
1524 1929 1565 1950 an
1583 1920 1641 1952 illa

183 1965 386 1996 carminibus
404 1965 521 2006 peragi
548 1966 676 1997 soleret
701 1966 842 1997 nescio:
869 1975 973 2006 quare
1000 1965 1054 1996 hic
1078 1975 1154 1996 cum
1184 1962 1339 1995 Francof.
1367 1967 1402 1994 et
1418 1962 1546 1994 duobus
1569 1963 1643 1994 aliis

839 2063 979 2094 NOTAE

183 2132 242 2164 tud
258 2132 338 2172 fuit3
362 2134 529 2175 siquidem
556 2145 671 2167 omnes
693 2136 725 2165 in
741 2136 884 2176 Augusti
983 2140 1024 2168 24
1059 2138 1170 2177 Atria]
1203 2138 1288 2170 Quae
1315 2146 1390 2167 cum
1416 2135 1530 2167 multis
1557 2135 1642 2175 aliis,

181 2182 402 2214 offensionem
421 2184 595 2215 incurrere
613 2186 791 2216 timebant.
939 2187 1109 2217 salutandi
1127 2187 1250 2226 gratia,
1268 2185 1496 2225 frequentavi.

224 2236 264 2264 19
288 2233 342 2271 Id]
368 2233 467 2265 Quod
483 2243 533 2264 me
548 2243 650 2273 negas
664 2239 757 2264 tuum
775 2244 860 2266 esse.
981 2240 1019 2266 25
1050 2237 1168 2276 thue]
1204 2236 1297 2265 Nihil
1325 2236 1392 2265 isto
1421 2234 1531 2274 potuit
1556 2233 1640 2273 fingi

225 2285 378 2324 Mentito]
396 2285 494 2323 Mihi,
508 2285 563 2325 qui
581 2291 675 2315 tuum
692 2296 764 2316 esse
781 2287 882 2325 scrip·
937 2286 1229 2324 ingeniosius‚quo
1242 2294 1276 2314 se
1293 2283 1506 2313 Messallinus
1517 2283 1559 2314 ab
1571 2283 1641 2314 Au-

183 2335 221 2366 si.
261 2335 337 2366 Hoc
365 2335 447 2366 dicit
471 2340 584 2366 autem
600 2345 641 2366 ne
659 2336 801 2366 amicum
825 2338 881 2367 lae-
938 2335 1026 2373 gusti
1044 2334 1242 2372 offensione,
1259 2335 1284 2363 si
1303 2344 1369 2373 qua
1397 2332 1486 2364 forte
1510 2334 1552 2365 ob
1570 2334 1641 2365 Na·

182 2386 254 2424 dat,
269 2386 324 2417 cui
334 2387 480 2417 maxima
492 2385 555 2417 fnit
567 2386 680 2417 cautio
692 2386 882 2427 Augustum
937 2385 1025 2414 sonis
1042 2390 1130 2414 esset
1146 2384 1343 2420 amicitiam,
1356 2389 1469 2423 posset
1481 2385 1639 2417 liberare.

182 2445 249 2467 non
266 2436 402 2467 laedere.
981 2438 1021 2465 :28
1047 2435 1132 2474 Fam]
1160 2435 1248 2466 Quia
1273 2444 1312 2464 co
1340 2435 1553 2475 instigatore,
1581 2440 1640 2466 aut

224 2490 266 2518 20
303 2487 429 2528 Gloria]
460 2488 536 2520 Qua
556 2491 649 2518 tuum
662 2487 766 2519 fuisse
783 2487 883 2529 proti-
938 2485 1041 2516 etiam
1059 2485 1281 2524 ducc‚studio
1300 2485 1440 2516 Poctico
1457 2496 1533 2516 sese
1547 2486 1639 2517 Naso

182 2540 268 2568 teor.
939 2535 1123 2565 addixerit.

224 2590 265 2617 21
292 2587 386 2626 Quis]
410 2587 602 2629 Utcumque
619 2593 811 2629 suspectum
828 2590 883 2619 lia·
981 2589 1020 2616 30
1045 2585 1187 2625 Scripta]
1225 2586 1349 2616 Versus
1381 2587 1414 2616 in
1447 2587 1639 2618 Messallini

181 2635 296 2667 buerit
312 2637 399 2666 istud
427 2638 592 2668 distichon
610 2638 691 2670 clar.
709 2639 883 2678 Heinsius,
937 2637 1120 2674 lionorem;
1157 2647 1197 2666 cx
1227 2646 1319 2667 more
1352 2637 1442 2678 apud
1471 2639 1638 2669 Romanos

181 2685 390 2726 ingeniosum
419 2693 531 2719 tamen
554 2698 628 2720 esse
653 2690 764 2722 nullus
780 2691 882 2722 credo
938 2688 1086 2729 aliosque
1118 2689 1220 2718 etiam
1251 2689 1492 2730 vetustissimo,
1517 2688 1636 2730 quibus

184 2745 251 2768 non
266 2736 498 2769 confitebitur.
939 2738 1077 2770 solenne
1092 2737 1271 2771 defunctos
1288 2739 1437 2771 laudare.
