1863 3193
201 211 314 258 2348
686 221 724 250 P.
755 219 913 250 ovinu
948 217 1160 248 NAsoms

204 315 363 364 Stulte,
387 314 494 367 quid
515 328 541 356 o
562 314 721 355 frustra
742 314 857 355 votis
878 312 1122 366 puerilibus
1145 315 1289 366 optas,

260 381 374 432 Quae
394 395 481 422 non
500 381 590 421 ulla
609 382 691 421 tibi
711 380 879 434 fertque
897 380 1092 433 feretque
1112 379 1205 419 dies
1221 379 1239 419 'l

203 448 252 489 Si
275 449 407 489 semel
429 447 668 500 optandum
690 452 772 496 est,
793 446 1040 500 Augustum
1058 458 1216 485 numen
1236 445 1395 486 adora:

263 515 316 556 Et
336 527 465 568 quem
486 514 679 562 sensisti,
700 514 779 553 rite
800 526 993 566 precare,
1018 513 1177 553 Deum.

203 581 285 622 Ille
304 582 383 622 tibi
406 594 661 634 pennasque
681 584 826 634 potest
848 593 1088 633 currusque
1110 580 1313 621 volucres
1602 575 1658 617 15

259 649 461 689 Tradere.
522 649 607 688 Det
626 648 837 698 reditum3
869 648 1065 700 protinus
1089 648 1180 688 ales
1202 647 1302 687 eris.

203 715 252 756 Si
274 728 428 768 precer
447 716 558 763 haec,
580 712 740 766 (neque
761 713 874 753 enim
894 714 1064 766 possim
1085 713 1253 765 majora
1272 707 1464 766 precari)

260 781 333 822 Ne
354 795 452 822 mea
474 781 561 821 sint
582 781 711 820 timeo
733 782 837 819 vota
857 779 1054 818 modesta
1073 792 1241 831 parum.

204 848 410 889 Forsitan
430 848 515 888 hoc
537 848 656 896 olim,
679 859 776 887 cum
797 858 844 885 se
867 846 1093 885 satiaverit
1112 846 1191 895 ira,

258 915 372 955 Tum
393 928 566 968 quoque
588 914 764 954 solicita
782 915 924 951 mente
946 911 1165 963 rogandus
1187 910 1279 951 erit.
1601 907 1659 948 20

203 979 338 1030 Quod
358 983 499 1022 minus
519 983 678 1022 interea
697 983 777 1028 est,
798 979 933 1019 instar
953 977 1060 1018 mihi
1081 977 1271 1018 muneris
1294 976 1444 1029 ampli,

260 1048 331 1088 Ex
350 1048 417 1089 his
439 1062 508 1089 me
523 1049 680 1102 jubeat
700 1047 897 1099 quolibet
916 1046 977 1086 ire
999 1046 1124 1086 locis.

204 1114 304 1156 Nec
326 1116 502 1165 coelum,
522 1128 600 1154 nec
623 1126 750 1165 aquae
772 1113 955 1161 faciunt,
977 1125 1054 1153 nec
1078 1117 1207 1162 terra,
1229 1124 1310 1152 nec
1332 1122 1474 1162 aurae3

260 1181 317 1222 Et
334 1182 439 1222 mihi
458 1185 694 1235 perpetuus
718 1192 902 1232 corpora
920 1180 1104 1231 languor
1122 1180 1266 1220 habet.

202 1321 261 1351 tim
276 1320 401 1351 dilectos
424 1321 525 1350 vultus
540 1322 656 1352 uxoris.
703 1321 822 1359 Inepte,
837 1321 1040 1360 quamobrem,
1054 1330 1070 1350 ο
1087 1321 1286 1361 nequicquam
1300 1329 1388 1351 voves
1403 1319 1515 1350 studiis
1529 1317 1659 1358 pueriti-

201 1362 270 1399 hus,
284 1373 350 1402 quoe
367 1363 449 1393 nullu
465 1366 542 1393 crtus
557 1364 642 1402 tulit,
662 1362 744 1401 fert,
753 1363 898 1403 feretque
910 1361 926 1393 ἶ)
969 1363 1006 1393 Si
1028 1365 1119 1394 semel
1144 1364 1312 1393 vovendum
1328 1366 1385 1400 est,
1401 1371 1546 1392 venerare
1560 1363 1660 1399 potes-

202 1408 299 1436 tatem
315 1405 462 1443 Augusti,
485 1409 514 1435 et
541 1406 601 1435 rite
629 1409 716 1436 orato
744 1406 857 1444 Deum,
885 1415 973 1445 quenz
997 1405 1165 1445 offendisti.
1211 1405 1270 1435 Ille
1285 1407 1385 1442 potest
1401 1404 1459 1434 tibi
1473 1402 1611 1442 praebere
1627 1405 1658 1432 et

196 1457 313 1487 pennas
339 1451 368 1477 et
393 1457 502 1477 currus
524 1449 635 1477 alatos.
700 1449 853 1478 Conceuut
880 1448 1026 1487 reditum,
1055 1448 1196 1478 continuo
1222 1447 1355 1477 volucris
1370 1446 1444 1487 fies.
1498 1445 1658 1484 Siquidem

201 1490 287 1519 istud
303 1500 395 1528 orem,
420 1500 514 1529 neque
537 1490 619 1519 enim
641 1499 763 1529 possum
788 1499 876 1520 orare
896 1490 1024 1528 majora,
1047 1493 1149 1520 metuo
1164 1500 1201 1520 ne
1217 1499 1291 1520 mere
1312 1498 1414 1529 preces
1429 1498 1487 1518 non
1502 1489 1565 1517 sint
1581 1486 1660 1517 satis

201 1533 375 1562 'verecunda’
388 1543 396 1561 .-
406 1532 495 1569 forte
511 1532 571 1562 erit
587 1532 681 1561 etiam
696 1532 779 1562 istud
791 1533 922 1562 orandus
948 1532 1022 1562 olim
1048 1535 1148 1562 mente
1164 1532 1272 1571 anxia,
1286 1541 1354 1561 cum
1369 1532 1418 1562 ira
1431 1541 1462 1561 se
1477 1529 1657 1570 expleverit.

201 1574 339 1612 Interea,
353 1576 432 1613 quod
447 1574 547 1604 minus
561 1577 618 1614 est,
644 1573 721 1604 mihi
736 1574 837 1604 instar
855 1574 927 1604 doni
942 1574 1061 1613 magni,
1077 1584 1124 1604 me
1131 1573 1242 1612 jubeat
1256 1573 1361 1613 quovis
1376 1574 1537 1604 concedere
1553 1581 1592 1602 ex
1609 1571 1657 1601 his

201 1616 284 1647 locis.
331 1617 438 1657 Neque
462 1617 581 1656 coelum,
609 1626 704 1656 neque
730 1626 828 1657 aquce,
852 1626 947 1656 neque
973 1617 1075 1657 tellus,
1101 1626 1197 1656 neque
1222 1616 1275 1646 αἰέν
1302 1616 1382 1646 mihi
1409 1616 1579 1646 conducunt
1591 1624 1602 1652 ;
1626 1615 1658 1644 et

812 1709 1026 1721 eeeeeeeeeee
1032 1710 1050 1720 ο

201 1774 233 1804 hi
264 1773 384 1805 Heius.
411 1775 543 1816 recepit
569 1785 611 1806 ex
636 1776 834 1807 Buslidiano
860 1786 921 1817 pro
944 1776 1037 1816 vulg.
1064 1779 1236 1807 mean—11
1264 1776 1292 1806 O
1309 1784 1351 1806 ex
1379 1774 1500 1805 Heius.
1524 1774 1658 1805 emend.

203 1816 292 1856 vulg.
306 1817 394 1852 laec,-
415 1818 514 1848 multi
529 1822 615 1848 vett.
642 1819 793 1850 hoa—12
818 1820 902 1859 Opt.
927 1819 971 1849 V.
1000 1823 1035 1850 et
1052 1819 1112 1849 Ro.
1128 1819 1202 1849 tulit
1229 1827 1289 1858 pro
1315 1817 1383 1848 tibi.
1407 1818 1490 1848 Mox
1512 1815 1660 1856 ‘fertque

202 1858 357 1899 refertque
374 1860 528 1899 plurimi:
552 1861 615 1891 ulla
630 1860 920 1901 sibifertq.feretq.
946 1862 1077 1892 Bonon.
1092 1861 1151 1891 tibi
1166 1860 1266 1900 fertq.
1278 1860 1392 1900 seretq.
1416 1860 1564 1899 vulgatae
1577 1859 1659 1889 Edi-

203 1901 324 1941 tiones‚
349 1902 437 1942 quod
455 1903 569 1933 nescio
585 1912 626 1933 an
644 1903 843 1934 mutandum
867 1904 928 1935 sit:
954 1913 1030 1934 nam
1058 1908 1151 1933 certe
1174 1904 1182 1920 ‘
1201 1902 1290 1933 tulit’
1314 1902 1494 1942 aliquando
1522 1901 1604 1939 dies,
1619 1904 1658 1931 ut

201 1943 336 1974 videret
366 1945 557 1984 conjugem,
585 1945 729 1984 sodales,
758 1948 820 1977 διο.
848 1946 907 1976 sed
926 1947 998 1986 jam
1016 1955 1082 1976 non
1114 1945 1181 1976 fert
1198 1955 1260 1976 nec
1289 1943 1378 1974 feret
1393 1944 1477 1974 dies.
1502 1943 1658 1973 Bur-m.-

203 1987 242 2015 13
265 1986 442 2024 Augustum
472 1987 590 2017 Heius.
609 1988 729 2018 scribit
760 1998 835 2019 cum
865 1989 932 2019 Ha.
961 1993 996 2019 et
1029 1987 1224 2018 Medonian.
1256 1996 1317 2026 pro
1349 1986 1439 2024 vulg.
1465 1984 1657 2024 Augusti.—

204 2029 242 2057 14
269 2028 387 2059 Heius.
403 2039 443 2059 ex
461 2030 608 2070 quinque
631 2030 767 2070 scriptis
783 2031 900 2061 mallet
915 2031 1023 2061 loesz'stz’
1042 2041 1104 2070 pro
1119 2030 1338 2060 sensisti.—15
1365 2028 1521 2067 Quinque
1537 2027 1659 2067 scripti

202 2073 238 2099 et
254 2069 317 2101 Ms.
334 2071 466 2102 Bersm.
490 2081 625 2111 currusq.
642 2074 871 2103 colantes—17
896 2074 1016 2103 Possim
1033 2073 1152 2103 Heius,
1168 2071 1301 2111 recepit
1317 2080 1358 2101 ex
1376 2080 1440 2100 uno
1459 2069 1580 2100 Italico
1594 2078 1657 2109 pro

202 2111 294 2151 vulg.
306 2122 436 2151 possum.
460 2114 542 2143 Tum
560 2123 674 2143 omnes
691 2114 764 2144 fere
777 2115 910 2153 scripti,
927 2121 1015 2145 teste
1028 2116 1145 2145 Burm.
1161 2114 1234 2152 maj.
1250 2115 1456 2152 rogare—18
1482 2112 1549 2142 Pro
1564 2112 1657 2142 timeo

202 2153 321 2183 Heins.
338 2155 434 2184 malit
455 2155 663 2184 timeat.-—19
688 2155 767 2184 Hoec
792 2165 853 2193 pro
870 2156 924 2184 hoc
942 2158 1106 2187 exhibent
1122 2157 1162 2187 P.
1190 2157 1322 2187 Ber-sm.
1345 2160 1379 2185 et
1396 2155 1492 2185 multi
1509 2154 1565 2184 alii
1579 2161 1657 2184 cum

202 2203 251 2232 pr.
272 2195 332 2225 Ed.
373 2196 453 2224 Mox
481 2195 561 2225 Jun.
585 2196 771 2233 eleganter,
793 2196 911 2235 judice
938 2197 1055 2226 Heius.
1072 2208 1102 2227 se
1127 2208 1151 2227 s.
1179 2198 1227 2227 ira
1243 2209 1252 2227 :
1277 2198 1365 2234 vulg.
1385 2197 1454 2233 jum
1479 2206 1503 2225 s.
1519 2196 1657 2226 iram.—

202 2238 242 2266 21
267 2236 369 2266 Barb.
388 2237 458 2266 Hoc
483 2237 582 2267 minus
597 2238 618 2267 i.
646 2239 723 2276 quod
739 2239 778 2267 ud
796 2239 895 2268 instar
912 2248 1027 2268 rnzaener.
1045 2248 1128 2267 unus
1146 2238 1230 2267 liber
1256 2238 1315 2267 Cui
1340 2238 1536 2267 miuus.—23
1562 2237 1655 2267 Heu-

202 2286 342 2308 mannus
368 2279 454 2309 hunc
471 2288 517 2309 νε.
540 2280 587 2308 ita
612 2278 843 2317 retingendum
871 2285 982 2319 putat,
999 2279 1211 2318 improbante
1237 2280 1352 2308 Burin.
1377 2280 1444 2309 Nec
1469 2280 1655 2317 coetum‚71ec

202 2320 420 2359 aquoesucites,
435 2331 488 2351 nec
504 2324 588 2351 terra
609 2322 856 2352 Getarum—24
881 2323 981 2360 Vulg.
1001 2322 1067 2352 Hei
1092 2321 1167 2351 mih.
1185 2320 1244 2351 sed
1262 2330 1344 2351 unus
1361 2322 1401 2350 V.
1420 2321 1459 2358 ei,
1481 2321 1551 2350 sine
1566 2320 1653 2360 aspi-

203 2362 333 2393 ratione
348 2373 356 2401 ;
381 2366 415 2393 et
437 2373 486 2403 pr.
510 2363 550 2394 V.
573 2367 609 2394 et
625 2372 674 2403 pr.
691 2364 765 2395 Pal.
781 2367 825 2404 et,
847 2364 1012 2404 probante
1029 2363 1149 2394 Heins.
1175 2364 1258 2394 Mox
1275 2372 1360 2393 uuus
1376 2362 1571 2394 Gallicanus
1584 2372 1653 2403 pec-

858 2476 996 2507 NOTAE

246 2559 285 2587 11
311 2556 431 2595 Stulte]
458 2556 510 2587 Ne
533 2560 602 2587 tam
619 2556 768 2597 quidem,
785 2556 809 2586 si
829 2557 902 2596 quis
955 2556 1128 2588 redeundo
1146 2557 1299 2596 Romam,
1315 2557 1341 2586 si
1358 2556 1471 2595 liceat,
1492 2557 1653 2588 velocita-

204 2605 304 2636 modo
320 2610 499 2645 sequentes
524 2616 565 2636 ex
588 2607 692 2636 stulto
711 2611 790 2637 voto
807 2611 902 2636 natos
956 2613 1023 2639 tem
1041 2618 1146 2646 suam,
1163 2612 1264 2648 atque
1290 2607 1375 2638 adeo
1402 2607 1494 2638 exilii
1513 2607 1652 2640 taedium

205 2664 319 2685 versus
337 2656 578 2694 pulcherrimos
594 2656 774 2696 expendat.
955 2658 1083 2689 indicat
1103 2658 1221 2689 Poeta.

248 2706 289 2734 10
311 2703 400 2743 Ales]
424 2706 501 2736 Nou
517 2706 589 2737 haec
606 2706 779 2746 ingeniose
793 2706 904 2745 modo,
997 2711 1038 2739 23
1064 2709 1130 2740 Nec
1157 2707 1281 2749 coelum]
1314 2707 1411 2740 Idem
1436 2711 1577 2750 questus
1599 2710 1654 2740 est

206 2756 242 2785 et
258 2753 293 2785 in
310 2751 455 2795 Augusti
470 2754 603 2786 laudem
621 2756 754 2796 prolata
768 2765 777 2794 3
793 2755 853 2786 sed
869 2756 904 2787 in
955 2767 1069 2800 supra.
