1877 3193
828 206 876 236 lN
914 205 1031 236 inin.
1536 192 1651 234 2765

200 297 303 336 lente,
326 297 512 338 jacentem,
541 298 618 331 Qua
647 297 728 329 licet
759 297 824 328 heu
847 297 971 328 misero
995 295 1132 327 debitus
1158 295 1262 327 hostis
1287 293 1370 326 ero!
1395 294 1514 326 >Hanc
1537 300 1651 327 autem

201 350 345 390 elegiam
361 350 395 381 in
413 350 587 390 Hyginum
604 351 832 390 conscriptam
849 359 925 381 esse
942 349 1122 380 verisimile
1139 353 1202 388 est,
1216 358 1291 379 cum
1306 348 1393 379 euim
1409 347 1537 388 inquit:
1561 349 1569 364 ‘
1590 349 1650 378 ille

187 401 263 442 *ego
280 412 365 441 sum,
381 412 570 444 quanquam
594 412 659 434 non
677 404 726 433 vis
742 403 867 442 audire,
885 408 1020 433 vetusta
1043 403 1148 433 Paene
1170 411 1255 443 puer
1280 411 1384 443 puero
1402 400 1545 441 junctus
1574 402 1654 431 anii-

200 455 304 487 citia.’
348 456 445 486 Dixit
466 465 563 496 paene,
580 457 670 496 quia,
691 461 778 486 teste
795 456 969 493 Suetonio,
987 455 1142 495 Hyginus
1159 455 1369 487 Alexandria
1391 464 1474 494 puer
1489 452 1653 484 advectus

199 513 288 546 erat,
304 513 339 539 et
355 508 480 539 Ovidio
496 509 776 539 familiarissimus
792 507 867 538 fuit.
908 508 1036 537 Rursus
1054 507 1107 536 ubi
1125 508 1190 538 sic:
1216 508 1224 525 ‘
1243 507 1307 538 Ille
1325 516 1387 547 ego
1399 506 1538 546 judiciis
1555 506 1654 536 unica

203 561 302 591 Musa
315 561 404 593 tuis:
427 562 525 592 Illum
539 562 690 602 apprime
704 562 872 591 literatum
891 564 992 599 atque
1009 559 1110 590 etiam
1126 560 1281 590 criticum
1293 569 1365 590 esse
1377 559 1500 595 innuit,
1519 559 1655 600 qualem

199 613 303 644 fuisse
319 619 456 645 constat
482 614 671 654 Hyginum,
695 614 789 653 cujus
817 613 849 643 iu
876 612 1054 652 Virgilium
1079 613 1322 644 commentaria
1346 612 1528 643 laudantur
1554 612 1595 642 ab
1611 611 1653 645 A.

201 666 324 698 Gellio.
369 667 446 699 Jam
464 676 543 697 vero
560 676 634 697 cum
654 667 777 697 nnllam
794 665 882 706 apud
902 665 1063 697 Ovidium
1092 666 1220 706 apertis
1238 666 1351 697 verbis
1368 665 1496 706 Hygini
1509 662 1654 694 mentio-

197 728 274 749 nem
300 718 374 750 fieri
400 719 542 759 liqueat,
568 719 742 750 subortum
760 718 918 759 equidem
945 719 1033 750 inter
1059 718 1150 758 ipsos
1177 719 1351 750 dissidium
1370 716 1534 758 suspicari
1561 715 1656 755 licet,

199 771 290 811 quod
307 771 464 812 Hyginus
481 771 597 803 Ovidii
616 772 782 803 exulantis
798 781 947 810 uxorem,
960 772 1001 802 ob
1019 772 1192 812 pristinam
1207 781 1282 802 cum
1297 772 1354 802 illo
1372 768 1654 801 consuetudinem

198 823 423 864 proculdubio
447 824 509 855 sibi
536 825 754 864 notissimam,
778 824 949 855 solit-itare
977 834 1077 855 ausus
1104 829 1208 863 esset,
1234 825 1376 865 ejusque
1401 823 1583 853 facultates
1610 820 1652 851 ab

199 876 479 918 August0‚cnjus
507 878 649 908 libertus
666 882 749 918 erat,
774 878 957 918 impetrare
983 883 1176 909 conaretur.
1221 877 1372 909 Proinde
1403 877 1493 908 Naso
1513 876 1591 916 jure
1620 875 1653 905 in

198 929 307 970 ipsum
324 931 489 969 invectus,
504 931 745 961 Callimachum
761 931 886 961 imitati
900 931 1022 968 voluit;
1046 930 1179 961 scilicet
1197 935 1234 962 ut
1251 931 1305 961 ille
1321 930 1549 970 Apollonium,
1562 928 1653 970 quod

197 982 451 1014 Alexandrinus
467 989 568 1021 esset,
591 984 665 1014 Ibin
690 984 888 1023 appellavit,
915 984 985 1023 {pce
1009 984 1136 1023 pariter
1161 984 1347 1024 Hyginum,
1363 984 1418 1024 qui
1443 993 1462 1013 a
1483 982 1654 1014 nonnullis

199 1035 449 1067 Alexandrinus
473 1036 609 1067 habitus
633 1041 699 1076 est,
726 1037 800 1067 Ibin
832 1037 1011 1068 vocitaret.
1068 1037 1324 1068 Advertendum
1354 1042 1536 1077 praeterea,
1563 1034 1653 1076 quod

199 1089 291 1120 Ibidi
307 1099 383 1120 curn
406 1090 538 1121 Nasone
558 1090 613 1130 jus
630 1095 761 1122 arctum
778 1091 1037 1121 necessitudinis
1065 1092 1322 1126 intercesserat,
1340 1096 1376 1120 ut
1402 1099 1443 1120 ex
1461 1089 1510 1119 his
1526 1088 1653 1129 liquido

201 1146 315 1183 patet:
339 1142 348 1159 ‘
365 1142 506 1173 Desinet
522 1153 595 1174 esse
614 1143 707 1183 prius
724 1144 914 1174 contrarius
938 1144 1071 1182 ignibus
1099 1143 1230 1179 humor,
1246 1143 1440 1182 Junetaque
1467 1151 1542 1172 cum
1561 1141 1654 1172 Luna

199 1194 328 1226 lumina
354 1196 440 1227 Solis
469 1195 590 1228 erunt.’
635 1196 784 1235 Deinde,
801 1202 878 1237 post
903 1195 1039 1226 ἀδύνατα
1064 1197 1182 1234 multa,
1204 1197 1212 1212 ‘
1230 1197 1338 1228 Quam
1366 1196 1443 1226 mihi
1461 1195 1504 1226 sit
1529 1199 1655 1232 tecum,

200 1248 321 1289 positis
350 1258 426 1290 quae
468 1250 646 1280 sumsimus
679 1250 793 1289 armis,
832 1251 966 1288 Gratia,
997 1250 1195 1287 commissis,
1222 1250 1389 1288 improbe,
1425 1252 1526 1289 rupta
1565 1246 1654 1278 tuis!

199 1302 278 1332 Hoc
295 1307 347 1333 est
363 1302 462 1343 plane
485 1303 575 1343 quod
589 1303 630 1333 de
649 1303 789 1343 Hygino
805 1303 987 1334 Suetonius
1006 1308 1167 1334 testatum
1187 1302 1334 1343 reliquit.
1379 1302 1560 1332 Postremo
1576 1309 1653 1330 cum

199 1354 256 1385 ille
283 1354 458 1394 Hyginum
485 1355 664 1386 admodum
687 1365 872 1396 pauperem
896 1357 1081 1387 decessisse
1097 1356 1215 1394 tradit,
1230 1356 1429 1395 conjectura
1444 1364 1517 1385 mea
1534 1353 1654 1383 mirum

199 1406 234 1437 in
250 1405 385 1437 niodum
402 1406 640 1446 confirmatur3
664 1407 770 1438 Ibidis
798 1409 885 1439 enim
915 1414 1153 1449 paupertatem
1177 1408 1321 1440 Ovidius
1344 1409 1414 1448 ipse
1443 1407 1565 1446 innuit,
1591 1407 1653 1437 hae

198 1458 458 1499 imprecatione,
482 1469 583 1500 quarn
605 1461 777 1491 Domitius
804 1471 869 1491 non
894 1462 1073 1501 percepit:
1097 1464 1105 1478 ‘
1129 1462 1231 1491 Filius
1248 1466 1284 1491 et
1301 1461 1435 1491 Cereris
1451 1460 1575 1492 frustra
1592 1460 1653 1491 tibi

197 1521 332 1553 semper
348 1517 492 1550 ametur,
510 1512 759 1552 Destituatque
794 1519 867 1543 tuas
899 1524 1003 1554 usque
1022 1515 1149 1554 petitus
1169 1512 1272 1553 opes,⁷
1317 1513 1460 1544 Nasonis
1485 1514 1573 1543 enim
1598 1523 1654 1544 vo-

198 1570 268 1596 tum
284 1570 347 1604 est,
363 1569 399 1595 ut
417 1565 550 1603 Plutus,
576 1565 710 1595 Cereris
726 1570 761 1596 et
778 1565 858 1595 Iasii
886 1566 987 1605 filius,
1011 1567 1066 1607 qui
1093 1567 1288 1597 divitiarum
1314 1568 1409 1598 Deus
1435 1566 1478 1597 ab
1503 1566 1652 1607 antiquis

198 1617 334 1649 habitus
349 1623 414 1656 est,
429 1617 587 1648 molestas
604 1617 710 1648 Ibidis
730 1627 849 1658 preces
867 1628 1035 1659 nunquam
1046 1619 1221 1656 exaudiat,
1234 1629 1378 1660 eumque
1394 1629 1525 1659 semper
1542 1619 1656 1659 inopia

199 1670 355 1702 laborare
373 1671 471 1701 sinat.
520 1671 552 1701 Is
566 1675 618 1701 est
635 1675 761 1709 autem,
781 1671 877 1710 cujus
897 1672 1121 1712 Mytliologiei
1151 1672 1227 1701 libri
1248 1671 1394 1702 omnium
1411 1671 1564 1701 manibus
1581 1672 1653 1703 triti

198 1729 393 1764 supersunt,
409 1728 445 1754 ut
459 1725 580 1754 merito
598 1722 721 1754 fabulis
739 1725 817 1763 suis,
830 1725 923 1764 quasi
941 1725 1087 1765 propriis
1105 1724 1379 1765 armis,jngulari
1396 1725 1560 1755 videatur.
1585 1723 1655 1754 An-

200 1786 263 1807 non
292 1776 433 1807 mirifice
458 1777 571 1806 omnia
588 1777 817 1808 conveniunt?
842 1779 1000 1808 Ceterum
1029 1777 1177 1809 disticho
1206 1779 1359 1818 superius
1384 1777 1532 1808 adducto
1557 1777 1657 1818 Ciny-

199 1830 308 1869 phius.
325 1829 357 1860 id
377 1835 441 1867 est,
465 1828 662 1869 Africanus,
689 1839 707 1860 a
735 1830 900 1871 Cinyphe,
918 1831 1054 1870 Libyam
1084 1831 1245 1867 alluente,
1266 1831 1470 1869 nominatur,
1487 1830 1654 1871 quomodo

196 1882 300 1921 Juba,
314 1881 533 1912 Mauritaniae
554 1883 640 1920 Rex,
656 1882 698 1912 ab
713 1883 830 1913 eodem
849 1883 986 1914 Nasone
1010 1885 1150 1914 Metam.
1168 1894 1201 1914 v.
1221 1885 1230 1901 ‘
1245 1884 1473 1924 Numidasque
1499 1883 1656 1922 rebelles,

199 1934 473 1976 Cinyphiumque
487 1935 610 1966 ,Iubam
627 1934 648 1965 :’
673 1940 708 1966 et
724 1935 880 1966 Bocchus
901 1945 919 1965 a
932 1936 1071 1966 Sidonio
1087 1936 1300 1976 Panegyrico
1316 1936 1516 1976 Majoriani:
1542 1936 1550 1952 ‘
1567 1936 1653 1967 Cum

197 1987 305 2018 divite
321 1998 400 2019 cera
418 1988 543 2027 pinges
560 1988 717 2028 Cinyphii
736 1989 874 2027 captiva
891 1988 1037 2028 mapalia
1053 1989 1204 2019 Bocchi!
1238 1989 1328 2019 Hinc
1347 1988 1550 2029 Hesychius,
1566 1986 1655 2018 Κινύ-

198 2047 281 2079 φιον,
296 2041 415 2082 inquit,
431 2040 487 2071 τὸν
501 2040 642 2071 ’Avi-arbit
667 2041 728 2071 ἀπὸ
755 2040 891 2080 Κινὺφου
911 2042 966 2071 τοῦ
988 2042 1138 2080 ποταμῡῦ.
1175 2042 1322 2072 Tametsi
1340 2046 1486 2081 constet,
1509 2041 1653 2081 Regiam

200 2092 314 2124 Antaei
333 2093 374 2123 ad
391 2100 582 2124 extremum
601 2094 776 2125 Oceanum
794 2093 908 2125 fuisse.
934 2095 1033 2126 Unde
1052 2100 1210 2134 apparet,
1228 2095 1431 2134 Cinyphiuni
1451 2095 1655 2134 generaliter

198 2146 283 2176 sumi
310 2156 371 2186 pro
397 2147 536 2185 Libyco,
560 2157 652 2177 more
677 2148 808 2178 scilicet
837 2148 1029 2188 poetarum,
1053 2148 1176 2188 quibus
1198 2148 1358 2178 usitatum
1377 2148 1539 2188 peculiari
1559 2147 1654 2178 unius

197 2198 263 2229 loci
277 2199 410 2229 nomine
427 2203 531 2229 totam
548 2199 728 2239 designare,
747 2201 965 2240 provinciam.
1005 2202 1124 2241 Neque
1143 2210 1220 2231 vero
1243 2200 1349 2232 refert
1367 2201 1455 2241 quod
1474 2200 1555 2238 Ibis,
1570 2200 1655 2232 licet

198 2250 394 2291 AEgyptius,
412 2251 452 2281 ad
471 2251 661 2292 Cinyphem
687 2252 798 2283 editus
827 2253 994 2291 fingatur:
1022 2253 1134 2293 poetae
1158 2254 1322 2294 siquidem
1345 2264 1408 2284 non
1426 2255 1529 2284 semel
1547 2254 1654 2294 regio-

195 2312 274 2333 num
292 2303 480 2333 nominibus
509 2309 651 2343 propter
677 2305 834 2335 viciniam
861 2305 1058 2336 abutuntur.
1092 2306 1148 2336 Sic
1174 2307 1263 2336 enim
1289 2306 1506 2346 Claudianus,
1526 2311 1561 2337 et
1584 2309 1654 2347 ipse

197 2354 460 2394 Alexandrinus,
475 2356 531 2396 qui
551 2367 689 2388 uxorem
713 2358 746 2388 iu
771 2359 881 2398 patria
905 2358 1064 2397 duxerat,
1084 2359 1198 2400 Libyae
1221 2361 1450 2400 appellatione
1476 2370 1551 2389 usus
1579 2363 1650 2396 est;

196 2407 353 2449 idemque
373 2409 570 2440 Pelusiaeus
585 2415 620 2441 et
637 2410 829 2451 Canopicus
846 2422 863 2442 a
880 2412 1018 2442 Sidonio
1039 2413 1152 2442 dii-tus
1179 2418 1243 2450 ost,
1271 2423 1346 2443 eum
1372 2418 1483 2442 tamen
1510 2412 1654 2442 Alexan-

197 2459 280 2492 driae
295 2465 394 2491 natus
411 2466 510 2491 esset.
536 2462 590 2493 Sic
609 2462 778 2494 Ausonius
793 2465 944 2495 scribens
961 2465 992 2495 in
1012 2464 1277 2504 Monosyllabis:
1302 2467 1311 2480 ⁸
1327 2464 1530 2502 'l'lir‹·iciuin‚
1553 2464 1653 2505 Liby-

198 2521 275 2543 cum
298 2511 398 2552 freta,
423 2514 706 2556 Cimmeriumque
722 2516 810 2546 ferat
829 2516 913 2547 bos?
950 2517 1019 2546 Per
1039 2517 1199 2556 Libycum
1217 2516 1376 2555 iutelligit
1403 2517 1598 2555 llz'gyptum,
1616 2521 1653 2547 ut:

198 2565 349 2604 Scaliger
365 2567 571 2598 observavit.
594 2569 650 2600 Sic
669 2570 774 2599 Persa
792 2579 852 2608 pro
873 2569 987 2606 Medo,
1002 2574 1034 2597 ct
1054 2574 1182 2598 contra.
1215 2568 1270 2598 Sic
1288 2569 1319 2597 iu
1333 2569 1517 2598 Catalectis
1535 2569 1653 2600 Gallus

201 2626 263 2657 pro
279 2617 455 2656 Britanno,
475 2625 613 2659 propter
630 2623 803 2662 utriusque
823 2622 933 2659 gentis
952 2620 1171 2649 viciiiitaieiu.
1200 2620 1272 2663 ⁵Ita
1295 2621 1450 2660 quoniam
1479 2621 1652 2652 Hadriati-

197 2678 273 2700 cnm
291 2679 383 2700 mare
399 2670 495 2700 Ionio
512 2672 730 2712 conjungitur
745 2674 825 2703 κατὰ
837 2671 1002 2711 μετάδοσιν
1016 2672 1070 2700 τοῦ
1085 2670 1231 2708 ὀνόματος
1249 2672 1377 2703 Ionium
1396 2674 1600 2714 appellatur,
1616 2681 1652 2706 ct

198 2722 330 2754 lonium
348 2723 493 2754 vicissim
509 2723 759 2768 Hadriaticum,
775 2731 812 2757 ut
830 2725 1001 2768 Apollonii
1023 2725 1218 2756 scholiastes
1243 2725 1285 2756 ad
1311 2725 1393 2766 Arg.
1412 2736 1460 2758 ιν.
1476 2732 1513 2759 et
1530 2729 1651 2760 Eusta-
