1877 3193
545 196 699 228 EPIST.
732 197 799 226 Ex
833 197 991 228 PONTo
1026 198 1119 230 ΜΒ.
1152 200 1184 232 1.
1215 189 1257 230 2.

1511 189 1623 231 2505

177 289 369 330 Felicem
392 289 584 341 Nioben,
608 292 809 345 quamvis
826 296 891 335 tot
907 293 1056 335 funera
1076 293 1201 343 vidit,

233 356 349 406 Quae
370 359 517 411 posuit
535 371 711 399 sensum
732 373 872 401 saxea
890 360 1012 400 facta
1031 361 1159 401 mali!

174 422 270 465 Vos
292 438 467 478 quoque
487 425 650 475 felices,
673 440 856 480 quarum
879 428 1112 467 clamantia
1132 428 1309 469 fratrem

233 490 409 531 Cortice
434 493 594 534 velavit
612 494 805 547 populus
827 505 906 532 ora
924 493 1062 532 novo!

176 557 259 599 Ille
280 572 359 611 ego
379 573 488 608 sum,
510 560 673 611 lignum
695 560 769 612 qui
789 571 874 598 non
895 557 1095 599 admittar
1114 560 1159 598 in
1178 560 1341 601 ullum:

1570 562 1627 602 35

233 626 314 666 Ille
335 639 414 678 ego
437 639 546 676 sum,
567 627 728 667 frustra
745 626 819 678 qui
839 625 956 677 lapis
976 638 1073 665 esse
1091 626 1236 667 velim.

176 692 280 745 Ipsa
299 692 486 733 Medusa
508 694 651 734 oculis
671 694 823 735 veniat
843 693 948 733 licet
970 693 1107 733 obvia
1127 694 1302 744 nostris,

229 757 419 801 Amittat
439 761 551 801 vires
571 761 673 814 ipsa
697 759 885 800 Medusa
907 772 1028 799 suas.

174 824 391 875 Vivimus,
414 831 461 867 ut
480 840 606 867 sensu
628 838 848 879 nunquam
871 837 1100 866 careamus
1120 838 1294 869 amaro:

228 892 285 933 Et
303 894 474 945 gravior
492 894 624 945 longa
643 893 690 932 fit
709 905 809 932 mea
828 904 963 945 poena
985 904 1122 932 mora.

1570 896 1627 935 40

173 959 247 1000 Sic
267 960 593 1000 inconsumtum
613 960 735 1013 Tityi
757 972 1013 1012 semperque
1034 972 1265 1001 renascens

232 1026 333 1067 Non
356 1028 480 1080 perit,
503 1032 551 1069 ut
567 1028 712 1081 possit
731 1040 851 1080 saepe
873 1028 1023 1080 perire,
1040 1026 1182 1080 jecur.

172 1177 261 1208 quam
282 1169 375 1200 sensit
398 1173 443 1200 tot
460 1170 590 1208 funera,
605 1180 672 1209 quae
695 1170 727 1200 in
741 1179 850 1200 saxum
875 1172 996 1199 mutata
1019 1168 1157 1208 deposuit
1172 1177 1293 1198 sensum
1307 1167 1407 1199 mali!
1457 1169 1515 1200 Vos
1529 1169 1625 1200 etiam

172 1211 290 1249 beatas,
305 1222 432 1250 quarum
447 1223 499 1242 ora
525 1213 657 1242 citantiu
675 1212 811 1249 fratrem
833 1212 962 1250 populus
979 1211 1137 1240 obstruxit
1158 1210 1272 1240 recenti
1296 1211 1419 1241 cortice.
1466 1212 1535 1249 Ego
1559 1221 1625 1242 sum

172 1253 235 1290 ille,
258 1254 381 1292 quinon
403 1255 536 1293 recipiar·
561 1255 593 1284 in
616 1256 710 1283 ullum
731 1254 848 1291 lignum
861 1263 872 1288 ;
895 1263 950 1292 ego
965 1262 1030 1282 snm
1052 1253 1117 1290 ille,
1140 1253 1192 1291 qui
1215 1252 1413 1291 nequicquam
1428 1253 1549 1291 cupiam
1564 1262 1628 1283 esse

169 1304 288 1325 saxum.
336 1297 484 1330 Quamvis
499 1298 565 1335 ipsa
594 1296 726 1325 Medusa
750 1298 888 1325 occurrat
911 1295 1026 1324 nostris
1050 1295 1158 1332 oculis,
1183 1295 1250 1334 ipsa
1275 1295 1407 1325 IVIedicsa
1432 1296 1557 1325 excidat
1572 1305 1627 1325 sua

165 1337 319 1376 potentia.
371 1337 520 1377 Vivimus,
533 1340 568 1367 ut
592 1347 746 1376 nunquam
769 1346 929 1367 careamus
955 1346 1044 1367 sensu
1070 1338 1210 1367 molesto:
1237 1339 1267 1367 et
1282 1346 1380 1367 meum
1395 1337 1576 1376 supplicium
1581 1337 1628 1378 fit

169 1379 308 1419 asperius
322 1379 412 1418 longo
427 1383 573 1420 tempore.
620 1381 667 1410 Eo
683 1380 865 1418 modojecur
884 1379 970 1419 Tityi
982 1380 1205 1410 inconsumtum
1221 1382 1251 1410 et
1265 1389 1384 1420 semper
1399 1389 1558 1410 renascens
1568 1389 1628 1410 non

782 1463 1016 1476 eeeeeeeeeeee

171 1521 216 1547 tae
233 1515 322 1548 Edd.
338 1527 466 1557 corpora
482 1527 543 1557 pro
569 1519 790 1556 paterna—32
816 1517 899 1547 Mati
915 1526 957 1547 ex
973 1518 1015 1548 P.
1032 1520 1066 1546 et
1089 1516 1177 1547 Mor.
1193 1516 1251 1546 alii
1274 1516 1458 1547 malis.-—33
1484 1517 1523 1547 In
1540 1516 1627 1557 Gry-

169 1559 240 1599 phii
256 1559 406 1589 editione
423 1564 484 1596 est,
499 1559 681 1593 clementia;
704 1559 776 1589 sine
793 1558 895 1588 dublo
923 1568 1037 1589 errore
1054 1567 1244 1598 operarum,
1259 1559 1431 1598 expressit
1448 1563 1574 1598 tamen,
1590 1564 1628 1590 ut

172 1601 260 1631 solet
277 1602 395 1631 Barth.
410 1601 625 1638 Vincentius,
647 1601 703 1640 qui
721 1610 893 1640 nunquam
917 1600 990 1631 fere
1007 1610 1027 1630 a
1043 1600 1242 1640 Gryphiana
1266 1600 1415 1632 editione
1431 1601 1574 1636 recedit,
1591 1606 1627 1632 et

171 1648 282 1673 tamen
300 1643 357 1672 lias
376 1648 413 1673 ut
430 1652 522 1673 raras
541 1648 575 1672 et
601 1643 699 1673 utiles
723 1643 889 1673 editiones
906 1643 1053 1673 animose
1070 1652 1268 1682 comparare
1293 1644 1416 1681 solent,
1432 1653 1548 1673 earum
1570 1653 1627 1673 ve-

172 1694 244 1715 rum
270 1685 415 1724 pretium
439 1685 644 1724 ignorantes.
690 1685 730 1715 In
750 1685 950 1715 Sarraviano
976 1685 1180 1724 Fragmento
1206 1684 1323 1715 itidem
1339 1686 1501 1716 clementia
1524 1690 1624 1716 erat:

173 1728 315 1765 lugentia
340 1727 436 1766 prim.
465 1727 556 1757 Edit.
573 1731 608 1757 et
626 1733 693 1758 tres
721 1727 852 1768 scripti.
876 1727 1036 1758 Francius
1061 1728 1206 1764 volebat,
1228 1728 1443 1768 lacrymantia.
1466 1728 1627 1758 Burin.—

174 1773 213 1799 35
226 1770 387 1799 Admittat·
403 1769 526 1799 Heius.
541 1769 635 1800 dedit
649 1779 691 1800 ex
708 1770 764 1801 Sa.
780 1779 842 1810 pro
861 1770 947 1809 vulg.
960 1769 1207 1801 admittam—38
1220 1769 1291 1800 Alii
1304 1770 1443 1801 Amittet
1455 1770 1514 1801 vir.
1532 1770 1627 1801 Non-

174 1811 256 1841 nulli
274 1812 376 1842 etiam
394 1811 519 1842 habent
534 1813 593 1843 tir.
619 1812 761 1853 protinus
785 1813 852 1853 ipsa
879 1815 1047 1843 suas.—39
1070 1811 1146 1843 Pol.
1162 1822 1225 1844 car.
1248 1812 1445 1852 iniqua—40
1469 1812 1564 1843 Leid.
1585 1812 1627 1842 Ut

826 1918 971 1950 NOTAE

215 1992 254 2020 31
280 1990 415 2031 Nioben]
431 1993 486 2023 De
503 2001 542 2022 ea
555 1991 689 2023 Tantali
705 1991 784 2031 filia,
798 2001 872 2032 quae

174 2038 207 2069 in
221 2048 334 2070 saxum
349 2041 578 2082 diriguit‚jan1
594 2042 718 2083 saepius
731 2041 872 2073 dictum.

175 2088 335 2119 Fabulam
350 2089 425 2120 vide
442 2090 474 2120 iu
492 2092 633 2122 Metam.

216 2138 354 2179 Funera]
377 2140 537 2171 Filiorum
553 2146 698 2181 septem,
713 2141 871 2172 totidem-

174 2196 240 2227 que
257 2186 414 2225 filiarum,
431 2190 570 2221 Latouae
586 2191 634 2221 ira
650 2191 870 2221 sublatarum.

215 2240 256 2268 32
280 2238 405 2278 Posuit]
428 2238 546 2280 Atqui,
575 2244 611 2270 ut
637 2249 746 2280 neque
763 2240 872 2271 Naso-

173 2295 250 2318 nem
266 2287 376 2324 latuit‚
392 2288 522 2329 majora
547 2289 649 2320 etiam
675 2300 694 2320 a
709 2299 745 2320 se
767 2289 872 2330 impe-

175 2341 265 2368 trare
283 2342 398 2378 potest
423 2349 516 2370 mens
541 2340 699 2379 humana,
721 2342 748 2371 si
773 2340 873 2371 modo

176 2385 305 2417 viribus
331 2391 446 2419 utatur
473 2389 553 2430 suis,
568 2394 627 2421 aut
648 2390 687 2421 iis
714 2390 763 2421 uti
790 2389 875 2420 didi-

175 2434 273 2466 cei-it.

218 2485 259 2513 33
288 2485 362 2524 Vos]
380 2486 544 2519 Heliades
562 2489 657 2529 dicit,
673 2500 747 2531 quae
765 2489 873 2521 Phae-

176 2531 301 2562 thontis
317 2533 430 2566 fratris
447 2547 561 2569 casum
580 2545 674 2570 tanto
689 2541 782 2571 luctu
797 2549 872 2580 pro·

177 2585 316 2617 secutae,
333 2588 370 2613 ut
387 2584 532 2626 denique
555 2589 808 2629 obstupuerint,
823 2594 872 2620 at-

177 2639 244 2670 que
270 2630 304 2660 in
329 2631 433 2670 alnos,
450 2639 486 2663 ut
506 2636 618 2673 placet
641 2638 798 2679 Virgilio,
817 2639 872 2670 vel

176 2681 210 2711 in
225 2680 381 2722 populos,
397 2691 439 2713 ex
453 2683 590 2717 aliorum
606 2689 786 2730 sententia,
802 2699 871 2723 mu-

177 2735 261 2763 tatae
277 2730 354 2763 sint.

970 1994 1010 2023 37
1034 1991 1181 2033 Medusa]
1207 1992 1312 2032 Cujus
1338 1993 1449 2023 vultus
1475 1992 1625 2024 homines

926 2041 960 2071 in
979 2050 1061 2072 saxa
1088 2042 1252 2083 mutabat,
1280 2046 1317 2073 ut
1342 2041 1415 2074 fuse
1437 2043 1566 2075 dictum
1590 2044 1625 2075 in

926 2091 1068 2121 Metam.

969 2142 1010 2169 38
1032 2140 1185 2180 Amittat]
1214 2141 1304 2173 Quia
1319 2141 1353 2172 in
1369 2151 1486 2174 saxum
1501 2144 1626 2175 mutari

926 2197 1104 2230 nequeam,
1119 2190 1175 2230 qui
1197 2189 1349 2222 ferendis
1371 2193 1512 2224 miseriis
1526 2198 1626 2226 natus

926 2237 1056 2268 videor.

970 2289 1009 2318 41
1038 2286 1141 2327 Tityi]
1166 2286 1246 2328 Hic,
1270 2289 1366 2321 Jovis
1396 2300 1438 2321 ex
1465 2291 1567 2322 Elara
1588 2290 1625 2322 fi-

927 2337 1001 2377 lius,
1015 2347 1091 2368 cum
1106 2338 1245 2369 Latonae
1258 2339 1326 2370 vim
1342 2339 1469 2371 inferre
1486 2345 1627 2371 conatus

928 2392 1028 2426 esset,
1044 2387 1087 2417 ab
1111 2387 1271 2428 Apolline
1287 2394 1323 2420 et
1339 2390 1447 2421 Diana
1462 2390 1626 2429 confixus,

926 2441 1028 2478 atque
1045 2437 1088 2467 ad
1106 2437 1238 2469 Inferos
1263 2439 1474 2478 deturbatus,
1499 2439 1624 2470 ibidem

921 2487 1021 2527 jecur
1036 2496 1169 2528 semper
1192 2497 1370 2518 renascens
1388 2487 1513 2518 vulturi
1536 2497 1624 2529 prae-

927 2536 986 2567 bet
999 2536 1225 2567 exedendum.
1250 2537 1360 2568 Quam
1378 2535 1525 2566 fabulam
1541 2537 1624 2569 satis

927 2590 1045 2626 aperte
1062 2585 1116 2615 liic
1133 2589 1262 2622 noster,
1278 2584 1367 2624 quod
1387 2589 1422 2615 et
1444 2586 1624 2617 ‚Lucretius

926 2635 1049 2674 aliique
1065 2632 1232 2672 fecerunt,
1243 2633 1284 2663 de
1299 2633 1389 2664 curis
1404 2638 1505 2676 atque
1522 2633 1622 2667 animi

925 2681 1196 2716 solicitudinibus
1212 2683 1362 2724 exponit.
