1877 3193
829 145 879 177 m
917 147 1038 179 inm.
1539 141 1654 185 2759

198 241 263 283 plis
291 239 470 274 admodum
488 241 628 273 utilibus
653 241 845 281 illustratis,
867 243 1008 274 nominis
1026 242 1076 274 sui
1092 241 1195 274 decus
1210 241 1252 274 ad
1269 246 1425 284 posteros
1443 246 1658 286 propagavit.

199 293 442 335 Heidelbergae
459 295 545 326 obiit
562 305 650 326 anno
668 297 761 326 1558.
776 296 903 327 relictis
920 295 1052 327 duobus
1067 295 1145 326 filiis
1157 295 1305 336 disparis
1317 297 1431 337 sortis,
1444 296 1555 329 Julius
1567 299 1656 331 enim

197 347 432 379 Cancellarius
457 347 521 380 fnit
544 348 706 379 Ludovici
731 349 899 380 Electoris
915 349 1076 388 Palatini,
1092 350 1177 380 alter
1196 358 1275 379 vero
1291 353 1403 380 sartor
1419 353 1494 380 erat
1520 350 1659 381 Heidel-

196 397 381 438 bergensis.
427 402 510 432 Tum
525 402 726 432 Franciscus
741 402 899 432 Sanctius
916 402 1099 432 Brocensis
1118 402 1192 432 huic
1209 401 1336 433 chartae
1354 402 1533 442 impalluit,
1549 406 1584 434 et
1599 403 1662 434 ali-

197 451 276 491 quid
299 453 333 483 in
350 464 423 485 eam
441 464 508 485 uon
526 455 623 495 parvi
648 454 809 484 momenti
825 454 982 485 contulit.
1027 452 1257 486 Accesserunt
1273 454 1430 495 Gregorii
1445 455 1658 496 Bersmmni,

197 504 410 537 Constantini
429 507 602 544 Fanensis,
625 511 660 537 et
678 505 836 536 Herculis
856 504 987 535 Ciofani
1004 505 1233 536 Sulmonensis
1250 508 1394 547 scholia3
1419 517 1545 549 eosque
1561 518 1657 540 secu-

196 562 250 588 tus
267 563 320 589 est
337 559 486 590 Didacus
506 560 623 590 Mexia
638 558 864 598 Hispalensis,
877 558 935 599 qui
948 557 1037 598 apud
1052 558 1254 589 Mexicanos
1268 559 1371 591 Indos
1385 561 1446 592 hoc
1463 561 1658 601 poemation

195 609 229 640 in
260 610 449 651 Hispanam
478 612 626 651 linguam
651 610 818 648 traduxit,
842 615 877 642 et
901 610 1138 642 annotationes
1162 613 1362 643 vernaculas
1385 613 1523 653 adjecit,
1547 613 1658 645 editas

195 663 333 703 Hispali
348 675 435 696 anno
453 667 547 695 1608.
563 674 645 704 quas
655 663 857 694 humanitati
875 662 1037 694 debemus
1053 663 1176 695 Jacobi
1195 664 1522 705 Mantelli,hominis
1538 667 1657 708 exqui-

192 714 259 747 sita
276 716 442 748 doctrina.
488 716 644 747 Vidimus
662 722 696 747 et
714 726 790 757 quae
807 717 959 748 Joannes
977 715 1171 756 Grejonius‚
1188 716 1336 759 itemque
1358 719 1507 751 ,Iacobus
1521 719 1656 751 Andre-

193 768 266 800 vius
282 770 444 810 Lutetiae,
467 780 590 810 magno
612 771 856 811 discipulorum
875 771 994 810 plausu
1011 770 1160 801 dictasse
1178 770 1335 802 feruntur
1351 783 1358 810 ;
1381 772 1437 803 hic
1453 781 1540 803 anno
1557 775 1654 804 1584.

194 821 250 852 ille
267 824 361 854 1571.
403 823 471 854 Sed
488 824 520 854 in
538 823 602 853 illis
619 833 729 854 merus
745 823 927 860 Domitius,
954 827 1124 863 pra‘terea
1152 823 1244 855 nihil.
1289 825 1468 856 Postremo
1494 826 1653 858 Valerius

194 873 349 906 Andreas
381 876 555 907 Desselius
586 876 732 916 plurima
752 877 899 907 lectione
925 877 1098 908 exercitus
1123 886 1190 907 non
1215 877 1445 917 poenitendam
1465 888 1602 919 operam
1620 879 1655 910 in

192 926 255 958 hac
270 928 397 969 Sparta
413 929 565 960 ornanda
586 929 784 968 collocavit,
810 929 910 960 editis
935 939 1021 959 anno
1050 932 1143 960 1613.
1166 930 1395 970 locupletibus
1422 932 1534 963 Notis.
1579 931 1654 962 Nec

193 981 264 1011 sine
296 982 432 1022 piaculo
462 988 664 1023 praeteream
693 982 879 1014 Antonium
905 983 1054 1013 Urccum
1083 983 1242 1022 Codrum,
1273 984 1396 1015 Janum
1423 984 1654 1025 Parrhasium,

194 1032 365 1074 Angelum
383 1035 601 1075 Pontianum,
616 1036 782 1067 Ardream
800 1035 984 1076 Alciatum,
1003 1036 1194 1076 Baptistam
1213 1037 1323 1076 Pium,
1340 1037 1485 1069 Paulum
1502 1039 1652 1079 Leopar-

192 1086 485 1126 dum,Adrianum
503 1090 714 1128 Turnebum,
738 1090 926 1130 Josephum
951 1089 1174 1130 Scaligerum,
1201 1090 1369 1122 Didacum
1397 1091 1653 1130 Covmruviam,

192 1139 418 1181 Abstemimn‚
447 1142 675 1184 Hartnmgum,
703 1143 869 1183 Lipsium,
894 1142 1082 1182 Schottum,
1107 1142 1263 1184 (Jupiter
1279 1153 1361 1184 quos
1378 1144 1497 1184 viros,)
1523 1144 1580 1185 qui
1598 1145 1655 1175 vel

190 1193 224 1223 in
242 1192 458 1225 Adversariis
474 1200 509 1226 et
526 1195 755 1226 Miscellaneis
770 1195 886 1226 dedita
903 1204 1019 1235 opera,
1036 1195 1088 1226 vel
1103 1195 1134 1224 in
1153 1195 1226 1226 aliis
1241 1196 1410 1236 opusculis
1425 1197 1538 1228 obiter
1554 1206 1653 1238 quos-

191 1245 268 1276 dam
296 1247 441 1278 Nasonis
465 1247 556 1278 locos
584 1252 819 1286 excusserunt,
839 1252 876 1278 ut
900 1257 979 1278 vere
998 1247 1040 1278 de
1057 1247 1121 1278 hoe
1142 1248 1316 1288 poematio
1333 1248 1401 1279 dici
1417 1250 1539 1289 possit,
1562 1251 1570 1266 ‘
1589 1250 1653 1280 Cui

190 1308 258 1329 non
274 1299 385 1330 dictus
403 1301 513 1340 Hylas
527 1299 548 1330 Σ)
591 1299 790 1340 Suppudeat
816 1304 944 1338 autem,
968 1301 976 1315 ‘
993 1309 1046 1330 me
1064 1310 1197 1341 quoque
1215 1301 1426 1341 principibus
1452 1302 1652 1341 permistum

187 1360 370 1391 agnoscere
385 1352 547 1391 Achivis‚’
563 1353 616 1383 cui
633 1353 660 1382 si
677 1357 821 1392 paterna
845 1362 898 1383 res
926 1351 1197 1384 administranda
1217 1353 1319 1393 foret,
1333 1354 1447 1385 aetatis
1464 1355 1562 1385 venia
1584 1364 1652 1386 non

188 1403 338 1436 daretur.
382 1406 426 1437 Et
456 1415 534 1436 vero
553 1410 629 1446 post
645 1410 697 1437 tot
713 1405 914 1437 eruditionis
932 1411 1098 1446 spectatae
1116 1407 1204 1438 viros
1229 1409 1262 1438 in
1288 1408 1430 1439 eandem
1456 1409 1650 1450 palaestram

189 1458 412 1498 descendere,
436 1459 499 1489 hoc
516 1468 636 1489 revera
651 1463 704 1489 est
725 1463 802 1498 post
818 1458 979 1488 Roscium
1008 1459 1042 1488 in
1067 1468 1170 1488 scena
1187 1460 1273 1489 velle
1290 1465 1422 1499 gestum
1439 1470 1540 1501 agere
1557 1472 1565 1499 ;
1589 1462 1650 1492 sed

188 1512 267 1552 quia
283 1512 380 1551 jacta
397 1516 450 1542 est
467 1512 552 1550 alea,
569 1511 784 1542 efficiendum
811 1516 876 1549 est,
898 1520 940 1540 ne
958 1510 1127 1551 mihijure
1145 1521 1267 1542 novum
1285 1522 1369 1552 opus
1386 1513 1575 1552 nuntietur,
1591 1518 1651 1545 aut

187 1563 374 1594 interdicto
391 1564 480 1604 quod
499 1564 544 1601 vi,
566 1569 626 1605 gut
643 1564 728 1594 clam
747 1573 877 1594 mecum
899 1563 952 1604 agi
970 1563 1087 1603 possit.
1135 1564 1312 1595 Neminem
1342 1565 1442 1596 lande
1474 1576 1534 1597 sua
1560 1565 1650 1598 frau-

188 1616 288 1656 dabo,
312 1616 432 1647 nobilis
459 1617 547 1646 enim
575 1616 654 1647 milii
679 1626 814 1656 semper
839 1615 909 1646 visa
936 1621 987 1647 est
1012 1617 1066 1647 lex
1086 1617 1143 1647 illa
1159 1619 1393 1658 Laurentium,
1411 1620 1461 1650 Ne
1474 1630 1594 1659 pomum
1610 1630 1650 1651 ex

187 1670 297 1701 alieno.
343 1670 464 1710 Itaque
482 1671 675 1709 praecipnus
691 1670 746 1700 hic
763 1669 857 1700 nobis
875 1679 997 1709 scopus
1013 1670 1055 1700 ob
1071 1671 1186 1700 oculos
1204 1672 1282 1710 erit,
1296 1677 1333 1702 ut
1351 1682 1425 1714 quae
1441 1672 1651 1712 obscuriora,

188 1723 333 1754 necdum
359 1723 514 1763 cuiquam
540 1722 711 1762 explicata
728 1727 817 1761 sunt,
833 1721 943 1762 quoad
961 1722 1034 1762 ejus
1050 1722 1124 1753 fieri
1143 1724 1284 1763 poterit,
1300 1725 1503 1756 illustratum
1520 1734 1649 1756 eamus.

186 1777 398 1807 Excusorum
425 1776 529 1806 etiam
552 1776 710 1807 librorum
735 1776 884 1806 maculas
900 1785 1000 1806 manu
1016 1776 1220 1817 scriptorum
1237 1786 1315 1817 ope,
1339 1782 1397 1808 aut
1414 1782 1508 1809 certe
1523 1778 1586 1818 ipsi
1604 1779 1647 1810 de

187 1828 321 1870 ingenio
339 1830 501 1860 eluamus.
547 1829 665 1860 Prima
681 1829 815 1870 quidem
830 1829 983 1860 editione
1002 1829 1289 1861 Observationum
1315 1836 1505 1861 nostrarum
1530 1830 1649 1863 diffici-

185 1882 270 1913 liora
286 1883 441 1923 quaedam
458 1883 533 1913 loca
549 1883 724 1913 saltuatim
741 1883 982 1923 selegeramus.
1008 1883 1168 1914 Plauiora
1185 1887 1218 1913 et
1236 1894 1309 1923 quae
1324 1885 1365 1914 al)
1380 1884 1452 1914 aliis
1468 1884 1649 1914 enucleata

187 1936 323 1967 silentio
341 1937 645 1967 transmiseramus.
692 1937 794 1967 Nunc
821 1936 961 1967 hortatu
992 1936 1139 1967 virorum
1168 1936 1390 1976 acrijudicio,
1406 1936 1593 1967 uberiorem
1611 1942 1648 1967 et

187 1995 388 2029 perpetuum
407 1990 684 2020 commentarium
703 1989 833 2027 damus,
850 1998 891 2018 ne
908 1988 974 2019 alio
992 1989 1176 2028 quaerenda
1196 1989 1237 2019 sit
1254 1988 1445 2019 fabularum
1464 1989 1571 2020 minus
1588 1989 1648 2019 ob-

187 2040 316 2071 viarum
343 2043 528 2072 enarratio.
575 2044 776 2082 Quanquam
804 2050 847 2071 ne
870 2040 917 2070 sic
943 2040 1080 2081 quidem
1107 2050 1167 2071 nos
1184 2050 1301 2071 omnes
1319 2041 1458 2081 hujusce
1474 2040 1579 2071 libelli
1596 2051 1648 2072 sa-

186 2093 296 2124 lebras
314 2096 557 2134 explanaturos
575 2095 786 2135 pollicemur,
799 2098 834 2123 ut
849 2093 958 2134 quivis
972 2092 1133 2132 deinceps
1151 2092 1315 2123 inoffenso
1332 2093 1417 2132 pede
1433 2102 1648 2134 quacumque

186 2147 444 2187 progrediatur;
462 2147 494 2178 id
511 2148 598 2178 enim
617 2147 815 2187 pleniorem,
830 2156 929 2187 quam
944 2150 1025 2176 artas
1043 2150 1159 2176 nostra
1174 2145 1275 2185 ferat,
1290 2146 1514 2176 eruditionem
1529 2151 1647 2186 postu-

185 2200 246 2232 lat.
292 2200 427 2231 Deinde
445 2201 550 2231 multa
566 2207 644 2231 sunt
664 2201 696 2230 iu
714 2210 766 2239 co,
785 2210 859 2240 quae
885 2202 893 2215 ¹
913 2200 974 2230 nisi
990 2199 1118 2239 Sibylla
1145 2199 1289 2238 legerit,'
1315 2204 1351 2229 ut
1372 2200 1419 2229 ait
1436 2199 1526 2239 apud
1544 2199 1646 2230 Plau-

185 2257 256 2283 tum
282 2253 480 2291 Pseudolus,
503 2254 748 2294 ‘interpretari
778 2253 878 2283 alium
908 2263 1006 2293 posse
1035 2262 1111 2283 reor
1136 2252 1327 2291 nemiuem,'
1352 2252 1539 2293 cujusmodi
1567 2257 1646 2283 silut

184 2306 270 2337 ista:
295 2307 304 2321 ‘
321 2307 393 2336 Aut
416 2307 509 2336 velut
527 2307 666 2346 Euryali
683 2307 739 2347 qui
757 2313 927 2346 sceptrum
946 2307 1039 2346 cepit
1054 2306 1096 2337 al)
1112 2307 1181 2344 illo,
1209 2306 1285 2336 Sint
1301 2311 1394 2336 artus
1409 2305 1513 2335 avidis
1528 2306 1646 2345 angui·

185 2358 246 2389 bus
259 2369 336 2389 esca
355 2359 427 2390 tui.’
471 2361 514 2390 Et
533 2361 617 2390 ista:
645 2361 652 2376 ‘
671 2359 743 2391 Aut
761 2360 816 2400 pia
834 2366 867 2390 te
884 2370 971 2390 caeso
989 2360 1125 2390 dicatur
1142 2360 1308 2397 adultera,
1326 2360 1411 2389 sicut
1430 2360 1504 2390 Qua
1519 2358 1645 2388 cecidit

185 2412 324 2443 Leucon
342 2411 588 2449 vindice‚dicta
606 2412 662 2455 pia
678 2412 755 2443 est.’
803 2413 889 2444 Item
909 2413 984 2443 illa:
1009 2414 1018 2429 ‘
1036 2413 1189 2443 AEtlialou
1208 2418 1244 2442 ut
1262 2413 1330 2442 vita
1347 2411 1505 2449 spoliavit
1522 2410 1642 2440 Isidius

184 2464 319 2504 hospes,
346 2466 455 2496 Quem
485 2474 613 2495 memor
630 2475 649 2495 a
665 2465 768 2495 sacris
787 2475 874 2495 nunc
900 2476 1032 2506 quoque
1060 2466 1157 2504 pellit
1182 2465 1230 2495 10.
1278 2464 1391 2503 thue
1412 2462 1644 2494 Melantheum

185 2517 336 2547 tenebris
354 2527 372 2546 a
389 2516 483 2546 cande
501 2517 661 2548 latentem
686 2518 843 2548 Prodidit
865 2517 977 2548 officio
998 2519 1130 2547 luminis
1154 2518 1228 2556 ipsa
1252 2515 1396 2555 parens)
1443 2516 1486 2546 Et
1508 2515 1643 2556 similia,

183 2579 327 2609 quorum
345 2569 580 2608 interpretatio
599 2572 748 2610 petenda
764 2576 852 2601 esset
870 2571 910 2601 ab
929 2571 992 2600 illis
1008 2569 1232 2609 scriptoribus
1254 2569 1309 2609 qui
1334 2568 1494 2608 temporis
1519 2568 1641 2608 injuria

185 2621 301 2653 amissi
318 2621 416 2651 triste
435 2621 528 2651 nobis
541 2628 576 2652 et
592 2625 748 2658 acerbum
763 2624 813 2655 sui
830 2622 1035 2654 desiderium
1053 2623 1275 2662 reliquerunt.
1322 2621 1389 2652 Hic
1411 2621 1499 2652 enim
1515 2620 1640 2653 fabulae

184 2673 341 2717 quaedam
366 2673 437 2705 sive
462 2673 611 2706 historiae
640 2680 840 2718 tanguntur,
868 2684 1008 2717 quarum
1034 2674 1123 2715 apud
1151 2683 1252 2705 unum
1276 2673 1442 2705 duntaxat
1467 2678 1639 2706 auctorem
