1863 3193
235 156 350 200 2236

279 260 337 293 dat
351 259 519 293 conscribi
544 260 578 292 in
605 261 712 302 prima
737 261 844 293 libelli
870 260 1002 293 fronte:
1027 270 1094 303 quo
1116 262 1225 293 lector
1247 260 1480 303 admoneatur,
1493 260 1577 294 illud
1601 272 1684 304 opus

276 313 531 347 inemendatum
546 313 660 346 subita
676 315 749 356 ejus
765 315 1042 347 consternatione
1058 314 1282 348 circumferri.

718 168 760 198 P.
792 167 950 198 OVIDH
983 166 1198 198 NASONIS

237 429 299 489 Si
319 449 418 503 quis
437 448 573 490 habes
589 450 724 491 nostri
744 449 906 491 similes
925 450 971 491 in
992 449 1178 503 imagine
1198 449 1342 490 vultus
1359 462 1371 502 3

295 515 436 557 Deme
455 517 564 557 meis
584 516 786 567 hederas,
808 517 1007 558 Bacchia
1026 522 1158 567 serta,
1181 517 1336 558 comis.

238 582 333 624 Ista
354 583 507 626 decent
526 586 653 626 laetos
674 584 822 625 felicia
842 585 968 637 signa
985 584 1161 638 poetas.

293 649 583 703 Temporibus
600 664 685 692 non
703 655 768 692 est
788 657 897 705 apta
917 665 1080 693 corona
1099 652 1223 693 meis.

240 714 356 757 Haec
376 717 456 757 tibi
477 718 746 769 dissimulas,
768 720 905 760 sentis
927 722 1088 769 tamen,
1111 720 1290 772 optime,
1311 717 1413 769 dici,
1662 717 1690 756 5

296 783 349 823 In
372 783 506 837 digito
528 786 604 839 qui
622 799 691 826 me
711 786 884 840 fersque
904 787 1125 840 refersque
1147 791 1235 828 tu0.

237 848 517 904 Effigiemque
536 865 676 893 meam
697 852 820 893 fulvo
842 855 1099 906 complexus
1119 854 1164 892 in
1185 864 1289 893 auro

295 915 410 956 Cara
428 917 617 969 relegati,
640 930 730 970 qua
750 920 892 970 potes,
914 930 991 958 ora
1009 918 1149 959 vides.

239 980 352 1031 Quae
373 983 541 1035 quoties
559 986 750 1035 spectas,
776 983 928 1023 subeat
937 984 1026 1025 -tibi
1046 985 1189 1025 dicere
1209 985 1374 1034 forsan,

296 1047 442 1098 Quam
460 1049 612 1101 procul
632 1062 659 1089 a
677 1050 805 1089 nobis
827 1049 954 1090 Naso
975 1052 1143 1092 sodalis
1166 1052 1317 1092 abest!

238 1114 378 1156 Grata
396 1119 472 1156 tua
492 1118 558 1155 est
577 1115 717 1168 pictas
735 1129 744 1156 ε
776 1115 852 1156 sed
873 1115 1065 1156 carmina
1085 1117 1226 1170 major
1246 1119 1390 1169 imago

297 1181 406 1223 Sunt
422 1195 542 1234 mea3
573 1195 673 1235 quae
693 1181 850 1223 mando
872 1182 1211 1237 qualiacumque
1230 1184 1363 1237 legas.

1631 1048 1688 1089 10

281 1324 320 1355 Si
333 1326 400 1365 quis
413 1325 502 1356 habes
510 1325 626 1363 faciem
641 1326 771 1357 similem
795 1330 907 1358 nostroe
932 1328 965 1358 in
989 1328 1100 1370 effigie,
1122 1329 1193 1359 tolle
1208 1338 1248 1358 ex
1261 1327 1339 1358 meis
1352 1326 1472 1365 capillis
1486 1326 1626 1362 hederas,
1654 1330 1691 1358 et

238 1377 363 1398 coronas
379 1368 557 1399 Bacchicus.
605 1369 671 1399 Ista
687 1369 803 1400 indicia
816 1371 998 1401 conveniunt
1016 1370 1163 1408 felicibus
1174 1370 1296 1411 po'e'tis:
1319 1373 1403 1400 serta
1417 1379 1476 1399 uon
1490 1372 1562 1399 sunt
1578 1370 1689 1408 idonea

239 1410 315 1440 meis
329 1411 522 1450 temporibus.
558 1411 747 1442 Dissimulas
758 1412 882 1452 optime,
894 1413 946 1452 qui
954 1412 1025 1451 fers
1037 1416 1127 1453 atque
1141 1413 1241 1451 refers
1251 1423 1297 1443 me
1312 1413 1343 1442 in
1355 1412 1457 1450 dig-ito
1471 1415 1538 1450 tuo,
1551 1411 1689 1442 advertis

237 1454 340 1482 tamen
356 1452 420 1483 hoec
435 1452 494 1483 tibi
507 1453 580 1484 dici.
622 1453 724 1493 Atque
737 1456 912 1494 complexus
926 1465 1024 1486 meam
1038 1455 1204 1495 imaginem
1219 1456 1251 1486 in
1258 1456 1345 1496 flavo
1360 1464 1446 1493 auro,
1459 1454 1602 1492 intueris,
1617 1463 1690 1493 qua-

237 1496 325 1524 tenus
344 1495 426 1533 licet,
453 1496 554 1526 vultus
568 1494 693 1526 dilectos
707 1495 844 1536 profugi.
891 1497 974 1532 Quos
998 1498 1117 1537 quoties
1132 1498 1274 1537 intueris,
1292 1497 1378 1535 forte
1393 1499 1551 1527 succurrat
1572 1496 1688 1534 dicere,

240 1535 342 1570 Quam
357 1537 444 1575 longe
458 1548 476 1567 α
491 1537 577 1568 nobis
591 1537 675 1569 abest
694 1539 778 1569 Naso
796 1539 894 1570 socius
905 1539 919 1570 !
951 1540 1102 1580 Acceptus
1115 1543 1159 1571 est
1175 1544 1247 1571 tuus
1261 1549 1347 1571 amor
1358 1550 1370 1576 ;
1392 1549 1498 1569 verum
1510 1540 1570 1569 mei
1584 1547 1690 1568 versus

238 1581 309 1608 sant
320 1580 524 1618 praestantior
538 1580 666 1622 effigies,
678 1591 750 1621 quos
763 1583 991 1622 qualescumque
998 1582 1090 1621 jubeo
1101 1585 1134 1613 ut
1147 1583 1240 1622 legas.
1290 1583 1402 1614 Versus
1417 1583 1556 1612 docentes
1561 1581 1690 1621 figuras

848 1665 1080 1678 “““““““““

280 1718 296 1746 1
325 1716 433 1747 Nostri
449 1726 490 1748 ex
510 1728 568 1749 sex
585 1719 801 1750 melioribus:
833 1720 923 1759 vulg.
940 1721 1130 1751 nostris—2
1155 1719 1320 1751 Meliores
1336 1718 1495 1755 Bacchia;
1520 1717 1577 1748 alii
1602 1717 1684 1747 Bac-

238 1755 397 1788 chiam—5
412 1759 452 1789 In
468 1761 651 1792 veterrimo
667 1763 709 1792 V.
725 1762 794 1792 Hoc
809 1762 867 1792 tibi
882 1763 1052 1802 dissimula,
1063 1763 1142 1794 senti
1158 1767 1180 1793 t.
1193 1766 1257 1802 opt.
1273 1763 1306 1792 d.
1321 1765 1356 1792 et
1372 1762 1405 1792 in
1421 1761 1494 1791 aliis
1510 1760 1612 1790 omnia
1624 1768 1687 1799 pro

238 1802 301 1846 opt.
346 1799 435 1831 Dan.
452 1802 571 1834 Heius.
586 1808 684 1843 putat
699 1805 878 1845 legendum
896 1810 931 1835 ct
954 1806 1228 1845 distinguendum
1253 1805 1333 1835 Hoec
1349 1807 1373 1835 t.
1398 1800 1602 1842 (dissimula)
1620 1810 1688 1832 sen-

238 1844 396 1888 tis-tamen
410 1844 511 1874 omnia
522 1847 553 1876 d.
598 1847 759 1877 Nostram
777 1848 857 1878 leet.
876 1847 997 1886 probat
1016 1848 1134 1879 Heius.
1180 1848 1220 1878 In
1236 1847 1352 1876 multis
1367 1844 1502 1883 scriptis
1519 1847 1594 1873 erat
1606 1843 1688 1874 Haec

237 1882 296 1912 tzbz
308 1883 481 1925 dissimula,
496 1888 575 1918 senti
591 1892 705 1927 tamen,
728 1889 840 1929 optime
862 1890 1002 1920 ‹lici-6
1028 1889 1094 1920 Pro
1123 1889 1250 1927 refersq.
1275 1887 1393 1917 Heius.
1418 1885 1552 1915 videtur
1566 1884 1687 1925 ferusq.

239 1926 548 1964 reponendum—S
574 1931 668 1961 Clara
685 1932 742 1962 rel.
767 1936 913 1972 quatuor
936 1932 1075 1970 scripti:
1101 1935 1136 1961 et
1160 1934 1230 1961 tres
1254 1928 1417 1958 exhibent
1431 1938 1512 1967 qua;
1535 1927 1591 1957 alii
1607 1937 1687 1967 quae.

239 1970 301 1997 —9
324 1968 393 1999 Pro
403 1968 513 2006 forsan
529 1971 568 2002 P.
585 1972 647 2002 Be.
665 1977 700 2003 et
722 1978 854 2012 septem
870 1973 925 2003 alii
940 1973 1147 2004 saltem.——10
1172 1972 1212 2001 In
1232 1968 1386 2001 Francof.
1402 1975 1487 2010 erat,
1509 1969 1591 2010 abeS‚
1616 1970 1687 2000 ele·

239 2013 370 2048 gauter,
385 2015 422 2042 ut
439 2012 539 2042 verba
554 2014 626 2044 haee
644 2014 711 2045 sint
726 2014 768 2045 ad
785 2014 892 2054 ipsam
910 2015 1100 2052 imaginem,
1125 2022 1223 2054 quam
1246 2012 1480 2052 contemplans
1497 2012 1621 2043 amicus
1638 2011 1688 2043 ita

239 2051 434 2094 alloquitur,
455 2054 521 2094 Tu,
538 2055 643 2094 Naso,
660 2065 759 2095 quam
776 2056 892 2095 procul
911 2056 991 2086 abes
1006 2056 1011 2085 !
1047 2056 1247 2087 Barim—12
1270 2055 1378 2086 Servii
1396 2055 1480 2086 Cod.
1496 2055 1581 2087 Dent
1598 2063 1663 2085 mea
1676 2064 1687 2084 .-

892 2153 1031 2186 NOTAE

282 2227 301 2256 2
325 2224 480 2266 Hederas]
513 2227 597 2260 Quae
615 2227 750 2260 Baccho
771 2228 870 2260 etiam
887 2238 936 2261 sa-

240 2285 320 2315 crae,
338 2276 524 2317 quibusque
549 2277 666 2309 Poe'tae
685 2280 838 2310 coronari
864 2289 936 2319 ges-

240 2324 383 2356 tiebant.
428 2326 547 2367 Neque
570 2336 648 2358 vero
664 2328 819 2360 Bacchus
833 2329 936 2361 dolia-

988 2239 1116 2262 omnes.
1170 2230 1336 2262 Generosi
1368 2228 1496 2270 qnippe
1533 2231 1585 2259 est
1618 2237 1686 2260 non

987 2281 1096 2312 minus
1110 2280 1253 2311 amicum
1269 2279 1418 2310 adversis
1432 2287 1529 2320 quam
1546 2287 1686 2318 prospe-

989 2330 1034 2361 ris
1070 2331 1172 2362 rebus
1202 2331 1327 2361 colere.
1379 2328 1427 2360 At
1463 2333 1570 2368 certe,
1603 2328 1684 2359 laeso

240 2375 286 2405 ris
301 2375 435 2416 quidam
455 2375 520 2408 fuit
545 2377 669 2410 nebulo
683 2380 773 2421 apud
789 2384 935 2421 veteres,

240 2425 372 2465 qualem
394 2425 527 2467 fingunt
554 2428 756 2469 ineptissimi
772 2430 934 2470 pictoreS,

241 2479 277 2504 et
303 2484 377 2506 cum
392 2476 459 2507 illis
476 2478 661 2518 popinones
676 2479 843 2511 hodierni.
887 2479 932 2510 Il-

241 2524 308 2554 lum
331 2525 363 2555 in
380 2528 514 2559 remotis
538 2529 677 2569 rupibus
703 2530 853 2561 carmina
877 2529 934 2561 do·

241 2577 373 2604 centem
391 2575 473 2606 vidit
486 2578 563 2609 olim
576 2579 730 2619 Flaccus,
746 2580 934 2621 Nymphas-

240 2631 305 2663 que
335 2622 515 2657 discentes.
572 2628 699 2660 Verum
736 2630 828 2670 legas
858 2630 933 2670 ipse

242 2673 354 2702 carm.
374 2681 414 2703 ιι.
430 2676 480 2704 19.

284 2724 301 2754 5
326 2721 528 2765 Dis-simulas]
562 2726 638 2758 Non
656 2727 827 2768 profiteris
843 2729 932 2772 apud

987 2380 1164 2421 Principe,
1181 2380 1341 2411 cautione
1359 2378 1503 2409 maxima
1518 2382 1570 2409 est
1586 2386 1685 2418 opus.

988 2430 1071 2462 Cum
1088 2440 1170 2471 ergo
1187 2430 1298 2470 palam
1321 2428 1363 2459 ad
1388 2428 1513 2459 amicos
1534 2427 1686 2459 scribere

987 2490 1053 2512 non
1069 2480 1213 2511 auderet
1229 2479 1334 2517 Naso,
1353 2487 1395 2509 ne
1419 2482 1454 2508 et
1475 2477 1546 2507 illos
1563 2476 1684 2517 perde·

987 2534 1052 2569 ret,
1078 2528 1167 2559 notis
1192 2532 1294 2568 atque
1320 2526 1454 2557 indiciis
1484 2525 1683 2566 quibusdam

986 2579 1062 2610 illos
1093 2577 1305 2617 designabat,
1333 2585 1375 2606 ex
1400 2575 1520 2617 quibus
1550 2576 1683 2616 quinam

986 2628 1033 2659 illi
1050 2631 1162 2658 essent
1175 2626 1275 2657 facile
1291 2626 1356 2666 ipsi
1373 2625 1619 2665 intelligebant.

1028 2681 1049 2709 6
1072 2676 1202 2717 Digito]
1220 2676 1337 2707 Poetae
1352 2673 1496 2716 effigiem
1513 2685 1554 2708 ex
1566 2675 1682 2707 annuli

986 2737 1117 2772 gemma
1141 2726 1259 2770 aliquis
1282 2727 1352 2769 eius
1373 2725 1500 2758 amicus
1525 2725 1681 2766 habebat,
