1863 3193
202 177 317 220 2342
687 193 729 222 P.
762 191 922 221 ovmu
956 190 1169 221 NAsole

683 435 1003 484 ELEGIA
1058 435 1177 482 VII.

740 585 1099 617 ARGUMENTUM.

203 689 260 722 AD
275 690 376 722 filiam
393 692 554 723 Perillam
573 690 722 722 scribens
739 691 884 722 Ovidius
900 691 1010 731 primo
1034 692 1163 723 fatetur
1178 701 1213 723 se
1229 691 1338 723 Musis
1354 699 1490 729 vacare,
1503 687 1656 730 quamvis

245 743 313 775 inae
331 745 395 776 sibi
410 746 587 776 nocuerint
602 756 608 775 :
633 754 773 785 eamque
788 745 955 783 hortatur,
972 750 1008 775 ut
1025 745 1113 775 idem
1133 744 1250 783 faciat,
1267 754 1332 785 quo
1347 744 1409 774 sibi
1426 742 1658 773 immortalita-

245 801 313 828 tem
330 802 517 838 comparet.
576 797 663 828 Nam
682 806 719 827 ea
737 795 853 826 formae
871 797 1054 835 elegantia,
1071 798 1190 837 inquit,
1207 807 1281 838 quae
1299 798 1333 827 in
1350 798 1421 837 ipsa
1437 800 1526 835 erat,
1540 803 1655 826 senec-

246 854 319 882 tute
336 856 371 882 et
388 856 541 891 tempore
558 850 733 881 vitiabitur
749 861 756 880 :
784 854 819 880 at
837 850 965 890 ingenii
979 849 1076 880 dotes
1090 850 1224 889 semper
1240 849 1499 889 permanebunt.

202 958 293 1013 VA
306 984 368 1014 DE
390 974 625 1014 salutatum
646 973 791 1015 subito
810 977 1012 1027 perarata
1029 974 1236 1015 Perillam

259 1040 418 1090 Litera,
439 1042 651 1082 sermonis
673 1041 761 1081 fida
779 1041 974 1082 ministra
988 1042 1090 1082 mei.

204 1107 299 1148 Aut
318 1108 440 1148 illam
461 1109 657 1150 invenies
679 1109 794 1149 dulci
817 1123 915 1149 cum
934 1113 1071 1150 matre
1092 1109 1329 1158 sedentem,

257 1175 349 1215 Aut
365 1176 473 1216 inter
492 1176 627 1216 libros
650 1176 933 1228 Pieridasque
955 1189 1076 1217 suas.

205 1239 432 1294 Quicquid
454 1247 568 1295 aget,
590 1256 689 1283 eum
710 1246 753 1282 te
778 1242 926 1283 scierit
945 1242 1135 1291 venisse,
1156 1243 1397 1295 relinquet:
1632 1241 1659 1278 :5

263 1307 362 1348 Nec
383 1322 531 1361 mora3
564 1310 668 1363 quid
688 1310 856 1359 venias,
878 1309 1054 1362 quidve,
1075 1309 1282 1362 requiret,
1305 1321 1445 1360 agam.

203 1374 365 1416 Vivere
387 1389 456 1416 me
476 1376 623 1428 dices;
652 1377 730 1418 sed
751 1377 833 1427 sic,
852 1380 898 1417 ut
918 1378 1065 1417 vivere
1084 1377 1241 1416 nolim:

263 1441 307 1481 N
311 1454 361 1483 ec
380 1443 496 1483 mala
517 1446 603 1484 tam
622 1444 754 1496 longa
773 1446 919 1484 nostra
938 1443 1086 1484 levata
1104 1455 1250 1484 mora:

204 1507 263 1548 Et
284 1514 427 1549 tamen
447 1509 504 1550 ad
526 1509 699 1560 Musas,
722 1510 925 1563 quamvis
946 1522 1149 1559 nocuere,
1171 1510 1353 1559 reverti3

260 1575 470 1629 Aptaque
490 1577 534 1617 in
555 1578 750 1619 alternos
770 1590 919 1630 cogere
940 1577 1074 1618 verba
1093 1577 1245 1630 pedes.
1603 1574 1658 1614 10

203 1640 272 1681 Tu
293 1655 483 1695 quoque,
505 1643 592 1695 dic,
614 1644 769 1685 studiis
791 1644 1097 1685 communibus
1119 1644 1276 1697 ecquid
1302 1643 1506 1691 inhaeres,

262 1707 496 1762 Doctaque
515 1724 604 1751 non
624 1712 765 1764 patrio
787 1711 982 1752 carmina
999 1723 1118 1751 more
1139 1711 1293 1752 canis?

248 1823 389 1862 Epistola
403 1824 542 1856 absoluta
556 1825 667 1867 fidelis
682 1827 835 1867 interpres
850 1826 1000 1858 orationis
1013 1838 1101 1868 meae,
1120 1828 1165 1859 ito
1181 1828 1290 1859 statim
1305 1828 1473 1859 salutatum
1496 1828 1659 1858 Perillam.

208 1864 265 1896 Vel
278 1866 363 1896 illam
386 1867 521 1906 reperies
544 1870 699 1900 sedentem
722 1880 790 1900 cum
814 1869 940 1900 amabili
964 1873 1063 1901 matre
1075 1881 1087 1908 ;
1109 1871 1156 1901 vel
1182 1871 1265 1902 inter
1286 1871 1380 1901 libros
1401 1874 1430 1901 et
1452 1880 1523 1901 suas
1538 1870 1660 1900 Musas.

205 1907 375 1948 Postquam
400 1910 557 1950 intelliget
580 1914 611 1942 te
626 1913 753 1949 venisse,
777 1913 900 1942 omittet
923 1913 1068 1952 quicquid
1084 1916 1157 1951 aget
1169 1924 1180 1949 ;
1202 1917 1234 1944 et
1249 1914 1314 1944 sine
1330 1912 1553 1943 intermissione
1575 1915 1658 1950 petet

203 1950 395 1989 quamobrem
409 1954 546 1992 accedas,
569 1957 599 1984 et
615 1954 688 1993 qnid
696 1953 827 1992 faciam.
872 1955 966 1985 Dices
981 1965 1028 1986 me
1042 1957 1239 1996 superstitem
1262 1965 1325 1986 esse
1336 1965 1348 1990 ,·
1369 1964 1474 1985 verum
1492 1954 1539 1984 ita
1553 1956 1659 1984 utnon

203 1992 323 2031 cupiam
338 1994 439 2026 vivere
450 2006 460 2025 .·
483 2005 577 2035 neque
591 2006 745 2027 (erumnas
759 1997 905 2028 delinitas
919 2001 982 2028 tam
995 1999 1118 2038 prolixo
1135 2001 1280 2038 tempore.
1326 1997 1370 2027 Et
1386 2000 1488 2027 tamen
1502 1996 1604 2026 redire
1616 1997 1657 2025 ad

204 2034 315 2065 Musas
329 2045 502 2076 quanquam
526 2037 691 2076 obfuerunt
701 2049 713 2075 ,·
735 2042 766 2069 et
781 2040 922 2078 redigere
944 2050 1029 2070 voces
1051 2041 1175 2070 idoneas
1189 2041 1228 2070 ad
1242 2041 1333 2080 pedes
1348 2041 1492 2070 alternos.
1542 2039 1605 2068 Dic
1622 2041 1658 2068 tu

203 2077 307 2117 etiam,
323 2079 429 2118 ecquid
452 2079 602 2110 incumbis
625 2081 737 2111 studiis
750 2081 970 2121 communibus,
986 2085 1016 2113 et
1033 2083 1202 2114 modularis
1215 2092 1320 2114 versus
1334 2083 1437 2112 doctos
1452 2081 1586 2112 numeris
1604 2090 1657 2120 pe-

811 2162 1043 2176 eume

250 2216 265 2242 1
291 2213 376 2243 Tres
391 2213 468 2243 libri
484 2221 518 2245 et
534 2224 619 2245 unus
635 2216 768 2248 Bersm.
788 2217 884 2248 subit.
903 2221 1072 2257 properata
1087 2219 1126 2249 P.
1153 2219 1234 2250 Lov.
1249 2222 1449 2257 speram—4
1471 2219 1512 2249 V.
1531 2217 1605 2248 Pol.
1622 2220 1659 2247 et

205 2254 281 2285 Pal.
327 2255 503 2296 Pieridasq.
529 2260 621 2293 tuas‚·
653 2258 749 2289 Serv.
775 2264 930 2290 meuse-5
955 2260 1033 2291 Jnn.
1061 2264 1096 2290 et
1120 2260 1213 2291 Serv.
1236 2265 1311 2298 agat
1338 2270 1398 2299 pro
1423 2262 1570 2298 aget.--6
1596 2258 1657 2289 Be.

204 2307 259 2327 cur
284 2306 346 2336 pro
371 2299 519 2337 quim—7
546 2300 612 2330 Ms.
638 2301 769 2333 Bersm.
795 2301 877 2332 dices
897 2302 954 2340 sic,
982 2305 1016 2332 ut
1042 2311 1089 2332 me
1114 2302 1260 2333 viix—10
1286 2303 1379 2333 Leid.
1402 2302 1484 2332 verb.
1501 2302 1655 2332 modos.—

207 2343 244 2370 ll
270 2339 474 2373 Quindecim
492 2341 569 2373 libri
584 2343 678 2373 musis
700 2353 763 2383 pro
778 2344 915 2380 studiis;
937 2348 972 2375 et
988 2345 1050 2375 Be.
1065 2344 1200 2385 scriptis.
1244 2344 1328 2375 Mox
1345 2344 1410 2375 duo
1426 2348 1510 2375 vett.
1534 2347 1567 2374 ut
1582 2344 1655 2383 quid

865 2435 1003 2466 NO'rAE

246 2502 266 2529 4
294 2499 455 2540 Pieridas]
493 2502 620 2539 Musas,
650 2512 732 2544 quas
763 2513 782 2533 a
809 2503 903 2534 Pieri
957 2502 1062 2541 dietis,
1089 2503 1138 2534 uti
1169 2507 1413 2543 exposuerunt,
1439 2504 1578 2535 alternis
1605 2514 1656 2536 re-

203 2548 350 2589 filiabus,
367 2555 424 2581 aut
448 2551 551 2582 Piero
571 2551 753 2583 Thessaliae
780 2558 903 2592 monte,
957 2557 1098 2583 currunt
1115 2553 1255 2584 vicibus.

205 2599 253 2630 sic
270 2599 378 2630 dictas
396 2610 496 2640 supra
513 2600 756 2632 admonuimus.
1000 2606 1037 2634 ll
1065 2603 1295 2642 Communibns]
1312 2602 1454 2634 Easdem
1473 2602 1561 2634 enim
1578 2603 1656 2635 Mu-

249 2651 288 2679 10
311 2649 469 2689 Alternus]
501 2651 628 2681 Versus
654 2652 902 2682 Hexametrum
957 2663 1009 2684 sas
1026 2654 1126 2695 juxta
1149 2663 1224 2684 cum
1250 2659 1347 2694 patre
1372 2654 1502 2686 Perilla
1522 2656 1655 2687 excole-

205 2702 241 2729 (ει
254 2698 509 2730 Pentametrum
527 2709 587 2739 per
605 2701 708 2740 pedes
725 2702 878 2742 intellige
893 2713 900 2733 :
957 2704 1025 2735 bat.

203 2749 252 2779 illi
268 2748 356 2780 euim
370 2758 572 2790 versus‚n0n
585 2749 739 2791 dactylus
754 2755 789 2782 et
804 2760 901 2793 spon·
999 2756 1039 2786 12
1064 2753 1192 2795 Patrio]
1239 2753 1378 2786 Cavesis
1409 2763 1486 2786 cum
1519 2754 1654 2786 Merula

1852 792 1863 1258 l
