1863 3193
612 209 853 242 'rssls'l'lUM
887 207 984 239 Lm.
1014 206 1092 238 ιη.
1121 197 1165 236 8.
1504 196 1617 238 2347

628 499 951 547 ELEGIA
1006 497 1153 544 VIII.

710 660 1069 692 ARGUMENTUM.

165 757 371 789 Desmmuo
389 767 465 790 cum
479 758 599 798 patriae
622 762 693 790 tum
708 768 843 789 suorum
859 758 906 789 ita
924 757 1032 789 teneri
1050 757 1161 788 Poeta
1178 757 1310 797 scribit,
1327 762 1365 789 ut
1381 757 1499 799 cupiat
1514 756 1618 788 celeri

206 810 318 851 aliquo
345 820 444 841 cursu
470 820 509 842 eo
532 821 565 841 se
593 810 770 842 conferre:
797 821 894 851 qnam
922 821 992 841 rem
1015 811 1075 840 sibi
1096 809 1286 850 Augustum
1314 811 1421 842 solum
1448 814 1616 852 praestare

205 873 305 904 posse
323 865 483 894 ostendit.
509 865 704 904 Narratque
722 864 814 894 exilii
832 865 880 894 sui
896 864 1126 894 incommoda:
1151 868 1318 906 optatque
1337 869 1374 895 ut
1391 864 1528 895 tandem
1544 864 1617 895 Cae-

205 925 261 947 sar
276 917 335 947 irae
352 918 486 948 modum
504 923 644 956 statuat,
660 923 694 948 et
712 918 824 948 mitius
842 918 997 958 praebeat
1012 917 1160 949 exilium.

163 1022 333 1081 NUNC
356 1054 437 1093 ego
457 1042 712 1095 Triptolemi
733 1056 937 1096 cuperem
956 1043 1248 1085 conscendere
1270 1055 1439 1092 currus,

221 1106 350 1147 Misit
370 1109 414 1148 in
435 1109 627 1161 ignotam
646 1110 718 1163 qui
740 1110 843 1149 rude
865 1101 1010 1149 semen
1029 1109 1231 1149 humum:

163 1173 295 1215 Nunc
317 1189 396 1227 ego
420 1176 593 1217 Medeae
616 1177 773 1216 vellem
792 1175 978 1214 fraenare
1001 1175 1227 1224 dracones,

222 1240 350 1290 Quos
371 1243 519 1282 habuit
538 1242 706 1294 fugiens
727 1254 841 1289 arce,
865 1240 1086 1290 Corinthe,
1108 1246 1207 1281 tua:

163 1307 294 1348 Nunc
316 1321 396 1360 ego
410 1308 648 1362 jactandas
669 1312 863 1361 optarem
885 1321 1054 1348 sumere
1075 1320 1259 1361 pennas,
1591 1309 1618 1346 ἴ)

218 1374 320 1416 Sive
340 1379 454 1426 tuas,
478 1375 666 1427 Perseu3
699 1376 904 1425 Daedale,
927 1375 1019 1416 sive
1042 1380 1139 1416 tuas
1158 1389 1167 1416 :

161 1440 238 1491 Ut,
261 1445 410 1483 tenera
430 1443 595 1483 nostris
618 1443 796 1484 cedente
816 1443 1036 1484 volatibus
1059 1455 1182 1492 aura,

216 1507 473 1563 Aspicerem
497 1510 650 1563 patriae
673 1509 802 1550 dulce
821 1514 1004 1563 repente
1027 1509 1170 1550 solum
1189 1524 1198 1550 :

163 1575 448 1630 Desertaeque
470 1577 629 1617 domus
648 1577 833 1626 vultum,
853 1588 1159 1628 memoresque
1182 1576 1371 1625 sodales,

218 1642 420 1696 Caraque
441 1645 665 1697 praecipue
687 1643 885 1697 conjugis
907 1656 983 1684 ora
1002 1642 1123 1684 mihi.
1562 1641 1618 1681 lo

204 1761 275 1799 Ego
290 1770 370 1791 nnnc
384 1766 522 1802 optarem
536 1764 734 1794 conscendere
754 1772 866 1794 currus
884 1762 1076 1802 Triptolemi,
1090 1762 1140 1802 qui
1154 1763 1271 1803 sparsit
1285 1762 1318 1793 in
1334 1765 1449 1793 terram
1462 1760 1620 1792 insolitam

161 1812 261 1834 semen
275 1803 482 1843 inexpertum.
528 1806 597 1844 Ego
612 1816 690 1836 nunc
706 1809 846 1846 optarem
853 1806 997 1844 froenare
1011 1806 1159 1836 dracones
1184 1806 1316 1845 Medea»,
1341 1814 1415 1845 quos
1437 1804 1543 1834 habuit
1563 1803 1618 1841 fu-

160 1846 251 1883 giens
265 1855 334 1877 arce
350 1849 414 1885 tua,
433 1847 592 1878 Corinthe.
628 1849 697 1886 Ego
713 1858 793 1879 nunc
817 1857 958 1888 cuperem
973 1858 1080 1888 capere
1096 1849 1162 1878 alas
1177 1849 1351 1888 movendas,
1365 1848 1428 1878 sive
1444 1850 1524 1885 tuas,
1540 1846 1619 1876 Per·

161 1897 224 1927 seu,
242 1888 307 1918 sive
335 1892 418 1927 tuas,
444 1889 598 1925 Doeda1e;
619 1893 666 1927 ut,
693 1891 765 1920 a'e're
780 1891 865 1921 molli
888 1891 1011 1921 cedente
1034 1889 1150 1920 nostris
1175 1890 1337 1928 volatibus,
1360 1890 1496 1920 viderem
1520 1887 1620 1918 subito

162 1930 236 1962 mite
249 1930 347 1961 solum
357 1931 494 1971 patrioe;
518 1935 547 1962 et
563 1934 678 1962 statum
693 1933 799 1962 domus
813 1932 983 1969 destitutoe,
998 1935 1027 1963 et
1040 1931 1136 1962 socios
1150 1932 1215 1962 mei
1242 1942 1300 1962 non
1315 1932 1436 1970 oblitos,
1451 1933 1479 1961 et
1490 1937 1621 1969 praeser-

774 2015 870 2026 mv&
873 2014 1006 2026 neem

203 2069 306 2101 Hanc
321 2070 473 2109 Elegiam
490 2072 586 2102 multi
604 2071 713 2103 Codd.
731 2071 897 2112 superiori
915 2072 1113 2101 annectunt.
1130 2069 1218 2100 Mor.
1239 2069 1332 2100 Nunc
1347 2078 1461 2109 quoqne
1479 2067 1515 2099 T.
1533 2067 1618 2099 Mox

162 2121 215 2152 pr.
232 2112 306 2144 Pal.
324 2121 377 2152 pr.
393 2113 438 2143 V.
457 2118 493 2144 et
519 2123 604 2144 unus
631 2115 723 2146 Med.
739 2125 806 2154 cup.
831 2113 995 2145 consistere
1019 2121 1122 2142 curru.
1146 2111 1242 2142 Leid.
1268 2113 1424 2142 conscend.
1440 2120 1619 2147 currum„—

160 2158 181 2186 2
203 2154 301 2187 Voss.
318 2155 444 2196 Sparsit
458 2156 491 2186 in
504 2157 568 2195 ign.
592 2156 724 2188 nichel.
741 2158 817 2187 Mis.
833 2157 866 2186 in
888 2156 1033 2194 ignaram
1049 2155 1176 2194 (μή-3
1201 2154 1261 2184 Pr.
1277 2154 1319 2185 V.
1336 2155 1456 2184 mallem
1482 2162 1542 2193 pro
1560 2153 1619 2184 vel·

161 2198 220 2228 lem
234 2208 244 2228 .·
256 2197 320 2228 Be.
333 2199 400 2228 vell.
416 2207 538 2229 servare
553 2200 703 2229 droa—5
729 2198 832 2229 Multi
851 2198 970 2238 scripti
987 2207 1034 2237 eg.
1043 2197 1201 2234 jactantes
1215 2199 1277 2236 opt.
1294 2201 1440 2236 quatuor
1458 2196 1599 2234 jactatas
1611 2205 1624 2232 ;

160 2239 228 2270 duo
240 2243 478 2280 portantes—8
502 2241 584 2271 Lov.
610 2245 692 2281 patr.
707 2242 793 2272 dulce
810 2250 942 2282 perenne
956 2240 1011 2270 sol.
1034 2240 1132 2270 Voss.
1148 2248 1209 2279 pro
1227 2248 1294 2269 var.
1311 2239 1389 2269 lect.
1413 2240 1496 2268 tecla
1510 2238 1620 2268 relicta

162 2285 311 2315 mem-9
330 2283 456 2315 Vultum
470 2292 512 2315 ex
528 2283 649 2315 Heius.
663 2293 750 2316 corr.
761 2293 823 2325 pro
838 2284 931 2324 vulg.
947 2283 1061 2322 vultus,
1076 2286 1115 2314 ut
1127 2283 1256 2313 vitetur
1269 2280 1538 2321 κακοφωνία.-10
1556 2280 1621 2311 Mi·

819 2377 959 2410 NOTAE

205 2456 222 2485 1
243 2454 445 2495 Triptolemi]
475 2455 584 2488 Quem
607 2464 626 2485 a
643 2455 770 2486 Cerere
788 2464 861 2485 cur-
917 2452 1098 2484 credimus.

164 2511 236 2534 rum
262 2505 434 2544 accepisse
456 2508 495 2536 ut
519 2505 741 2544 agriculturae
766 2514 861 2536 usum
959 2506 977 2533 3
1003 2499 1177 2539 Dracones]
1212 2500 1351 2530 Illorum
1383 2497 1507 2527 auxilio
1533 2496 1617 2529 effu-

164 2561 226 2592 per
239 2561 352 2584 omnes
376 2558 484 2585 terras
498 2554 651 2595 doceret,
666 2555 699 2585 in
716 2554 860 2585 Metam.
916 2553 1004 2594 gisse
1020 2550 1206 2582 veneficam
1225 2549 1352 2579 dictum
1371 2548 1402 2577 in
1422 2548 1563 2579 Metam.

164 2600 318 2632 vidimus.
958 2606 978 2634 6
1003 2599 1135 2639 Persou]
1174 2599 1284 2639 Hujus
1317 2602 1351 2628 et
1379 2597 1513 2629 Daedali
1544 2598 1617 2630 alas

205 2655 225 2683 2
250 2651 408 2690 Ignotum]
464 2654 553 2686 Quia
579 2659 659 2686 ante
687 2654 860 2695 Triptole-
915 2653 993 2684 vide
1014 2652 1047 2681 in
1072 2650 1212 2681 Metam.
1240 2648 1339 2679 facile
1365 2652 1417 2678 est
1445 2657 1506 2688 per
1531 2648 1617 2679 indi-

163 2713 253 2735 mum
270 2702 394 2733 nullam
410 2703 543 2733 serendi
559 2705 725 2736 rationem
741 2715 862 2746 cogno·
915 2713 987 2735 cem
1002 2712 1010 2733 ι
1035 2701 1228 2740 frustraque
1251 2697 1549 2730 decantatissimas
1566 2698 1616 2729 fa-

163 2758 283 2785 verant
310 2752 478 2793 inexperti
501 2753 666 2794 homines,
687 2756 714 2786 si
740 2755 862 2788 fabulis
914 2753 1009 2785 bulas
1024 2750 1210 2785 identidem
1227 2752 1434 2791 repetamus.
