1877 3193
622 192 864 225 ansrltrM
899 192 995 223 Lm.
1027 193 1073 224 v.
1104 181 1148 224 2.
1500 181 1621 224 2441

162 287 317 337 Parce,
339 299 522 341 precor:
554 286 865 343 minimamque
885 293 964 331 tuo
981 287 1035 329 de
1053 286 1235 329 fulmine
1256 288 1425 341 partem

219 354 385 396 Deme:
416 355 523 397 satis
543 367 709 408 poenae,
732 355 848 410 quod
869 355 1110 410 superabit,
1130 355 1229 396 erit.

160 422 234 464 Ira
255 423 430 477 quidem
449 422 679 464 moderata
698 426 774 464 tua
796 426 861 464 est
879 437 890 475 3
924 424 1144 476 vitamque
1165 422 1350 463 dedisti:
1559 422 1616 462 55

220 490 318 532 Nec
337 490 443 531 mihi
454 489 530 544 jus
549 490 675 540 civis,
697 504 780 532 nec
801 491 905 531 mihi
923 501 1082 530 nomen
1104 490 1244 529 abest.

160 557 259 600 Nec
279 570 376 599 mea
395 569 610 599 concessa
630 561 696 598 est
715 558 813 598 aliis
833 558 1004 598 fortuna
1021 570 1031 597 ε
1061 569 1141 597 nec
1163 556 1267 597 exul

216 625 363 666 Edicti
381 624 526 667 verbis
546 625 745 666 nominor
764 625 860 678 ipse
880 624 957 665 tui.

160 691 401 746 Omniaque
421 693 517 733 haec
538 693 679 743 timui,
701 693 808 747 quia
826 705 895 734 mc
915 692 1126 734 meruisse
1146 690 1374 733 videbam:

215 758 300 800 Sed
321 762 396 800 tua
416 764 600 813 peccato
619 760 755 801 lenior
774 761 840 801 ira
858 773 957 800 meo
979 762 1058 800 est.
1560 757 1616 799 60

156 825 278 868 Arva
293 827 529 881 relegatum
545 828 721 883 jussisti
741 829 884 869 visere
907 827 1053 878 Ponti,

214 894 271 935 Et
292 893 545 949 Scythicum
566 894 752 948 profuga
771 894 930 935 findere
951 906 1102 948 puppe
1122 893 1289 936 fretum.

155 960 316 1002 Jussus
338 962 395 1003 ad
416 961 583 1003 Euxini
603 962 814 1002 deformia
831 962 978 1003 littora
998 961 1099 1001 veni

213 1030 438 1083 AEquoris.
491 1030 606 1071 Haec
629 1029 771 1082 gelido
793 1034 904 1070 terra
925 1029 1006 1069 sub
1030 1041 1115 1069 axe
1131 1027 1267 1082 jacet.

157 1094 254 1137 Nec
274 1109 342 1136 me
363 1101 454 1136 tam
475 1098 641 1138 cruciat
666 1109 891 1150 nunquam
913 1096 1006 1137 sine
1026 1095 1184 1148 frigore
1205 1094 1382 1144 coelum,
1556 1096 1613 1138 65

213 1162 444 1217 Glebaque
465 1165 635 1205 canenti
652 1176 820 1216 semper
840 1164 999 1203 obusta
1019 1162 1119 1213 gelu
1137 1175 1147 1212 3

157 1228 410 1284 Nesciaque
432 1235 499 1271 cst
519 1232 645 1271 vocis
666 1229 782 1284 quod
801 1229 988 1269 barbara
1007 1228 1156 1280 lingua
1176 1226 1346 1269 Latinae
1364 1239 1375 1280 ;

212 1295 434 1350 Graiaque
451 1297 569 1349 quod
590 1296 748 1337 Getico
771 1296 891 1336 victa
908 1294 1089 1349 loquela
1105 1306 1239 1347 sono3

150 1454 235 1476 serus
249 1445 392 1476 concedas
407 1446 447 1476 ad
461 1448 547 1476 astra
573 1444 634 1476 tibi
645 1446 797 1485 promissa
809 1445 825 1478 !
846 1445 982 1486 ignosce,
1008 1455 1059 1476 oro
1071 1456 1084 1484 ;
1107 1448 1197 1485 atque
1212 1445 1340 1477 detrahe
1355 1446 1515 1478 minimam
1535 1457 1611 1488 par-

150 1491 211 1519 tem
226 1491 278 1519 tuo
286 1487 416 1525 fulmini
432 1499 441 1519 .·
465 1489 543 1528 qnod
558 1489 712 1528 supererit
727 1490 786 1519 erit
803 1490 880 1519 satis
893 1489 1046 1528 supplicii.
1092 1489 1147 1519 Ira
1162 1491 1216 1518 tua
1231 1492 1275 1519 est
1290 1489 1412 1529 quidem
1425 1493 1609 1530 temperata,

150 1534 181 1561 et
196 1531 355 1562 indulsisti
374 1531 491 1561 vitam:
515 1540 610 1570 neque
634 1530 710 1560 mihi
729 1531 784 1568 jus
806 1531 896 1569 civis,
918 1540 1013 1570 neque
1038 1540 1147 1560 nomen
1170 1531 1375 1562 desideratur.
1424 1532 1530 1572 Neque
1545 1541 1611 1563 sors

152 1583 217 1604 mea
238 1577 283 1604 est
306 1575 380 1604 data
394 1573 484 1603 aliis:
506 1582 600 1611 neque
615 1582 668 1609 ego
694 1573 829 1612 appellor
853 1573 925 1604 exul
950 1572 1051 1603 verbis
1076 1573 1170 1603 edicti
1197 1573 1255 1603 tui.
1298 1574 1402 1613 Atque
1429 1574 1524 1605 metui
1546 1575 1612 1605 haec

151 1615 265 1653 omnia,
281 1617 351 1656 quia
367 1615 507 1645 videbam
530 1624 576 1645 me
592 1615 719 1653 dignum
735 1625 819 1646 esse.-
841 1617 892 1646 sed
908 1616 957 1646 ira
982 1618 1036 1645 tua
1052 1615 1159 1645 mitior
1183 1618 1226 1646 est
1251 1625 1316 1646 meo
1342 1616 1465 1647 delicto.
1510 1617 1612 1657 Impe-

152 1658 231 1688 rasti
246 1668 298 1689 me
315 1658 435 1697 pulsum
449 1659 611 1688 concedere
628 1658 658 1687 in
674 1667 794 1697 campos
810 1659 966 1696 Ponticos,
983 1661 1013 1688 et
1030 1659 1149 1688 sulcare
1164 1667 1248 1688 mare
1261 1658 1442 1699 Scythicum
1457 1660 1528 1690 navi
1540 1669 1612 1699 pro-

144 1699 238 1738 fuga.
284 1701 395 1730 Jussus
409 1700 521 1730 accessi
544 1701 583 1730 ad
600 1701 726 1730 horrida
751 1701 860 1731 littora
877 1701 973 1731 Ponti
990 1700 1122 1731 Euxini.
1167 1700 1238 1730 Hoc
1253 1702 1349 1731 solam
1374 1704 1550 1742 porrectum
1565 1705 1611 1733 est

152 1742 206 1772 sub
219 1743 288 1782 polo
297 1741 435 1780 frigido.
483 1742 590 1782 Neque
605 1743 659 1772 a'e'r
683 1753 836 1783 nunquam
857 1744 923 1774 sine
940 1743 1082 1783 frigore,
1096 1747 1125 1774 et
1140 1753 1242 1783 cespes
1264 1753 1383 1783 semper
1399 1745 1526 1775 adustus
1537 1745 1611 1783 gelli

152 1784 218 1815 albo
241 1788 305 1816 tam
320 1794 367 1815 me
382 1788 513 1825 torquet,
535 1788 565 1816 et
580 1786 657 1825 quod
673 1785 779 1825 lingua
797 1786 928 1818 barbara
945 1789 993 1817 est
1019 1786 1134 1825 ignara
1149 1786 1216 1816 soni
1231 1786 1353 1827 Latini,
1377 1789 1407 1818 et
1422 1788 1500 1827 quod
1514 1796 1612 1818 sermo

765 1880 1000 1892 eeeeeeeeeeee

151 1950 250 1977 terras
264 1949 298 1977 ut
311 1950 363 1983 te‚·
386 1950 420 1977 et
434 1947 532 1978 Voss.
547 1950 574 1977 et
592 1950 720 1978 te.—52
743 1946 783 1977 In
813 1946 1013 1987 quibusdam
1038 1947 1078 1976 ad
1098 1949 1193 1986 parta
1214 1945 1271 1976 tib.
1309 1945 1448 1977 Deinde
1473 1945 1610 1986 quidam

153 1989 207 2018 alii
223 1998 309 2020 serus
325 1999 386 2030 pro
402 1991 517 2020 tardus.
542 1990 604 2020 Be.
629 1989 683 2019 Sic
697 1993 733 2020 tu
748 1990 855 2020 tardus
881 1998 932 2019 eas
955 1990 994 2018 ad
1011 1988 1116 2019 sidera
1138 1991 1231 2028 pacta
1255 1987 1324 2018 tibi.
1359 1989 1368 2005 ⁴
1386 1989 1425 2018 In
1444 1988 1611 2020 Vaticano

153 2030 271 2062 codice
288 2032 389 2062 lectio
417 2033 608 2073 singulam,
632 2032 686 2062 Sic
698 2034 736 2062 ad
750 2035 843 2071 pacta
859 2031 918 2061 tibi
932 2031 1037 2061 sidera
1050 2031 1134 2061 sidus
1146 2040 1216 2061 eas:
1239 2031 1328 2071 quod
1344 2036 1499 2071 argutum
1515 2040 1610 2071 sane,

154 2073 180 2103 si
200 2073 241 2104 de
259 2073 446 2113 Apotheosi
463 2076 628 2114 capiatur,
651 2085 717 2115 qua
731 2074 958 2105 credebantur
973 2074 1092 2104 animae
1118 2073 1149 2102 in
1168 2074 1261 2103 Deos
1285 2074 1469 2104 relatorum
1487 2083 1612 2104 novum

151 2116 242 2146 sidus
257 2117 341 2147 fieri.
360 2118 452 2157 Virg.
471 2118 597 2158 Geor-g.
614 2127 637 2148 1.
662 2116 724 2148 323
749 2118 948 2147 Barim—59
972 2115 1025 2145 An
1043 2125 1109 2146 non
1126 2116 1259 2145 mollius
1279 2117 1392 2146 Omnia
1408 2126 1475 2155 (μα’
1497 2115 1612 2148 timui?

152 2159 267 2190 Burm.
290 2160 372 2189 Tum
391 2160 421 2189 in
441 2161 584 2200 vulgatis
600 2165 675 2190 erat
691 2161 833 2199 quoniam
857 2168 930 2189 mer.
956 2158 1101 2188 videbar:
1126 2158 1244 2188 Heins.
1266 2158 1362 2188 dedit
1385 2158 1455 2197 quia
1472 2168 1518 2189 me
1534 2168 1609 2190 mer.

150 2201 289 2231 videbam
306 2212 346 2232 ex
363 2212 412 2241 pr.
431 2203 505 2232 Pol.
525 2213 573 2242 pr.
594 2203 634 2233 V.
655 2212 705 2242 pr.
724 2202 797 2232 Pal.
813 2207 849 2231 et
866 2200 971 2231 tribus
990 2200 1062 2230 aliis
1080 2210 1122 2230 ex
1141 2199 1356 2230 melioribus:
1382 2201 1444 2231 Be.
1462 2211 1553 2240 quam
1563 2210 1610 2232 me

151 2253 223 2275 mer.
246 2244 393 2280 videbam
427 2250 461 2275 et
487 2245 579 2275 Leia.
607 2244 751 2283 quoniam
778 2253 854 2273 mer.
880 2243 1087 2283 pictavis—(50
1114 2242 1206 2273 Lcid.
1234 2242 1309 2272 Pal.
1328 2247 1363 2273 et
1380 2243 1510 2274 Bersm.
1525 2253 1610 2283 pecc.

150 2286 269 2317 mollior
292 2287 417 2317 ἐτη-62
442 2287 576 2318 findere
603 2287 725 2317 Heius.
755 2286 887 2326 recepit
908 2296 949 2316 ex
977 2295 1034 2315 sex
1064 2285 1202 2324 scriptis
1220 2294 1280 2324 pro
1306 2286 1394 2324 vulg.
1418 2286 1612 2317 scindere.—

150 2330 189 2358 65
209 2329 302 2360 Leid.
318 2330 411 2360 vitiat
428 2340 488 2370 pro
500 2330 627 2360 cruciat.
655 2330 737 2359 Mox
748 2329 830 2361 Jun.
843 2338 936 2368 nunq.
951 2327 1006 2358 sub
1016 2327 1154 2367 frigore,
1167 2333 1202 2358 et
1220 2337 1303 2359 unus
1315 2338 1407 2368 nnnq.
1422 2328 1488 2358 sine
1499 2328 1611 2360 sidere.

150 2373 234 2402 —66
258 2371 352 2402 Leid.
372 2373 502 2413 Glebaq.
528 2373 657 2403 duranti
677 2382 773 2412 semp.
795 2372 879 2402 Turn
906 2371 1041 2411 plurimi
1070 2371 1153 2401 Mss.
1170 2375 1204 2401 et
1222 2371 1352 2400 Bcrsrn.
1377 2372 1487 2401 adusta
1500 2372 1609 2409 gel.—

151 2414 190 2442 67
215 2413 316 2445 Multi
330 2416 448 2455 scripti
465 2425 555 2455 quam
573 2424 633 2455 pro
651 2416 730 2455 quod
742 2426 752 2445 .·
777 2419 811 2445 et
829 2423 888 2444 sex
917 2413 1030 2444 Nescia
1050 2424 1139 2452 quam
1156 2413 1236 2442 vocis
1250 2414 1425 2452 quod—68
1442 2414 1511 2443 Pro
1526 2412 1609 2442 victa

155 2454 209 2485 alii
228 2455 361 2494 junctim
393 2458 542 2489 nonnulli
569 2458 670 2489 etiam
693 2457 787 2487 mista
814 2456 867 2487 vel
891 2456 1002 2487 mixta.
1042 2458 1108 2487 Sex
1128 2465 1262 2496 quoque
1277 2456 1399 2495 querela
1414 2464 1478 2486 son.
1502 2454 1607 2485 Multi

809 2564 948 2595 NOTAE

197 2647 238 2674 50
265 2644 395 2685 Nomen]
411 2647 498 2678 Quia
513 2648 596 2680 civis
612 2650 723 2682 adhuc
739 2651 849 2682 dicor.
905 2651 1145 2681 concesserant
1169 2646 1281 2677 coacti
1307 2646 1452 2687 denique
1475 2640 1537 2677 usu*
1559 2650 1609 2678 at.

199 2697 238 2725 57
265 2695 417 2736 Fortuna]
439 2696 544 2728 Bona.
906 2710 969 2740 que
988 2697 1207 2728 barbarorum
1233 2696 1435 2729 commercio
1454 2696 1604 2739 linguam

196 2748 236 2778 08
265 2743 370 2788 Victa]
416 2746 505 2782 Quia
542 2748 657 2781 Graeci
687 2750 743 2793 qui
767 2751 848 2784 illuc
904 2757 1247 2789 suanicorrumpcrc.
