1877 3193
245 154 360 198 2750
732 162 774 192 Ρ.
802 160 961 191 ovmn
995 159 1208 191 NAsoms

661 468 1076 520 EPISTOLA
1131 466 1281 515 XVI.

757 646 846 690 AD
877 645 1185 689 INVIDUM.

799 824 1156 858 ARGUMENTUM.

245 939 431 972 AnMomz‘r
451 936 486 968 in
510 935 574 968 hac
587 932 709 966 ultima
728 932 874 974 epistola
898 930 1010 963 Po‘e'ta
1036 930 1199 971 invidum,
1223 939 1266 961 ne
1292 939 1430 962 carmen
1445 940 1541 962 suum
1557 931 1697 972 laceret,

286 990 469 1024 ostendens
488 999 523 1020 se
548 987 683 1020 exulem
709 996 784 1018 esse
807 989 964 1026 tanquam
987 988 1178 1015 mortuum:
1201 983 1414 1025 affirmatque
1432 984 1540 1015 solere
1555 984 1698 1015 livorem

287 1044 380 1085 pasci
397 1047 529 1075 tantum
554 1042 588 1073 in
615 1041 713 1079 vivis,
740 1043 819 1079 post
846 1038 977 1069 cineres
997 1047 1079 1068 vero
1097 1036 1298 1078 quiescere:
1322 1042 1358 1069 et
1381 1037 1444 1068 hac
1460 1036 1592 1067 ratione
1614 1036 1700 1067 dicit

287 1108 363 1130 eum
380 1097 507 1128 debere
521 1105 585 1126 non
609 1093 754 1125 ulterius
775 1093 809 1122 in
833 1100 968 1122 carmen
997 1099 1093 1121 suum
1118 1090 1324 1130 distringere
1339 1089 1475 1121 invidiae
1491 1089 1643 1121 stimulos
1660 1098 1700 1120 ac

287 1151 420 1189 dentes,
436 1159 512 1181 cum
529 1149 596 1179 sint
610 1147 707 1178 multi
724 1145 779 1176 alii
794 1145 949 1176 celebres
970 1144 1096 1185 po'etae,
1122 1154 1205 1185 quos
1229 1148 1425 1175 enumerat:
1450 1144 1620 1185 docetque
1643 1151 1700 1174 eos

287 1214 387 1246 posse
402 1201 611 1235 commodius
627 1198 843 1240 reprehendi.

244 1319 452 1382 INvlnE,
476 1331 583 1385 quid
604 1331 774 1370 laceras
797 1328 992 1369 Nasonis
1012 1328 1206 1369 carmina
1232 1328 1382 1380 rapti?

299 1401 404 1443 Non
424 1400 534 1440 solet
552 1397 738 1448 ingeniis
760 1409 933 1436 summa
954 1408 1113 1436 nocere
1134 1394 1241 1434 dies.

244 1469 468 1519 Famaque
487 1467 588 1517 post
608 1463 772 1502 cineres
795 1462 879 1514 maj
887 1474 934 1501 or
953 1461 1098 1501 venit:
1129 1464 1172 1500 et
1190 1459 1298 1499 mihi
1314 1471 1471 1500 nomen

297 1534 425 1574 Tunc
448 1543 639 1585 quoque,
663 1542 761 1570 cum
782 1528 898 1569 vivis
920 1539 1243 1575 annumerarer,
1266 1530 1372 1567 erat.

244 1602 355 1644 Cum
374 1600 485 1641 soret
504 1601 545 1639 et
565 1596 760 1646 Marsus,
781 1595 1015 1648 magnique
1038 1593 1248 1635 Rabirius
1271 1593 1378 1642 oris,
1671 1595 1699 1634 5

299 1669 546 1719 Iliacusque
567 1663 736 1713 Macer,
761 1662 1042 1715 sidereusque
1062 1661 1186 1702 Pedo
1203 1675 1212 1701 ε

288 1800 411 1839 havide,
440 1798 514 1838 quid
537 1797 685 1836 discerpis
716 1805 821 1826 versus
852 1795 989 1826 Nasonis
1015 1791 1154 1825 sublati?
1202 1792 1337 1824 Ultimus
1364 1791 1430 1822 dies
1456 1800 1515 1821 non
1544 1790 1698 1821 consuevit

244 1843 345 1875 obesse
358 1841 504 1881 ingeniis.
550 1839 735 1877 Quinsama
758 1842 890 1876 augetur
913 1841 980 1878 post
1009 1838 1146 1868 cineres:
1169 1839 1260 1876 atque
1283 1837 1350 1866 erat
1376 1833 1452 1864 mihi
1477 1833 1571 1864 etiam
1593 1832 1698 1872 gloria

245 1890 318 1917 tunc
332 1894 401 1916 cum
419 1892 592 1915 recenserer
601 1884 633 1913 in
648 1881 877 1921 superstitibus.
925 1881 1004 1910 Cum
1027 1884 1056 1910 et
1074 1880 1204 1910 Marsus
1220 1878 1349 1915 viveret,
1365 1880 1396 1908 et
1412 1875 1564 1907 Rabirius
1576 1884 1698 1914 magme

246 1927 435 1969 eloquentiae,
449 1930 480 1958 et
494 1927 604 1957 Macer
620 1924 744 1964 Iliacus,
758 1927 788 1954 et
804 1924 888 1954 Pedo
903 1924 1049 1963 sidereus,
1071 1925 1100 1953 et
1118 1924 1217 1952 Carus
1239 1921 1290 1961 qui
1302 1919 1482 1961 offendisset
1496 1919 1650 1949 Junonem
1664 1917 1699 1947 in

852 2000 1084 2012 ‘mommo‘

287 2058 307 2087 4
330 2055 396 2087 Ms.
424 2055 554 2085 Bersm.
573 2056 800 2091 annumeraret,
817 2055 856 2082 ut
882 2051 923 2082 ad
951 2049 1077 2081 famam
1100 2049 1344 2090 pertineat.—5
1370 2047 1412 2078 P.
1435 2047 1525 2077 Dan.
1550 2045 1592 2076 P.
1618 2044 1697 2077 Jun.

248 2102 283 2129 et
298 2097 477 2129 duodecim
494 2096 551 2128 alii
577 2097 712 2135 Cumque
731 2095 819 2133 foret
835 2093 885 2125 Μ.
909 2098 945 2124 at
961 2094 1026 2125 Ms.
1043 2093 1172 2124 Bersm.
1190 2092 1326 2122 Marcus.
1371 2089 1455 2120 Mox
1480 2088 1547 2119 Ms.
1563 2087 1696 2119 Bersm.

896 2193 1036 2224 NOTAE

291 2267 304 2295 l
328 2262 441 2303 Rapti]
455 2262 598 2293 Sublati.
620 2262 701 2293 Sese
718 2262 850 2293 exulem
867 2271 942 2301 per·
997 2263 1147 2302 itemque
1163 2261 1216 2292 hic
1233 2261 1266 2291 in
1283 2258 1452 2291 Orbilium
1475 2264 1598 2287 saevum
1613 2254 1697 2286 ludi·

247 2316 325 2348 inde
342 2324 381 2346 ac
410 2320 578 2345 mortuum
605 2322 690 2352 esse,
713 2312 865 2353 adeoque
887 2312 941 2343 In-
997 2311 1208 2350 magistrum,
1228 2311 1237 2327 ‘
1256 2310 1289 2339 Si
1307 2317 1390 2348 quos
1415 2305 1567 2336 Orbilius
1588 2303 1697 2336 ferula

246 2366 346 2398 vidiae
362 2365 470 2397 minus
485 2364 677 2402 obnoxium,
691 2363 784 2394 dicit.
996 2360 1192 2399 scuticaque
1207 2357 1355 2390 cecidit!

289 2419 310 2447 2
334 2416 406 2447 Non
421 2414 512 2454 solet]
535 2413 655 2452 Immo,
671 2413 698 2443 si
712 2413 832 2453 Lyrico
847 2411 943 2451 fides,
1041 2408 1168 2448 Magni]
1202 2408 1300 2446 Quia,
1330 2406 1435 2437 Fabio
1465 2410 1567 2444 teste,
1598 2404 1698 2445 Epici

248 2466 349 2497 sicuti
372 2465 533 2496 virtutem
561 2463 760 2494 incolumem
786 2462 944 2500 oderunt,
998 2460 1156 2491 carminis
1173 2459 1338 2500 scriptor;
1362 2457 1450 2499 quod
1468 2458 1610 2488 multum
1627 2456 1696 2487 ani-

246 2516 296 2548 ita
311 2515 475 2548 sublatam
489 2523 530 2545 ex
543 2514 648 2545 oculis
662 2518 817 2553 quaerunt
831 2512 944 2543 invidi.
997 2512 1042 2542 mi
1060 2520 1098 2541 ac
1114 2510 1234 2540 virium
1251 2509 1396 2549 expetit.

290 2570 309 2597 5
343 2566 485 2605 Marsus]
520 2564 586 2595 Hic
616 2563 785 2594 Domitius
811 2563 946 2593 Marsus
1041 2564 1062 2592 6
1085 2560 1213 2599 Iliacus]
1234 2559 1417 2599 Scripsisse
1440 2559 1526 2589 hunc
1541 2558 1696 2589 Macrum

248 2615 369 2646 Po'etae
385 2615 492 2646 nostri
506 2618 659 2655 tempore
671 2614 770 2652 vixit,
784 2617 821 2644 ut
835 2617 947 2652 patet3
1002 2611 1042 2642 de
1067 2610 1168 2641 rebus
1187 2610 1301 2640 Iliacis
1319 2619 1378 2639 seu
1394 2608 1552 2648 Trojanis
1567 2607 1608 2639 ab
1626 2607 1696 2638 Ho-

249 2673 294 2695 ex
309 2665 404 2704 cujus
431 2663 592 2705 operibus
609 2668 752 2706 quatuor
772 2664 881 2694 adhuc
898 2673 949 2693 su-
1000 2669 1092 2691 mero
1108 2660 1235 2690 relictis
1251 2668 1353 2699 supra
1368 2659 1403 2688 in
1419 2657 1539 2698 Elegia
1554 2656 1695 2698 quadam

249 2718 390 2753 pereunt
427 2723 542 2746 versus
578 2714 612 2746 in
648 2713 771 2745 Tibulli
806 2713 948 2754 obitum,
999 2711 1109 2743 eidem
1125 2711 1244 2744 Macro
1259 2709 1425 2751 inscripta
1438 2708 1591 2740 vidimus.
1633 2704 1696 2737 At-
