1877 3193
268 165 381 208 2448
759 176 802 207 P.
833 174 992 206 ov1n11
1028 171 1241 204 NAsoms

272 272 404 314 Flens
423 284 597 328 quoque
617 285 687 314 me
709 271 909 326 scripsit:
940 283 1020 312 nec
1041 282 1133 325 qua
1153 269 1369 324 signabar,
1387 268 1443 311 ad
1463 281 1512 311 os
1529 274 1596 312 est
1691 272 1719 311 5

325 338 459 391 Ante,
483 340 563 382 sed
583 339 638 380 ad
657 338 858 381 madidas
879 351 1052 392 gemma
1070 338 1206 379 relata
1226 348 1372 390 genas.

268 406 481 449 Tristitiae
502 420 682 450 causam
704 407 743 449 si
764 407 864 462 quis
885 419 1150 460 cognoscere
1173 406 1356 460 quaerit3

327 472 512 516 Ostendi
533 475 672 516 solem
690 474 884 528 postulat
903 475 975 515 ille
1001 474 1101 515 sibi.

269 540 367 582 Nec
388 541 587 582 frondem
606 542 652 583 in
670 542 824 597 sylviS‚
846 555 928 583 nec
950 545 1098 595 aperto
1119 541 1273 581 mollia
1292 543 1417 594 prato

326 607 555 659 Gramina,
577 623 656 651 nec
677 610 805 663 pleno
826 610 1001 651 flumine
1022 609 1155 650 cernit
1176 621 1329 661 aquas.
1667 608 1723 648 10

271 674 390 726 Quid
411 676 617 716 Priamus
638 676 798 726 doleat,
818 678 1054 726 mirabitur,
1079 677 1273 717 Hectore
1295 679 1447 730 rapt03

328 741 504 792 Quidve
525 742 794 783 Philoctetes
814 743 930 783 ictus
951 744 1006 783 ab
1026 756 1167 795 angue
1188 746 1345 796 gemat.

271 808 333 850 Di
353 808 545 849 facerent
564 808 744 858 utinam,
766 809 865 849 talis
887 812 1033 849 status
1053 813 1171 850 esset
1189 810 1233 849 in
1252 810 1344 859 illo,

329 874 394 915 Ut
411 888 493 915 non
516 875 706 915 tristitiae
730 888 864 916 causa
884 874 1074 915 dolenda
1092 875 1218 916 foret.

272 941 375 983 Fert
394 945 558 991 tamen,
578 946 631 982 ut
652 941 794 991 debet,
817 955 947 983 casus
968 943 1186 996 patienter
1203 955 1371 984 amaros
1389 956 1400 984 ε
1504 966 1507 968 -
1670 944 1726 984 15

329 1008 454 1050 More
475 1022 551 1050 nec
572 1009 769 1050 indomiti
790 1010 926 1052 sraena
946 1014 1121 1052 recusat
1141 1010 1256 1063 equi.

269 1128 472 1170 prastantior
480 1129 613 1168 fortuna
629 1139 707 1160 mea.
753 1130 912 1161 Est-ararit
935 1140 982 1161 me
998 1130 1091 1161 etiam
1114 1131 1239 1169 lugens:
1260 1138 1357 1169 neque
1368 1138 1491 1167 gemma
1507 1138 1566 1169 qua
1581 1128 1727 1169 signabar

274 1175 319 1202 est
333 1175 405 1202 ante
420 1173 542 1202 admota
558 1172 618 1209 ori,
630 1173 682 1202 sed
698 1172 831 1202 humidis
843 1173 942 1211 genis.
987 1173 1105 1212 Siquis
1119 1173 1239 1212 esi-petit
1254 1172 1427 1211 intelligere
1441 1181 1563 1202 causam
1578 1172 1728 1211 maeroris,

272 1214 325 1244 ille
340 1214 418 1254 petit
435 1214 535 1244 Solem
548 1214 608 1244 sibi
624 1214 802 1244 monstrari.
850 1215 954 1254 Neque
970 1215 1053 1245 videt
1062 1215 1143 1252 folia
1160 1215 1193 1244 in
1208 1215 1313 1254 sylvis,
1329 1217 1559 1254 nequeteneras
1572 1214 1682 1246 herbas
1695 1215 1730 1245 in

274 1260 362 1286 rosto
377 1260 478 1294 prato,
494 1266 588 1297 neque
603 1265 696 1296 aquus
718 1257 750 1286 in
773 1258 948 1287 exundante
964 1258 1076 1297 fluvio,
1123 1257 1264 1296 Stupebit
1280 1257 1473 1296 quamobrem
1498 1258 1643 1288 Priamus
1657 1267 1729 1288 moe-

274 1302 341 1328 rent
368 1299 505 1329 Hectore
530 1298 649 1329 sublato
658 1309 668 1334 ,·
701 1299 748 1328 vel
774 1299 969 1338 quamobrem
998 1299 1187 1329 Philoctetes
1216 1308 1331 1328 morsus
1359 1309 1377 1328 α
1405 1302 1543 1338 serpente
1571 1302 1729 1338 queratur.

281 1341 410 1371 Utinam
435 1342 494 1371 Dii
518 1344 706 1381 proestarent
722 1350 757 1371 eu
772 1344 850 1371 esset
877 1350 941 1370 sors
966 1341 1039 1379 ejus,
1064 1345 1099 1370 ut
1125 1350 1214 1370 causa
1241 1341 1378 1370 moerorz's
1404 1351 1463 1370 non
1485 1344 1564 1370 esset
1578 1341 1731 1381 deflenda.

279 1383 403 1414 Tolenu-
419 1386 521 1414 tamen
530 1384 678 1424 fortiter,
693 1386 727 1414 ut
742 1384 840 1423 debet,
863 1386 975 1414 sortem
991 1383 1148 1423 iniquam:
1172 1392 1267 1423 neque
1292 1382 1411 1413 excutit
1429 1382 1536 1420 srceua
1556 1392 1638 1414 more
1660 1384 1730 1422 equi

897 1470 931 1480 ’Δ
938 1469 1030 1480 eeeaee
1036 1469 1089 1479 ece
1095 1468 1132 1479 ee

275 1523 346 1553 mel.
349 1526 410 1553 —-7
434 1522 504 1554 Pro
521 1533 642 1554 causam
657 1523 752 1554 Serv.
768 1533 895 1559 causas,
890 1533 897 1540 ·
923 1523 1011 1553 Mor
1028 1532 1158 1554 carmen.
1161 1525 1223 1553 —8
1248 1523 1387 1553 Pastuzet
1404 1522 1524 1553 Heins.
1540 1522 1636 1553 malit
1651 1531 1729 1553 cum

277 1565 466 1605 Hamburg.
484 1570 519 1596 et
536 1565 667 1596 Arund.
670 1569 734 1597 —9
756 1566 834 1598 Juu.
856 1566 917 1597 Be.
946 1569 980 1595 et
1006 1565 1062 1595 alii
1085 1574 1160 1595 cum
1184 1574 1235 1604 pr.
1261 1569 1297 1595 et
1313 1565 1385 1595 aliis
1410 1565 1496 1595 Edd.
1516 1566 1581 1595 Nec
1598 1564 1730 1603 frondes

277 1610 354 1648 sylt.
380 1608 515 1639 Deinde
534 1618 593 1648 pro
608 1611 715 1649 aperto
732 1609 853 1639 Heins
870 1607 960 1647 conj.
986 1608 1119 1647 aprico‚·
1141 1607 1277 1637 minime
1293 1616 1373 1637 vero
1389 1606 1527 1637 damnat
1542 1607 1728 1647 vulgatum.

277 1653 362 1680 -10
388 1651 457 1681 Ριο
473 1651 571 1681 ceruit
595 1661 658 1681 unu
663 1661 677 1681 s
694 1652 816 1691 quaerit,
832 1655 867 1681 et
887 1651 1119 1681 Voss.cre‹1⁷‹1t.
1152 1650 1279 1680 Decem
1302 1650 1401 1680 etiam
1425 1659 1546 1689 aquam,
1560 1654 1596 1680 et
1612 1650 1660 1680 sic
1678 1659 1729 1690 pr.

278 1692 343 1723 Ed.
347 1696 428 1723 -11
455 1693 610 1734 Quinque
636 1694 755 1733 scripti
774 1694 821 1724 H.
849 1696 971 1729 tracto,·
1006 1698 1040 1723 et
1066 1692 1160 1723 Leid.
1187 1696 1283 1732 capto.
1287 1695 1370 1723 -12
1395 1692 1484 1722 Mor.
1509 1691 1568 1722 Ph.
1585 1692 1677 1722 loesus
1693 1691 1730 1722 ab

278 1738 439 1773 ang.—l3
463 1736 539 1766 Hoc
556 1736 725 1766 distichon
754 1736 808 1765 vix
832 1737 987 1766 Latinum
1012 1739 1076 1773 est,
1092 1739 1127 1765 et
1143 1736 1248 1765 multo
1265 1735 1373 1765 minus
1389 1734 1602 1766 Ovidianum.
1620 1734 1733 1766 Heius.

278 1777 314 1807 Si
332 1777 494 1808 eradatur
511 1778 574 1808 hoe
590 1778 774 1815 distichon,
801 1788 865 1809 non
892 1778 991 1808 video
1009 1777 1174 1818 quomodo
1201 1778 1366 1817 prioribus
1387 1777 1578 1808 cohaereant
1595 1785 1735 1817 sequen-

280 1819 350 1850 tia:
387 1829 491 1860 quare
519 1826 716 1860 corruptum
742 1821 853 1861 potius
876 1820 992 1858 csedo,
1017 1824 1052 1850 et
1075 1820 1122 1850 ita
1139 1820 1342 1860 legendum3
1373 1819 1420 1850 Di
1438 1819 1732 1858 Facerentitlz'nam,

279 1862 346 1892 vati
361 1866 462 1893 status
477 1867 551 1893 esset
566 1863 597 1893 in
613 1864 677 1901 illo,
699 1864 741 1893 Ut
756 1863 833 1893 mihi
849 1862 919 1903 (vel
935 1861 1010 1901 sibi)
1033 1864 1174 1893 tristitiae
1197 1872 1285 1893 causa
1309 1864 1444 1893 docenda
1462 1862 1560 1900 soret.
1593 1862 1732 1892 Utinam

277 1904 371 1942 mihi,
389 1904 518 1941 Poetae,
533 1910 640 1935 status
655 1906 710 1935 ille
724 1909 826 1943 esset,
840 1910 877 1936 ut
888 1906 1009 1935 liceret
1023 1914 1172 1944 causam,
1185 1906 1319 1936 minime
1335 1903 1565 1943 manifestam,
1581 1903 1731 1934 tristitiae

281 1946 394 1986 sitem,
409 1947 467 1978 sed
485 1957 560 1978 cum
577 1948 633 1978 illa
648 1948 692 1979 sit
709 1948 861 1978 omnibus
877 1951 967 1985 nota,
981 1948 1058 1987 qnia
1073 1958 1142 1978 sum
1160 1948 1292 1988 ejectus
1308 1948 1339 1978 in
1358 1947 1509 1978 ultimam
1527 1946 1731 1985 barbariem,

280 1989 414 2020 malleni
439 1989 471 2020 in
497 2000 537 2020 eo
554 1995 643 2021 esset
668 1994 778 2021 status
795 2000 901 2027 meus,
917 1995 954 2021 ut
971 1990 1131 2021 deberem
1151 1991 1273 2021 docere
1291 1999 1424 2020 eausam
1442 1989 1602 2028 tristitiae,
1617 1988 1651 2018 id
1667 1992 1733 2027 est,

281 2036 317 2063 nt
334 2032 366 2062 in
385 2032 445 2062 tali
462 2034 533 2063 loco
551 2043 656 2063 essem
680 2034 823 2073 positus,
847 2034 941 2073 cujus
958 2043 1023 2063 non
1040 2034 1236 2073 poeniteret‚
1252 2033 1276 2063 si
1294 2042 1393 2072 poena
1410 2032 1538 2062 crimini
1562 2040 1637 2062 meo
1654 2040 1733 2062 con-

280 2074 441 2113 serretur,
457 2080 493 2105 et.
509 2075 628 2114 injuria
644 2086 697 2106 me
717 2077 811 2116 queri
826 2086 940 2106 ornnes
955 2075 1123 2106 dicerent.
1173 2076 1215 2106 Ut
1232 2076 1305 2106 milti
1323 2075 1419 2105 estin
1435 2074 1579 2115 quinque
1595 2073 1733 2112 scriptis

282 2121 317 2147 et
342 2117 447 2156 prima
478 2118 649 2154 editione3
685 2128 721 2148 τι(
743 2118 819 2148 mihi
839 2120 871 2147 in
897 2118 1027 2148 duobus
1057 2118 1145 2149 aliis:
1171 2121 1204 2148 ut
1229 2118 1288 2148 sibi
1306 2118 1338 2148 in
1356 2118 1533 2156 vSossrano,
1547 2121 1583 2148 et
1600 2115 1730 2146 duobus

281 2158 365 2189 aliis.
398 2159 460 2188 ‘In
479 2159 546 2188 i110'
568 2169 641 2189 esse
659 2159 783 2189 dicitur
798 2160 984 2198 eleganter,
1001 2170 1073 2199 pro,
1093 2161 1125 2190 in
1143 2161 1200 2190 illo
1218 2161 1434 2200 loco;qna1n
1453 2168 1569 2189 vocem
1586 2167 1676 2197 saepe
1694 2157 1732 2186 li-

280 2199 382 2230 bun-ii
402 2201 497 2230 nimis
515 2200 693 2240 diligentes
717 2185 929 2231 addiderunt.
965 2202 1042 2231 xid.
1066 2203 1121 2241 Sia,
1114 2212 1177 2232 on.
1195 2202 1235 2231 ad
1255 2203 1326 2232 Liv.
1350 2210 1388 2231 11.
1408 2204 1459 2231 17.
1494 2200 1598 2231 Gron.
1613 2199 1654 2229 ad
1672 2199 1729 2230 lib.

933 2296 1071 2326 NOTAE

325 2373 344 2400 0
381 2369 526 2409 Gemma]
573 2369 649 2402 Qua
679 2370 796 2401 Poetae
832 2370 976 2410 sigillum
1034 2375 1123 2400 ratus
1142 2373 1204 2407 est,
1227 2370 1283 2399 scd
1310 2369 1444 2409 insuper
1469 2368 1574 2409 hydra
1601 2378 1729 2399 morsus

281 2419 531 2451 continebatur.
1033 2419 1110 2456 suit,
1124 2426 1155 2450 nt
1172 2421 1355 2459 Sophocles
1370 2419 1490 2460 aliique
1505 2419 1730 2450 tradiderunt.

326 2469 450 2508 Relata]
478 2471 977 2510 Uthumectareturmemmi«,
1078 2473 1115 2500 13
1142 2470 1214 2509 Illo]
1248 2470 1549 2510 Nasone‚scilicet.
1584 2470 1651 2501 Sed
1666 2470 1730 2500 dis-

283 2530 348 2552 non
366 2520 488 2559 lingum
506 2520 657 2559 humore,
675 2526 711 2551 ut
726 2521 797 2551 fieri
816 2530 884 2551 mos
900 2526 963 2551 est.
1035 2521 1146 2551 tichon
1163 2525 1214 2551 est
1237 2520 1474 2551 adulterinum.

328 2574 366 2602 12
394 2571 593 2610 Philoctetes]
623 2573 699 2604 Jam
730 2573 850 2612 swpius
880 2572 980 2602 istum
1081 2573 1115 2600 15
1151 2569 1331 2609 Patimur]
1378 2570 1524 2600 Virtutis
1562 2578 1642 2600 vero
1676 2573 1730 2600 est

285 2621 443 2651 Herculis
471 2622 627 2652 comitem
657 2622 821 2659 vidimus3
843 2622 898 2662 qui
916 2631 980 2651 non
1035 2620 1201 2658 maximat,
1224 2625 1259 2651 ut
1275 2619 1441 2650 fortunam
1465 2620 1647 2651 secundam
1664 2628 1732 2649 mo-

285 2671 383 2699 modo
410 2671 495 2701 illius
517 2671 643 2709 sagitta
667 2681 731 2702 una
757 2672 885 2712 Hydra!
903 2671 981 2703 felle
1036 2671 1167 2712 derate,
1184 2671 1231 2703 ita
1249 2671 1422 2703 adversam
1439 2669 1611 2712 patienter
1630 2669 1732 2702 ferre.

287 2724 408 2759 unctu,
425 2731 498 2760 qiu-,r
524 2722 554 2751 in
573 2721 695 2762 pedem
713 2721 853 2763 decidit,
868 2722 982 2753 vulue-
