1863 3193
633 153 877 185 TRISTIUM
912 156 1006 187 [ΑΒ.
1040 157 1071 186 1.
1100 146 1142 187 9.
1503 151 1616 194 2243

155 248 245 290 Sed
271 247 481 303 quoniam
501 246 678 290 accedit
698 249 904 292 fatalibus
924 251 1007 292 hoc
1029 264 1202 306 quoque
1217 252 1402 307 damnis,

214 316 277 358 Ut
297 320 476 358 careant
493 315 681 358 numeris
703 320 905 372 tempora
924 319 1066 373 prima
1085 320 1179 361 suis
1196 334 1208 374 ;
1273 324 1275 327 “

155 383 305 435 Effice,
326 385 499 439 peccati
518 397 574 425 ne
596 384 679 425 sim
699 397 865 427 memor
885 386 958 440 huj
967 391 1041 438 us3
1075 391 1117 428 et
1137 388 1212 429 illo

211 452 410 494 Officium
428 452 612 503 laudem,
632 465 718 506 quo
739 466 911 506 queror,
933 467 1006 494 ore
1028 457 1162 496 tuum.
1560 460 1616 500 50

150 571 218 600 clem
232 568 286 600 hoc
301 568 395 599 etiam
409 569 536 600 additur
542 568 698 606 fatalibus
722 570 823 609 malis,
849 574 883 602 ut
898 574 1035 611 tempora
1048 571 1152 611 prima
1167 574 1293 602 careant
1308 570 1372 603 suis
1387 571 1537 614 numeris,
1556 572 1613 611 fac

152 622 188 643 ne
204 612 341 644 recorder
353 611 440 650 hujus
446 611 575 652 flagitii
583 622 596 650 ;
618 615 648 643 et
660 613 827 653 praedicem
844 616 930 645 tuum
944 614 1091 645 meritum
1104 614 1158 646 illo
1171 623 1223 646 ore
1237 624 1296 657 quo
1311 624 1432 654 queror.

767 695 1000 708 mm

154 751 356 783 Combianus
383 760 445 792 pro
468 751 604 782 diversa
629 751 800 784 lectione:
829 753 905 793 quia
925 763 1018 785 nunc.
1063 753 1187 784 Sensus
1201 756 1275 786 est:
1309 754 1357 785 At
1387 754 1507 786 saltem
1524 756 1614 787 mala

152 799 266 825 nostra
287 795 396 825 minus
410 803 429 826 a
442 799 476 825 te
502 794 614 826 aliena
628 798 794 835 putasses,
807 805 905 836 quam
921 805 1012 827 nunc
1035 800 1147 837 putas.
1165 797 1277 828 Heius.
1301 797 1405 828 Forte
1422 798 1614 838 scripserit,

151 836 197 867 At
223 846 263 867 m.
288 847 319 867 n.
346 838 444 876 prius,
470 847 560 877 quam
582 846 672 878 nunc,
687 838 789 869 aliena
801 841 966 877 putasses:
990 848 1055 869 non
1071 839 1134 870 hoc
1151 839 1286 870 demum
1304 844 1457 879 tempore
1481 840 1615 871 debuis-

152 887 205 909 ses
220 879 401 910 ostendere
424 888 500 910 mea
516 879 597 909 nihil
614 879 656 909 ad
673 884 708 910 te
723 879 886 920 attinere,
909 881 966 910 sed
985 881 1059 920 jam
1087 882 1187 912 olim:
1214 882 1303 922 quod
1317 882 1343 913 si
1356 881 1509 922 fecisses,
1524 893 1613 914 nunc

152 930 220 951 non
248 931 381 961 agerem
408 927 441 952 te
467 930 559 952 reum
584 921 743 952 duritiae:
768 921 825 952 sed
844 922 1001 961 quiahoc
1026 928 1155 961 praeter
1180 924 1244 953 alia
1260 924 1364 954 etiam
1380 925 1460 954 mihi
1478 925 1615 965 accidit,

151 968 187 993 ut
205 968 237 994 te
257 964 393 1003 perdam
410 964 473 995 hoc
489 963 619 994 infelici
633 967 798 1003 tempore,
810 964 868 1004 qui
883 968 984 993 antea
1001 964 1128 995 amicus
1141 963 1249 1004 fuisti,
1265 965 1374 1005 effice,
1389 968 1452 998 διο.
1478 966 1616 1007 deinde,

152 1006 292 1036 Duritia»
316 1006 392 1036 mihi
409 1016 486 1037 nunc
510 1016 570 1036 non
586 1015 713 1045 agerere
739 1015 809 1036 reus
832 1006 1006 1045 Excerpta
1031 1006 1246 1037 Kloekhovii.
1269 1008 1470 1040 Barna—»17
1495 1009 1535 1040 R.
1551 1010 1614 1041 Be.

152 1053 187 1078 et
204 1057 262 1078 sex
278 1049 334 1078 alii
350 1049 623 1084 accedunt...haec;
646 1053 681 1079 et
696 1048 744 1078 sic
755 1047 891 1088 quidam
909 1047 1011 1078 editi:
1037 1048 1077 1079 P.
1090 1058 1180 1088 quon.
1195 1049 1495 1081 cecidit,..hoc.-48
1516 1051 1614 1082 Leid.

152 1100 215 1120 car.
232 1091 329 1120 muris
346 1095 437 1130 temp.
454 1090 496 1121 P.
524 1090 632 1120 Servii
658 1090 741 1121 Cod.
758 1090 978 1120 meritis.-—49
1000 1090 1081 1121 Jun.
1097 1100 1156 1121 non
1179 1100 1241 1130 pro
1268 1095 1404 1122 ne.---50
1432 1092 1473 1123 Ue
1490 1094 1613 1123 laudem

153 1141 204 1171 pr.
219 1133 281 1162 Ed.
295 1138 328 1162 et
345 1133 476 1162 Bersm.
495 1133 553 1163 sed
572 1132 652 1162 nihil
667 1141 768 1171 opus:
797 1131 963 1162 timebant
980 1132 1069 1162 enim
1086 1141 1141 1173 ne,
1157 1133 1237 1174 quia
1249 1140 1473 1175 praecesserat
1491 1145 1526 1165 ne
1542 1136 1612 1175 sim,

152 1174 204 1205 hic
217 1175 241 1205 si
258 1174 298 1204 sit
312 1174 458 1214 abesset,
475 1183 591 1205 sensus
615 1174 734 1214 planus
751 1183 818 1205 non
832 1177 936 1204 esset.
960 1173 1075 1205 Burm.

811 1259 843 1291 N
850 1258 952 1291 OTAE

152 1331 310 1371 didisses,
326 1332 425 1363 sicuti
442 1332 498 1364 ille
516 1333 613 1374 alim,
630 1333 671 1365 ad
689 1343 789 1375 quem
807 1334 856 1366 ita

153 1383 265 1414 Naso:
300 1384 308 1399 ‘
337 1384 367 1414 Ο
396 1384 450 1414 cui
483 1384 655 1425 praecipue
687 1394 758 1416 sors
789 1395 856 1416 mea

153 1434 226 1464 visa
243 1443 298 1463 sna
313 1433 388 1464 est!

910 1336 1025 1367 Romae
1038 1336 1168 1368 Nasoni
1183 1336 1333 1368 favebat.

952 1385 1042 1427 Suis]
1066 1387 1224 1428 Namque
1241 1387 1386 1418 Poetam
1411 1387 1464 1419 hic
1485 1387 1527 1419 de
1545 1399 1611 1430 quo

908 1436 966 1467 ille
981 1436 1137 1478 queritur
1153 1446 1217 1468 non
1239 1438 1347 1468 minus
1370 1439 1530 1478 amplecti
1554 1440 1612 1470 de-

195 1486 237 1514 48
266 1484 308 1514 Ut
324 1484 462 1524 careant]
498 1483 547 1514 Ut
564 1484 701 1523 nullam,
717 1485 770 1516 vel
787 1495 854 1516 non

153 1533 294 1569 eandem
332 1544 433 1574 quam
471 1540 581 1575 autea,
624 1535 705 1565 mihi
750 1534 852 1567 fidem

155 1588 310 1624 praestes·

197 1633 324 1672 Prima]
344 1634 393 1664 Ex
407 1644 471 1675 quo
488 1634 665 1666 adversam
682 1634 852 1667 fortunam

155 1683 274 1722 sentio,
299 1684 439 1715 scilicet.
485 1685 549 1715 Vel
570 1685 673 1725 prima
699 1685 852 1725 intellige

156 1733 299 1774 omuino,
314 1734 433 1775 quibus
449 1735 503 1767 hic
520 1736 608 1767 male
624 1735 710 1768 fidus
727 1737 852 1768 amicus

908 1486 982 1516 buit
999 1487 1033 1516 in
1051 1486 1200 1517 adversis
1211 1496 1311 1527 quam
1325 1488 1482 1519 secundis
1499 1488 1611 1519 rebus.

908 1536 1077 1567 Numeros
1086 1541 1185 1568 vocat
1194 1537 1610 1579 amoristestifieationem,

909 1596 984 1628 quae
1002 1587 1093 1617 nulla
1113 1586 1178 1618 fuit
1199 1597 1241 1618 ex
1257 1597 1323 1628 quo
1349 1588 1459 1619 Poeta
1483 1589 1612 1629 relega-

909 1640 986 1675 tus;
1009 1640 1110 1677 atque
1125 1636 1211 1667 adeo
1236 1646 1346 1678 neque
1372 1637 1479 1667 veteri
1496 1639 1610 1669 amiei-

909 1687 966 1717 tiae
994 1686 1182 1727 respondit,
1199 1696 1309 1727 neque
1331 1688 1432 1717 ullam
1448 1687 1551 1719 fuisse
1575 1689 1609 1719 in

909 1736 1028 1769 Poetae
1045 1737 1194 1769 adversis
1209 1737 1310 1770 rebus
1325 1737 1500 1771 indicavit.

643 2122 959 2170 ELEGIA
1016 2123 1118 2170 IX.

703 2295 1055 2328 ARGUMENTUM.

155 2391 345 2423 Quem-reu
363 2391 465 2431 poeta
488 2392 623 2432 vulgum
650 2393 743 2434 sequi
771 2393 958 2434 fortunam,
972 2398 1008 2425 et
1031 2393 1186 2425 secundis
1212 2398 1342 2426 tantum
1367 2397 1466 2428 rebus
1488 2396 1603 2429 adesse

197 2444 315 2483 amico,
334 2449 368 2475 at
383 2444 415 2474 in
433 2445 582 2476 adversis
599 2455 674 2476 eum
691 2445 900 2477 destituere:
927 2447 1016 2488 quod
1035 2447 1169 2488 quidem
1187 2457 1221 2479 re
1236 2448 1299 2480 sibi
1314 2451 1486 2489 cognitum
1500 2449 1603 2481 fuisse

197 2496 309 2527 docet.
332 2497 501 2538 Siquidem
519 2503 698 2540 antequam
714 2500 924 2540 relegaretur
941 2500 982 2530 ab
1004 2500 1170 2541 Augusto,
1186 2502 1307 2532 multos
1325 2502 1440 2532 habuit
1452 2502 1576 2534 amicos
1591 2513 1599 2533 :

200 2558 238 2579 ac
255 2555 429 2590 postquam
458 2551 567 2583 subita
585 2553 677 2583 ruina
693 2554 832 2591 corruit,
852 2554 1017 2584 neminem
1043 2554 1172 2584 invenit
1192 2555 1224 2584 iu
1248 2554 1343 2593 eujus
1368 2554 1527 2594 praesidio
1548 2565 1604 2586 ac-

200 2601 399 2642 quiesceret,
414 2614 488 2635 cum
506 2606 618 2636 multis
636 2616 695 2646 per
708 2607 851 2637 Car-saris
869 2606 1063 2637 modestiam
1080 2607 1112 2636 id
1131 2611 1293 2646 praestare
1311 2607 1480 2646 licuisset3
1499 2618 1602 2650 quan-

202 2652 379 2692 doquidem
397 2656 437 2686 ab
454 2668 494 2687 co
510 2658 639 2689 hostilis
656 2669 738 2699 erga
753 2660 896 2690 amicum
915 2669 1007 2689 amor
1022 2659 1122 2689 etiam
1141 2659 1313 2698 probetur.
1351 2659 1472 2691 Amico
1488 2665 1602 2701 gratu-

202 2705 290 2735 latur
312 2707 399 2746 quod
417 2710 527 2742 studio
545 2715 579 2741 ct
596 2711 752 2743 (loeti-ina
769 2723 923 2754 magnam
952 2712 1015 2744 sibi
1036 2711 1167 2743 laudem
1189 2714 1372 2755 paraverit,
1389 2713 1600 2755 gravioribus
