1863 3193
542 550 616 605 P.
670 547 967 605 OVIDII
1026 544 1418 605 NASONIS

443 761 1504 839 TRISTIUM

784 991 1046 1040 LIBER
1101 991 1172 1038 ΙΙ.

801 1383 1157 1416 ARGUMENTUM.

260 1483 459 1516 PnhcATun
477 1484 661 1524 Augustum
675 1483 820 1515 Ovidius
834 1488 883 1524 ut,
896 1483 922 1515 si
939 1493 1004 1515 non
1017 1483 1164 1515 reditum
1182 1485 1273 1525 velit,
1286 1485 1401 1517 mitius
1417 1491 1527 1518 tamen
1545 1495 1583 1518 ac
1600 1486 1707 1518 tutius

303 1538 439 1568 exilium
457 1537 634 1568 concedat.
661 1536 822 1577 Dicitque
837 1546 871 1567 se
889 1541 1036 1576 tentare,
1052 1537 1078 1567 si
1096 1536 1183 1568 forte
1197 1539 1357 1578 carmina,
1375 1550 1449 1580 quae
1467 1540 1515 1570 illi
1532 1545 1632 1571 antea
1647 1549 1707 1570 no—

301 1599 415 1627 cuere,
430 1599 519 1620 nunc
539 1590 669 1629 possint
692 1590 833 1620 salutem
853 1588 1014 1620 reddere:
1040 1590 1322 1630 quemadmodum
1351 1591 1489 1623 Achillis
1505 1593 1615 1633 hasta,
1630 1601 1706 1634 quae

300 1642 481 1681 Telephum
498 1646 533 1672 et
550 1642 739 1672 vulneravit
754 1646 790 1672 et
804 1641 945 1672 sanavit.
980 1642 1095 1682 Longo
1111 1642 1214 1682 igitur
1230 1647 1265 1674 et
1281 1643 1464 1676 artificioso
1487 1645 1633 1676 carmine
1651 1654 1707 1676 co-

303 1698 403 1724 natui·
417 1693 585 1724 Caesarem
602 1695 750 1734 placare,
761 1695 943 1725 ostendens
958 1704 993 1725 se
1011 1696 1117 1725 inulta
1133 1695 1175 1726 de
1191 1705 1232 1726 eo
1248 1697 1432 1737 scripsisse.
1456 1699 1707 1738 Enumeratque

301 1746 419 1786 poetas
445 1747 527 1777 alios
545 1748 807 1787 quamplurimos
825 1747 880 1787 qui
907 1756 1076 1787 nunquam
1098 1747 1167 1778 ulla
1193 1748 1290 1779 clade
1318 1748 1431 1781 affecti
1448 1754 1538 1789 sunt,
1555 1749 1706 1790 quamvis

303 1797 473 1829 mordacia
489 1804 548 1830 aut
565 1800 677 1840 turpia
694 1799 850 1840 poie'mata
866 1799 1050 1831 ediderint.

262 1912 412 1971 QUID
435 1930 539 1970 mihi
562 1932 791 1972 vobiscum
812 1935 893 1980 est,
916 1931 1071 1972 infelix
1093 1945 1210 1981 cura,
1231 1933 1383 1981 libelli,

320 1995 493 2047 Ingenio
515 1998 624 2049 perii
644 2000 719 2052 qui
739 2000 870 2038 miser
889 1999 986 2051 ipse
1006 2011 1106 2039 meo
1123 2000 1142 2038 Ἰ

261 2061 350 2102 Cur
369 2065 500 2104 modo
522 2065 750 2104 damnatas
772 2069 937 2116 repeto,
958 2078 1057 2105 mea
1078 2065 1271 2115 crimina,
1294 2065 1481 2107 Musas?

318 2127 388 2167 An
408 2129 538 2168 semel
559 2134 625 2169 est
641 2142 818 2181 poenam
840 2132 1145 2170 commeruisse
1165 2144 1322 2183 parum
1340 2133 1358 2171 Τ

306 2234 390 2269 Quid
406 2235 480 2265 mihi
495 2238 537 2266 est
554 2235 714 2274 vobiscum,
729 2236 833 2275 libelli,
847 2237 981 2267 studium
998 2237 1152 2275 miserum,
1179 2239 1231 2277 qui
1255 2238 1367 2276 infelix
1382 2239 1446 2278 ipse
1469 2240 1566 2270 occidi
1581 2250 1644 2271 meo
1660 2241 1706 2271 ἰη-

260 2275 374 2316 genio?
421 2278 622 2311 Quamobrem
636 2282 772 2309 revertor
786 2280 826 2309 ad
843 2280 952 2309 Musas
967 2280 1053 2309 modo
1074 2280 1272 2320 profligatas,
1298 2291 1365 2312 mea
1379 2281 1534 2313 crimina?
1577 2282 1629 2314 An
1644 2284 1706 2314 leve

868 2361 1101 2373 eeeeeeeeeee

303 2416 323 2444 2
347 2414 467 2444 Heius.
484 2414 628 2445 malebat
654 2415 721 2446 mis.
739 2425 803 2445 ecce
827 2425 890 2446 meo
900 2414 977 2447 ?-3
1002 2417 1130 2447 Riclwl.
1149 2421 1182 2447 et
1199 2416 1282 2447 alius
1299 2417 1380 2452 Quid
1394 2419 1473 2448 moa.
1519 2418 1607 2448 Tum
1623 2418 1704 2450 Lov.

261 2460 296 2487 et
314 2456 400 2487 Mor.
417 2458 577 2487 damnosus
590 2467 653 2497 rep.
679 2458 761 2488 Mox
778 2457 863 2488 Edd.
882 2458 1010 2498 Mycill.
1024 2458 1157 2499 Grypli.
1181 2464 1216 2490 et
1232 2459 1388 2491 Vinccut.
1412 2470 1477 2492 mea
1492 2462 1640 2502 carmina,
1657 2463 1706 2493 M.

912 2548 942 2578 N
949 2547 1049 2578 OTAE

312 2623 324 2650 ι
345 2619 473 2660 Infelix]
491 2621 580 2653 Quia
596 2620 780 2653 infeliciter
792 2632 854 2663 per
870 2622 958 2662 ejus·
1012 2623 1222 2655 calamitates
1240 2625 1442 2665 compulsus.

266 2669 354 2700 modi
381 2678 478 2700 curas
508 2671 542 2702 iu
567 2671 704 2703 exilium
733 2676 768 2704 et
797 2672 957 2704 maximas
