<?xml version="1.0" encoding="UTF-8"?>
<!DOCTYPE html PUBLIC "-//W3C//DTD XHTML 1.0 Transitional//EN"
    "http://www.w3.org/TR/xhtml1/DTD/xhtml1-transitional.dtd">
<html xmlns="http://www.w3.org/1999/xhtml" xml:lang="en" lang="en">
 <head>
  <title>
</title>
<meta http-equiv="Content-Type" content="text/html;charset=utf-8" />
  <meta name='ocr-system' content='tesseract 3.04.00' />
  <meta name='ocr-capabilities' content='ocr_page ocr_carea ocr_par ocr_line ocrx_word'/>
</head>
<body>
  <div class='ocr_page' id='page_1' title='image "./operaomniaexedit05oviduoft/operaomniaexedit05oviduoft_0100.png"; bbox 0 0 1863 3193; ppageno 0'>
   <div class='ocr_carea' id='block_1_1' title="bbox 224 138 1192 183">
    <p class='ocr_par' dir='ltr' id='par_1_1' title="bbox 224 138 1192 183">
     <span class='ocr_line' id='line_1_1' title="bbox 224 138 1192 183; baseline -0.002 -1"><span class='ocrx_word' id='word_1_1' title='bbox 224 138 338 182; x_wconf 78' lang='lat'>2318</span> <span class='ocrx_word' id='word_1_2' title='bbox 713 149 757 183; x_wconf 81' lang='lat' dir='ltr'>P.</span> <span class='ocrx_word' id='word_1_3' title='bbox 788 151 946 182; x_wconf 80' lang='lat' dir='ltr'>ovum</span> <span class='ocrx_word' id='word_1_4' title='bbox 978 148 1192 181; x_wconf 75' lang='lat' dir='ltr'>NAsoms</span> 
     </span>
    </p>
   </div>
   <div class='ocr_carea' id='block_1_2' title="bbox 219 243 1681 1436">
    <p class='ocr_par' dir='ltr' id='par_1_2' title="bbox 219 243 1681 1436">
     <span class='ocr_line' id='line_1_2' title="bbox 226 243 1334 299; baseline 0 -13"><span class='ocrx_word' id='word_1_5' title='bbox 226 244 407 299; x_wconf 86' lang='lat' dir='ltr'>Quique</span> <span class='ocrx_word' id='word_1_6' title='bbox 426 244 565 298; x_wconf 84' lang='lat' dir='ltr'>fugax</span> <span class='ocrx_word' id='word_1_7' title='bbox 585 259 744 295; x_wconf 90' lang='lat' dir='ltr'>rerum,</span> <span class='ocrx_word' id='word_1_8' title='bbox 762 257 999 298; x_wconf 88' lang='lat' dir='ltr'>securaque</span> <span class='ocrx_word' id='word_1_9' title='bbox 1017 245 1062 285; x_wconf 92' lang='lat' dir='ltr'>in</span> <span class='ocrx_word' id='word_1_10' title='bbox 1084 243 1176 286; x_wconf 89' lang='lat' dir='ltr'>otia</span> <span class='ocrx_word' id='word_1_11' title='bbox 1194 246 1334 296; x_wconf 86' lang='lat' dir='ltr'>natus,</span> 
     </span>
     <span class='ocr_line' id='line_1_3' title="bbox 281 310 1681 364; baseline 0 -12"><span class='ocrx_word' id='word_1_12' title='bbox 281 311 437 352; x_wconf 88' lang='lat' dir='ltr'>Mollis</span> <span class='ocrx_word' id='word_1_13' title='bbox 458 316 500 352; x_wconf 86' lang='lat' dir='ltr'>et</span> <span class='ocrx_word' id='word_1_14' title='bbox 518 313 751 364; x_wconf 84' lang='lat' dir='ltr'>impatiens</span> <span class='ocrx_word' id='word_1_15' title='bbox 773 316 873 352; x_wconf 85' lang='lat' dir='ltr'>ante</span> <span class='ocrx_word' id='word_1_16' title='bbox 895 310 1061 351; x_wconf 87' lang='lat' dir='ltr'>laboris</span> <span class='ocrx_word' id='word_1_17' title='bbox 1081 323 1214 361; x_wconf 89' lang='lat' dir='ltr'>eram,</span> <span class='ocrx_word' id='word_1_18' title='bbox 1621 310 1681 352; x_wconf 84' lang='lat'>10</span> 
     </span>
     <span class='ocr_line' id='line_1_4' title="bbox 224 377 1459 431; baseline 0.001 -13"><span class='ocrx_word' id='word_1_19' title='bbox 224 377 392 419; x_wconf 88' lang='lat' dir='ltr'>Ultima</span> <span class='ocrx_word' id='word_1_20' title='bbox 411 392 520 418; x_wconf 86' lang='lat' dir='ltr'>nunc</span> <span class='ocrx_word' id='word_1_21' title='bbox 544 380 711 431; x_wconf 84' lang='lat' dir='ltr'>patior:</span> <span class='ocrx_word' id='word_1_22' title='bbox 741 391 820 418; x_wconf 89' lang='lat' dir='ltr'>nec</span> <span class='ocrx_word' id='word_1_23' title='bbox 842 391 910 418; x_wconf 91' lang='lat' dir='ltr'>me</span> <span class='ocrx_word' id='word_1_24' title='bbox 929 390 1048 418; x_wconf 85' lang='lat' dir='ltr'>mare</span> <span class='ocrx_word' id='word_1_25' title='bbox 1066 378 1280 430; x_wconf 90' lang='lat' dir='ltr'>portubus</span> <span class='ocrx_word' id='word_1_26' title='bbox 1302 378 1459 419; x_wconf 87' lang='lat' dir='ltr'>orbum</span> 
     </span>
     <span class='ocr_line' id='line_1_5' title="bbox 280 445 1136 498; baseline -0.001 -12"><span class='ocrx_word' id='word_1_27' title='bbox 280 445 484 494; x_wconf 82' lang='lat' dir='ltr'>Perdere,</span> <span class='ocrx_word' id='word_1_28' title='bbox 509 446 694 486; x_wconf 85' lang='lat' dir='ltr'>diversae</span> <span class='ocrx_word' id='word_1_29' title='bbox 716 458 799 485; x_wconf 93' lang='lat' dir='ltr'>nec</span> <span class='ocrx_word' id='word_1_30' title='bbox 820 449 1001 498; x_wconf 87' lang='lat' dir='ltr'>potuere</span> <span class='ocrx_word' id='word_1_31' title='bbox 1022 445 1108 485; x_wconf 86' lang='lat' dir='ltr'>viae</span> <span class='ocrx_word' id='word_1_32' title='bbox 1126 458 1136 485; x_wconf 92' lang='lat'>:</span> 
     </span>
     <span class='ocr_line' id='line_1_6' title="bbox 224 510 1335 565; baseline -0.003 -11"><span class='ocrx_word' id='word_1_33' title='bbox 224 512 484 565; x_wconf 87' lang='lat' dir='ltr'>Suffecitque</span> <span class='ocrx_word' id='word_1_34' title='bbox 504 513 634 552; x_wconf 87' lang='lat' dir='ltr'>malis</span> <span class='ocrx_word' id='word_1_35' title='bbox 656 513 822 553; x_wconf 89' lang='lat' dir='ltr'>animus</span> <span class='ocrx_word' id='word_1_36' title='bbox 840 526 848 552; x_wconf 91' lang='lat'>:</span> <span class='ocrx_word' id='word_1_37' title='bbox 880 525 979 552; x_wconf 87' lang='lat' dir='ltr'>nam</span> <span class='ocrx_word' id='word_1_38' title='bbox 1001 524 1159 564; x_wconf 88' lang='lat' dir='ltr'>corpus</span> <span class='ocrx_word' id='word_1_39' title='bbox 1181 511 1236 551; x_wconf 86' lang='lat' dir='ltr'>ab</span> <span class='ocrx_word' id='word_1_40' title='bbox 1258 510 1335 551; x_wconf 92' lang='lat' dir='ltr'>illo</span> 
     </span>
     <span class='ocr_line' id='line_1_7' title="bbox 278 578 1159 633; baseline -0.002 -12"><span class='ocrx_word' id='word_1_41' title='bbox 278 579 470 633; x_wconf 88' lang='lat' dir='ltr'>Accepit</span> <span class='ocrx_word' id='word_1_42' title='bbox 490 581 626 630; x_wconf 86' lang='lat' dir='ltr'>vires;</span> <span class='ocrx_word' id='word_1_43' title='bbox 659 580 821 632; x_wconf 84' lang='lat' dir='ltr'>vixque</span> <span class='ocrx_word' id='word_1_44' title='bbox 846 578 1024 619; x_wconf 86' lang='lat' dir='ltr'>ferenda</span> <span class='ocrx_word' id='word_1_45' title='bbox 1045 578 1159 619; x_wconf 85' lang='lat' dir='ltr'>tulit.</span> 
     </span>
     <span class='ocr_line' id='line_1_8' title="bbox 224 642 1677 698; baseline -0.003 -10"><span class='ocrx_word' id='word_1_46' title='bbox 224 648 344 688; x_wconf 89' lang='lat' dir='ltr'>Dum</span> <span class='ocrx_word' id='word_1_47' title='bbox 364 652 511 687; x_wconf 85' lang='lat' dir='ltr'>tamen</span> <span class='ocrx_word' id='word_1_48' title='bbox 529 651 571 686; x_wconf 90' lang='lat' dir='ltr'>et</span> <span class='ocrx_word' id='word_1_49' title='bbox 590 646 732 685; x_wconf 83' lang='lat' dir='ltr'>ventis</span> <span class='ocrx_word' id='word_1_50' title='bbox 754 645 912 685; x_wconf 89' lang='lat' dir='ltr'>dubius</span> <span class='ocrx_word' id='word_1_51' title='bbox 926 645 1130 698; x_wconf 87' lang='lat' dir='ltr'>jactabar</span> <span class='ocrx_word' id='word_1_52' title='bbox 1151 648 1195 687; x_wconf 89' lang='lat' dir='ltr'>et</span> <span class='ocrx_word' id='word_1_53' title='bbox 1212 642 1356 694; x_wconf 82' lang='lat' dir='ltr'>undis,</span> <span class='ocrx_word' id='word_1_54' title='bbox 1619 644 1677 685; x_wconf 89' lang='lat'>15</span> 
     </span>
     <span class='ocr_line' id='line_1_9' title="bbox 280 712 1172 765; baseline -0.006 -9"><span class='ocrx_word' id='word_1_55' title='bbox 280 715 483 756; x_wconf 90' lang='lat' dir='ltr'>Fallebat</span> <span class='ocrx_word' id='word_1_56' title='bbox 504 726 632 754; x_wconf 87' lang='lat' dir='ltr'>curas</span> <span class='ocrx_word' id='word_1_57' title='bbox 656 725 859 765; x_wconf 88' lang='lat' dir='ltr'>aegraque</span> <span class='ocrx_word' id='word_1_58' title='bbox 880 712 1016 752; x_wconf 86' lang='lat' dir='ltr'>corda</span> <span class='ocrx_word' id='word_1_59' title='bbox 1034 712 1172 752; x_wconf 87' lang='lat' dir='ltr'>labor.</span> 
     </span>
     <span class='ocr_line' id='line_1_10' title="bbox 222 778 1218 832; baseline -0.006 -8"><span class='ocrx_word' id='word_1_60' title='bbox 222 781 286 823; x_wconf 90' lang='lat' dir='ltr'>Ut</span> <span class='ocrx_word' id='word_1_61' title='bbox 303 783 378 824; x_wconf 86' lang='lat' dir='ltr'>via</span> <span class='ocrx_word' id='word_1_62' title='bbox 396 781 517 821; x_wconf 83' lang='lat' dir='ltr'>finita</span> <span class='ocrx_word' id='word_1_63' title='bbox 535 784 613 829; x_wconf 87' lang='lat' dir='ltr'>est,</span> <span class='ocrx_word' id='word_1_64' title='bbox 637 784 683 820; x_wconf 86' lang='lat' dir='ltr'>et</span> <span class='ocrx_word' id='word_1_65' title='bbox 702 792 813 832; x_wconf 88' lang='lat' dir='ltr'>opus</span> <span class='ocrx_word' id='word_1_66' title='bbox 833 778 1047 832; x_wconf 86' lang='lat' dir='ltr'>requievit</span> <span class='ocrx_word' id='word_1_67' title='bbox 1071 778 1218 828; x_wconf 90' lang='lat' dir='ltr'>eundi,</span> 
     </span>
     <span class='ocr_line' id='line_1_11' title="bbox 280 845 1173 901; baseline -0.007 -11"><span class='ocrx_word' id='word_1_68' title='bbox 280 848 337 890; x_wconf 89' lang='lat' dir='ltr'>Et</span> <span class='ocrx_word' id='word_1_69' title='bbox 357 861 502 901; x_wconf 79' lang='lat' dir='ltr'>poenae</span> <span class='ocrx_word' id='word_1_70' title='bbox 524 847 653 887; x_wconf 86' lang='lat' dir='ltr'>tellus</span> <span class='ocrx_word' id='word_1_71' title='bbox 676 850 745 886; x_wconf 90' lang='lat' dir='ltr'>est</span> <span class='ocrx_word' id='word_1_72' title='bbox 765 845 871 885; x_wconf 89' lang='lat' dir='ltr'>mihi</span> <span class='ocrx_word' id='word_1_73' title='bbox 892 848 1013 885; x_wconf 85' lang='lat' dir='ltr'>tacta</span> <span class='ocrx_word' id='word_1_74' title='bbox 1033 857 1144 885; x_wconf 87' lang='lat' dir='ltr'>meae</span> <span class='ocrx_word' id='word_1_75' title='bbox 1162 858 1173 895; x_wconf 84' lang='lat'>3</span> 
     </span>
     <span class='ocr_line' id='line_1_12' title="bbox 220 911 1309 964; baseline -0.006 -8"><span class='ocrx_word' id='word_1_76' title='bbox 220 915 299 956; x_wconf 86' lang='lat' dir='ltr'>Nil</span> <span class='ocrx_word' id='word_1_77' title='bbox 319 915 406 955; x_wconf 87' lang='lat' dir='ltr'>nisi</span> <span class='ocrx_word' id='word_1_78' title='bbox 425 915 525 954; x_wconf 88' lang='lat' dir='ltr'>flere</span> <span class='ocrx_word' id='word_1_79' title='bbox 544 914 677 953; x_wconf 85' lang='lat' dir='ltr'>libet:</span> <span class='ocrx_word' id='word_1_80' title='bbox 707 925 789 952; x_wconf 92' lang='lat' dir='ltr'>nec</span> <span class='ocrx_word' id='word_1_81' title='bbox 810 915 960 952; x_wconf 84' lang='lat' dir='ltr'>nostro</span> <span class='ocrx_word' id='word_1_82' title='bbox 982 911 1154 964; x_wconf 83' lang='lat' dir='ltr'>parcior</span> <span class='ocrx_word' id='word_1_83' title='bbox 1172 911 1309 951; x_wconf 88' lang='lat' dir='ltr'>imber</span> 
     </span>
     <span class='ocr_line' id='line_1_13' title="bbox 277 978 1673 1032; baseline -0.002 -9"><span class='ocrx_word' id='word_1_84' title='bbox 277 981 479 1030; x_wconf 87' lang='lat' dir='ltr'>Lumine,</span> <span class='ocrx_word' id='word_1_85' title='bbox 502 979 554 1020; x_wconf 92' lang='lat' dir='ltr'>de</span> <span class='ocrx_word' id='word_1_86' title='bbox 577 991 705 1020; x_wconf 87' lang='lat' dir='ltr'>verna</span> <span class='ocrx_word' id='word_1_87' title='bbox 726 992 859 1032; x_wconf 87' lang='lat' dir='ltr'>quam</span> <span class='ocrx_word' id='word_1_88' title='bbox 879 979 979 1020; x_wconf 86' lang='lat' dir='ltr'>nive</span> <span class='ocrx_word' id='word_1_89' title='bbox 1001 982 1150 1019; x_wconf 85' lang='lat' dir='ltr'>manat</span> <span class='ocrx_word' id='word_1_90' title='bbox 1171 991 1300 1032; x_wconf 84' lang='lat' dir='ltr'>aqua.</span> <span class='ocrx_word' id='word_1_91' title='bbox 1615 978 1673 1020; x_wconf 82' lang='lat'>20</span> 
     </span>
     <span class='ocr_line' id='line_1_14' title="bbox 220 1045 1386 1099; baseline -0.003 -9"><span class='ocrx_word' id='word_1_92' title='bbox 220 1048 365 1090; x_wconf 88' lang='lat' dir='ltr'>Roma</span> <span class='ocrx_word' id='word_1_93' title='bbox 385 1047 625 1099; x_wconf 89' lang='lat' dir='ltr'>domusque</span> <span class='ocrx_word' id='word_1_94' title='bbox 647 1046 781 1095; x_wconf 87' lang='lat' dir='ltr'>subit,</span> <span class='ocrx_word' id='word_1_95' title='bbox 805 1045 1154 1098; x_wconf 86' lang='lat' dir='ltr'>desideriumque</span> <span class='ocrx_word' id='word_1_96' title='bbox 1176 1045 1386 1095; x_wconf 82' lang='lat' dir='ltr'>locorum,</span> 
     </span>
     <span class='ocr_line' id='line_1_15' title="bbox 277 1112 1224 1166; baseline -0.003 -11"><span class='ocrx_word' id='word_1_97' title='bbox 277 1112 501 1166; x_wconf 87' lang='lat' dir='ltr'>Quicquid</span> <span class='ocrx_word' id='word_1_98' title='bbox 521 1115 563 1152; x_wconf 89' lang='lat' dir='ltr'>et</span> <span class='ocrx_word' id='word_1_99' title='bbox 582 1113 744 1153; x_wconf 85' lang='lat' dir='ltr'>amissa</span> <span class='ocrx_word' id='word_1_100' title='bbox 765 1118 901 1154; x_wconf 86' lang='lat' dir='ltr'>restat</span> <span class='ocrx_word' id='word_1_101' title='bbox 919 1114 963 1152; x_wconf 95' lang='lat' dir='ltr'>in</span> <span class='ocrx_word' id='word_1_102' title='bbox 983 1112 1102 1153; x_wconf 89' lang='lat' dir='ltr'>Urbe</span> <span class='ocrx_word' id='word_1_103' title='bbox 1122 1112 1224 1153; x_wconf 89' lang='lat' dir='ltr'>mei.</span> 
     </span>
     <span class='ocr_line' id='line_1_16' title="bbox 219 1179 1308 1234; baseline -0.004 -10"><span class='ocrx_word' id='word_1_104' title='bbox 219 1181 314 1224; x_wconf 90' lang='lat' dir='ltr'>Hei</span> <span class='ocrx_word' id='word_1_105' title='bbox 330 1182 449 1231; x_wconf 90' lang='lat' dir='ltr'>mihi,</span> <span class='ocrx_word' id='word_1_106' title='bbox 473 1180 591 1234; x_wconf 91' lang='lat' dir='ltr'>quod</span> <span class='ocrx_word' id='word_1_107' title='bbox 609 1179 746 1220; x_wconf 80' lang='lat' dir='ltr'>nostri</span> <span class='ocrx_word' id='word_1_108' title='bbox 766 1181 896 1220; x_wconf 86' lang='lat' dir='ltr'>toties</span> <span class='ocrx_word' id='word_1_109' title='bbox 919 1180 1096 1232; x_wconf 79' lang='lat' dir='ltr'>pulsata</span> <span class='ocrx_word' id='word_1_110' title='bbox 1116 1179 1308 1231; x_wconf 88' lang='lat' dir='ltr'>sepulcri</span> 
     </span>
     <span class='ocr_line' id='line_1_17' title="bbox 277 1245 1201 1300; baseline -0.005 -10"><span class='ocrx_word' id='word_1_111' title='bbox 277 1250 306 1290; x_wconf 85' lang='lat' dir='ltr'><strong>J</strong></span> <span class='ocrx_word' id='word_1_112' title='bbox 311 1262 439 1298; x_wconf 84' lang='lat' dir='ltr'>anua,</span> <span class='ocrx_word' id='word_1_113' title='bbox 462 1247 538 1289; x_wconf 88' lang='lat' dir='ltr'>sed</span> <span class='ocrx_word' id='word_1_114' title='bbox 557 1246 677 1287; x_wconf 87' lang='lat' dir='ltr'>nullo</span> <span class='ocrx_word' id='word_1_115' title='bbox 697 1251 893 1300; x_wconf 81' lang='lat' dir='ltr'>tempore</span> <span class='ocrx_word' id='word_1_116' title='bbox 917 1249 1070 1299; x_wconf 84' lang='lat' dir='ltr'>aperta</span> <span class='ocrx_word' id='word_1_117' title='bbox 1090 1245 1176 1285; x_wconf 81' lang='lat' dir='ltr'>fuit</span> <span class='ocrx_word' id='word_1_118' title='bbox 1193 1246 1201 1285; x_wconf 90' lang='lat'><strong>!</strong></span> 
     </span>
     <span class='ocr_line' id='line_1_18' title="bbox 221 1306 1671 1368; baseline -0.006 -10"><span class='ocrx_word' id='word_1_119' title='bbox 221 1306 309 1358; x_wconf 89' lang='lat' dir='ltr'>Cur</span> <span class='ocrx_word' id='word_1_120' title='bbox 328 1329 406 1368; x_wconf 83' lang='lat' dir='ltr'>ego</span> <span class='ocrx_word' id='word_1_121' title='bbox 426 1319 489 1356; x_wconf 84' lang='lat' dir='ltr'>tot</span> <span class='ocrx_word' id='word_1_122' title='bbox 510 1314 680 1367; x_wconf 81' lang='lat' dir='ltr'>gladios</span> <span class='ocrx_word' id='word_1_123' title='bbox 701 1314 806 1367; x_wconf 81' lang='lat' dir='ltr'>fugi,</span> <span class='ocrx_word' id='word_1_124' title='bbox 830 1315 1046 1367; x_wconf 88' lang='lat' dir='ltr'>totiesque</span> <span class='ocrx_word' id='word_1_125' title='bbox 1066 1313 1231 1353; x_wconf 83' lang='lat' dir='ltr'>minata</span> <span class='ocrx_word' id='word_1_126' title='bbox 1613 1314 1671 1355; x_wconf 75' lang='lat'>25</span> 
     </span>
     <span class='ocr_line' id='line_1_19' title="bbox 278 1381 1139 1436; baseline -0.003 -13"><span class='ocrx_word' id='word_1_127' title='bbox 278 1383 435 1423; x_wconf 84' lang='lat' dir='ltr'>Obruit</span> <span class='ocrx_word' id='word_1_128' title='bbox 455 1382 604 1422; x_wconf 83' lang='lat' dir='ltr'>infelix</span> <span class='ocrx_word' id='word_1_129' title='bbox 622 1382 742 1423; x_wconf 90' lang='lat' dir='ltr'>nulla</span> <span class='ocrx_word' id='word_1_130' title='bbox 760 1382 950 1436; x_wconf 82' lang='lat' dir='ltr'>procella</span> <span class='ocrx_word' id='word_1_131' title='bbox 972 1381 1139 1435; x_wconf 69' lang='lat' dir='ltr'>caput?</span> 
     </span>
    </p>
   </div>
   <div class='ocr_carea' id='block_1_3' title="bbox 210 1492 1671 1917">
    <p class='ocr_par' dir='ltr' id='par_1_3' title="bbox 210 1492 1671 1917">
     <span class='ocr_line' id='line_1_20' title="bbox 218 1492 1669 1535; baseline -0.002 -8"><span class='ocrx_word' id='word_1_132' title='bbox 218 1501 249 1528; x_wconf 83' lang='lat' dir='ltr'>et</span> <span class='ocrx_word' id='word_1_133' title='bbox 263 1501 353 1528; x_wconf 82' lang='lat' dir='ltr'>natus</span> <span class='ocrx_word' id='word_1_134' title='bbox 368 1498 407 1526; x_wconf 82' lang='lat' dir='ltr'>ad</span> <span class='ocrx_word' id='word_1_135' title='bbox 423 1499 521 1526; x_wconf 78' lang='lat' dir='ltr'>tutam</span> <span class='ocrx_word' id='word_1_136' title='bbox 536 1506 652 1535; x_wconf 81' lang='lat' dir='ltr'>pacem,</span> <span class='ocrx_word' id='word_1_137' title='bbox 676 1496 764 1535; x_wconf 78' lang='lat' dir='ltr'>prius</span> <span class='ocrx_word' id='word_1_138' title='bbox 787 1506 870 1526; x_wconf 83' lang='lat' dir='ltr'>eram</span> <span class='ocrx_word' id='word_1_139' title='bbox 886 1496 1035 1526; x_wconf 79' lang='lat' dir='ltr'>delicatus</span> <span class='ocrx_word' id='word_1_140' title='bbox 1050 1497 1079 1524; x_wconf 78' lang='lat' dir='ltr'>et</span> <span class='ocrx_word' id='word_1_141' title='bbox 1096 1492 1311 1530; x_wconf 82' lang='lat' dir='ltr'>minusferens</span> <span class='ocrx_word' id='word_1_142' title='bbox 1327 1492 1471 1532; x_wconf 83' lang='lat' dir='ltr'>laborem,</span> <span class='ocrx_word' id='word_1_143' title='bbox 1487 1492 1557 1531; x_wconf 84' lang='lat' dir='ltr'>jam</span> <span class='ocrx_word' id='word_1_144' title='bbox 1574 1494 1669 1525; x_wconf 83' lang='lat' dir='ltr'>tolero</span> 
     </span>
     <span class='ocr_line' id='line_1_21' title="bbox 215 1535 1670 1578; baseline -0.002 -8"><span class='ocrx_word' id='word_1_145' title='bbox 215 1543 375 1570; x_wconf 78' lang='lat' dir='ltr'>extrema.-</span> <span class='ocrx_word' id='word_1_146' title='bbox 398 1549 492 1577; x_wconf 80' lang='lat' dir='ltr'>neque</span> <span class='ocrx_word' id='word_1_147' title='bbox 506 1548 587 1569; x_wconf 81' lang='lat' dir='ltr'>mare</span> <span class='ocrx_word' id='word_1_148' title='bbox 602 1539 833 1578; x_wconf 82' lang='lat' dir='ltr'>importuosum,</span> <span class='ocrx_word' id='word_1_149' title='bbox 860 1548 951 1577; x_wconf 81' lang='lat' dir='ltr'>neque</span> <span class='ocrx_word' id='word_1_150' title='bbox 974 1536 1070 1568; x_wconf 69' lang='lat' dir='ltr'>rariae</span> <span class='ocrx_word' id='word_1_151' title='bbox 1087 1535 1352 1575; x_wconf 76' lang='lat' dir='ltr'>peregrinationes</span> <span class='ocrx_word' id='word_1_152' title='bbox 1374 1538 1536 1574; x_wconf 80' lang='lat' dir='ltr'>potuerunt</span> <span class='ocrx_word' id='word_1_153' title='bbox 1551 1546 1597 1567; x_wconf 86' lang='lat' dir='ltr'>me</span> <span class='ocrx_word' id='word_1_154' title='bbox 1612 1537 1670 1567; x_wconf 84' lang='lat' dir='ltr'>tol-</span> 
     </span>
     <span class='ocr_line' id='line_1_22' title="bbox 217 1577 1669 1620; baseline -0.002 -8"><span class='ocrx_word' id='word_1_155' title='bbox 217 1583 289 1612; x_wconf 83' lang='lat' dir='ltr'>lere.</span> <span class='ocrx_word' id='word_1_156' title='bbox 335 1583 379 1611; x_wconf 82' lang='lat' dir='ltr'>Et</span> <span class='ocrx_word' id='word_1_157' title='bbox 395 1583 514 1611; x_wconf 81' lang='lat' dir='ltr'>unimus</span> <span class='ocrx_word' id='word_1_158' title='bbox 528 1591 584 1620; x_wconf 85' lang='lat' dir='ltr'>par</span> <span class='ocrx_word' id='word_1_159' title='bbox 604 1579 672 1618; x_wconf 81' lang='lat' dir='ltr'>suit</span> <span class='ocrx_word' id='word_1_160' title='bbox 687 1581 844 1610; x_wconf 66' lang='lat' dir='ltr'>(erumnis.</span> <span class='ocrx_word' id='word_1_161' title='bbox 892 1581 973 1610; x_wconf 77' lang='lat' dir='ltr'>Nam</span> <span class='ocrx_word' id='word_1_162' title='bbox 999 1588 1106 1618; x_wconf 81' lang='lat' dir='ltr'>corpus</span> <span class='ocrx_word' id='word_1_163' title='bbox 1130 1580 1303 1608; x_wconf 78' lang='lat' dir='ltr'>mutuatum</span> <span class='ocrx_word' id='word_1_164' title='bbox 1328 1581 1373 1607; x_wconf 69' lang='lat' dir='ltr'>est</span> <span class='ocrx_word' id='word_1_165' title='bbox 1390 1577 1481 1608; x_wconf 81' lang='lat' dir='ltr'>robur</span> <span class='ocrx_word' id='word_1_166' title='bbox 1495 1578 1532 1608; x_wconf 79' lang='lat' dir='ltr'>ab</span> <span class='ocrx_word' id='word_1_167' title='bbox 1548 1578 1612 1616; x_wconf 82' lang='lat' dir='ltr'>illo,</span> <span class='ocrx_word' id='word_1_168' title='bbox 1638 1582 1669 1609; x_wconf 81' lang='lat' dir='ltr'>et</span> 
     </span>
     <span class='ocr_line' id='line_1_23' title="bbox 219 1620 1671 1663; baseline -0.002 -9"><span class='ocrx_word' id='word_1_169' title='bbox 219 1624 359 1654; x_wconf 71' lang='lat' dir='ltr'>tolerarit</span> <span class='ocrx_word' id='word_1_170' title='bbox 376 1624 429 1654; x_wconf 70' lang='lat' dir='ltr'>rix</span> <span class='ocrx_word' id='word_1_171' title='bbox 442 1623 627 1663; x_wconf 80' lang='lat' dir='ltr'>sufferenda.</span> <span class='ocrx_word' id='word_1_172' title='bbox 672 1623 757 1653; x_wconf 81' lang='lat' dir='ltr'>Dum</span> <span class='ocrx_word' id='word_1_173' title='bbox 773 1626 874 1654; x_wconf 77' lang='lat' dir='ltr'>tamen</span> <span class='ocrx_word' id='word_1_174' title='bbox 890 1623 1024 1654; x_wconf 83' lang='lat' dir='ltr'>incertus</span> <span class='ocrx_word' id='word_1_175' title='bbox 1048 1620 1193 1660; x_wconf 81' lang='lat' dir='ltr'>agitabar</span> <span class='ocrx_word' id='word_1_176' title='bbox 1217 1623 1301 1650; x_wconf 80' lang='lat' dir='ltr'>terra</span> <span class='ocrx_word' id='word_1_177' title='bbox 1317 1620 1464 1659; x_wconf 79' lang='lat' dir='ltr'>marique,</span> <span class='ocrx_word' id='word_1_178' title='bbox 1490 1620 1576 1651; x_wconf 84' lang='lat' dir='ltr'>labor</span> <span class='ocrx_word' id='word_1_179' title='bbox 1590 1620 1671 1652; x_wconf 79' lang='lat' dir='ltr'>deci-</span> 
     </span>
     <span class='ocr_line' id='line_1_24' title="bbox 215 1662 1669 1705; baseline -0.002 -9"><span class='ocrx_word' id='word_1_180' title='bbox 215 1666 320 1705; x_wconf 82' lang='lat' dir='ltr'>piebat</span> <span class='ocrx_word' id='word_1_181' title='bbox 334 1676 485 1696; x_wconf 67' lang='lat' dir='ltr'>(erumnas</span> <span class='ocrx_word' id='word_1_182' title='bbox 511 1669 541 1695; x_wconf 81' lang='lat' dir='ltr'>et</span> <span class='ocrx_word' id='word_1_183' title='bbox 567 1669 705 1696; x_wconf 70' lang='lat' dir='ltr'>inoestum</span> <span class='ocrx_word' id='word_1_184' title='bbox 730 1669 845 1705; x_wconf 78' lang='lat' dir='ltr'>pectus.</span> <span class='ocrx_word' id='word_1_185' title='bbox 894 1666 1059 1705; x_wconf 80' lang='lat' dir='ltr'>Postquam</span> <span class='ocrx_word' id='word_1_186' title='bbox 1083 1664 1144 1693; x_wconf 81' lang='lat' dir='ltr'>iter</span> <span class='ocrx_word' id='word_1_187' title='bbox 1168 1662 1336 1693; x_wconf 77' lang='lat' dir='ltr'>absolutum</span> <span class='ocrx_word' id='word_1_188' title='bbox 1361 1666 1417 1701; x_wconf 81' lang='lat' dir='ltr'>est,</span> <span class='ocrx_word' id='word_1_189' title='bbox 1441 1667 1471 1693; x_wconf 83' lang='lat' dir='ltr'>et</span> <span class='ocrx_word' id='word_1_190' title='bbox 1495 1662 1580 1692; x_wconf 80' lang='lat' dir='ltr'>labor</span> <span class='ocrx_word' id='word_1_191' title='bbox 1606 1663 1669 1693; x_wconf 82' lang='lat' dir='ltr'>iter</span> 
     </span>
     <span class='ocr_line' id='line_1_25' title="bbox 210 1704 1670 1747; baseline -0.001 -9"><span class='ocrx_word' id='word_1_192' title='bbox 210 1708 350 1744; x_wconf 77' lang='lat' dir='ltr'>faciendi</span> <span class='ocrx_word' id='word_1_193' title='bbox 366 1708 505 1745; x_wconf 74' lang='lat' dir='ltr'>omissus,</span> <span class='ocrx_word' id='word_1_194' title='bbox 532 1711 560 1738; x_wconf 85' lang='lat' dir='ltr'>et</span> <span class='ocrx_word' id='word_1_195' title='bbox 578 1711 662 1738; x_wconf 77' lang='lat' dir='ltr'>terra</span> <span class='ocrx_word' id='word_1_196' title='bbox 686 1709 744 1738; x_wconf 81' lang='lat' dir='ltr'>mei</span> <span class='ocrx_word' id='word_1_197' title='bbox 767 1708 912 1747; x_wconf 82' lang='lat' dir='ltr'>supplicii</span> <span class='ocrx_word' id='word_1_198' title='bbox 936 1711 981 1738; x_wconf 81' lang='lat' dir='ltr'>est</span> <span class='ocrx_word' id='word_1_199' title='bbox 1002 1710 1085 1737; x_wconf 81' lang='lat' dir='ltr'>tacta</span> <span class='ocrx_word' id='word_1_200' title='bbox 1111 1715 1130 1735; x_wconf 82' lang='lat' dir='ltr'>a</span> <span class='ocrx_word' id='word_1_201' title='bbox 1154 1715 1212 1743; x_wconf 83' lang='lat' dir='ltr'>me,</span> <span class='ocrx_word' id='word_1_202' title='bbox 1234 1705 1311 1735; x_wconf 74' lang='lat' dir='ltr'>nihil</span> <span class='ocrx_word' id='word_1_203' title='bbox 1326 1706 1390 1735; x_wconf 67' lang='lat' dir='ltr'>volo</span> <span class='ocrx_word' id='word_1_204' title='bbox 1405 1704 1467 1734; x_wconf 78' lang='lat' dir='ltr'>nisi</span> <span class='ocrx_word' id='word_1_205' title='bbox 1482 1705 1670 1745; x_wconf 78' lang='lat' dir='ltr'>lacrymari:</span> 
     </span>
     <span class='ocr_line' id='line_1_26' title="bbox 215 1747 1668 1790; baseline -0.001 -10"><span class='ocrx_word' id='word_1_206' title='bbox 215 1760 310 1790; x_wconf 79' lang='lat' dir='ltr'>neque</span> <span class='ocrx_word' id='word_1_207' title='bbox 326 1750 430 1780; x_wconf 77' lang='lat' dir='ltr'>humor</span> <span class='ocrx_word' id='word_1_208' title='bbox 444 1749 567 1788; x_wconf 80' lang='lat' dir='ltr'>parcior</span> <span class='ocrx_word' id='word_1_209' title='bbox 584 1749 662 1789; x_wconf 78' lang='lat' dir='ltr'>fluit</span> <span class='ocrx_word' id='word_1_210' title='bbox 682 1760 721 1780; x_wconf 74' lang='lat' dir='ltr'>ex</span> <span class='ocrx_word' id='word_1_211' title='bbox 744 1751 857 1780; x_wconf 82' lang='lat' dir='ltr'>nostris</span> <span class='ocrx_word' id='word_1_212' title='bbox 882 1750 987 1788; x_wconf 83' lang='lat' dir='ltr'>oculis,</span> <span class='ocrx_word' id='word_1_213' title='bbox 1013 1758 1104 1788; x_wconf 78' lang='lat' dir='ltr'>quam</span> <span class='ocrx_word' id='word_1_214' title='bbox 1128 1758 1207 1787; x_wconf 81' lang='lat' dir='ltr'>aqua</span> <span class='ocrx_word' id='word_1_215' title='bbox 1233 1748 1270 1778; x_wconf 75' lang='lat' dir='ltr'>cle</span> <span class='ocrx_word' id='word_1_216' title='bbox 1286 1747 1355 1777; x_wconf 79' lang='lat' dir='ltr'>nire</span> <span class='ocrx_word' id='word_1_217' title='bbox 1370 1757 1474 1777; x_wconf 81' lang='lat' dir='ltr'>verna.</span> <span class='ocrx_word' id='word_1_218' title='bbox 1522 1747 1622 1778; x_wconf 82' lang='lat' dir='ltr'>Roma</span> <span class='ocrx_word' id='word_1_219' title='bbox 1636 1750 1668 1778; x_wconf 76' lang='lat' dir='ltr'>et</span> 
     </span>
     <span class='ocr_line' id='line_1_27' title="bbox 214 1789 1667 1831; baseline -0.002 -7"><span class='ocrx_word' id='word_1_220' title='bbox 214 1794 300 1824; x_wconf 76' lang='lat' dir='ltr'>sedes</span> <span class='ocrx_word' id='word_1_221' title='bbox 314 1802 397 1822; x_wconf 74' lang='lat' dir='ltr'>mem</span> <span class='ocrx_word' id='word_1_222' title='bbox 414 1795 589 1830; x_wconf 77' lang='lat' dir='ltr'>recurrunt,</span> <span class='ocrx_word' id='word_1_223' title='bbox 617 1796 646 1822; x_wconf 83' lang='lat' dir='ltr'>et</span> <span class='ocrx_word' id='word_1_224' title='bbox 660 1802 746 1822; x_wconf 81' lang='lat' dir='ltr'>amor</span> <span class='ocrx_word' id='word_1_225' title='bbox 761 1793 906 1830; x_wconf 78' lang='lat' dir='ltr'>locorum,</span> <span class='ocrx_word' id='word_1_226' title='bbox 931 1796 961 1823; x_wconf 85' lang='lat' dir='ltr'>et</span> <span class='ocrx_word' id='word_1_227' title='bbox 985 1791 1128 1831; x_wconf 78' lang='lat' dir='ltr'>quicquid</span> <span class='ocrx_word' id='word_1_228' title='bbox 1144 1791 1203 1820; x_wconf 75' lang='lat' dir='ltr'>mei</span> <span class='ocrx_word' id='word_1_229' title='bbox 1225 1793 1362 1829; x_wconf 76' lang='lat' dir='ltr'>superest</span> <span class='ocrx_word' id='word_1_230' title='bbox 1388 1790 1421 1819; x_wconf 81' lang='lat' dir='ltr'>in</span> <span class='ocrx_word' id='word_1_231' title='bbox 1442 1789 1523 1820; x_wconf 85' lang='lat' dir='ltr'>Urbe</span> <span class='ocrx_word' id='word_1_232' title='bbox 1547 1789 1667 1821; x_wconf 80' lang='lat' dir='ltr'>relicta.</span> 
     </span>
     <span class='ocr_line' id='line_1_28' title="bbox 218 1831 1665 1873; baseline -0.003 -8"><span class='ocrx_word' id='word_1_233' title='bbox 218 1835 284 1865; x_wconf 82' lang='lat' dir='ltr'>Hei</span> <span class='ocrx_word' id='word_1_234' title='bbox 298 1834 399 1864; x_wconf 78' lang='lat' dir='ltr'>milii!</span> <span class='ocrx_word' id='word_1_235' title='bbox 432 1835 511 1873; x_wconf 78' lang='lat' dir='ltr'>quod</span> <span class='ocrx_word' id='word_1_236' title='bbox 528 1834 617 1871; x_wconf 83' lang='lat' dir='ltr'>fores</span> <span class='ocrx_word' id='word_1_237' title='bbox 642 1835 739 1864; x_wconf 82' lang='lat' dir='ltr'>nostri</span> <span class='ocrx_word' id='word_1_238' title='bbox 764 1835 874 1865; x_wconf 77' lang='lat' dir='ltr'>tumuli</span> <span class='ocrx_word' id='word_1_239' title='bbox 899 1836 989 1864; x_wconf 81' lang='lat' dir='ltr'>toties</span> <span class='ocrx_word' id='word_1_240' title='bbox 1013 1834 1120 1873; x_wconf 79' lang='lat' dir='ltr'>pulsae,</span> <span class='ocrx_word' id='word_1_241' title='bbox 1145 1834 1198 1862; x_wconf 84' lang='lat' dir='ltr'>sed</span> <span class='ocrx_word' id='word_1_242' title='bbox 1221 1841 1375 1870; x_wconf 79' lang='lat' dir='ltr'>nunquam</span> <span class='ocrx_word' id='word_1_243' title='bbox 1398 1834 1544 1862; x_wconf 80' lang='lat' dir='ltr'>reseratae</span> <span class='ocrx_word' id='word_1_244' title='bbox 1568 1831 1665 1862; x_wconf 78' lang='lat' dir='ltr'>sunt!</span> 
     </span>
     <span class='ocr_line' id='line_1_29' title="bbox 219 1874 1666 1917; baseline -0.002 -10"><span class='ocrx_word' id='word_1_245' title='bbox 219 1876 422 1913; x_wconf 79' lang='lat' dir='ltr'>Quamobrem</span> <span class='ocrx_word' id='word_1_246' title='bbox 436 1886 492 1915; x_wconf 81' lang='lat' dir='ltr'>ego</span> <span class='ocrx_word' id='word_1_247' title='bbox 506 1876 604 1906; x_wconf 50' lang='lat' dir='ltr'>¹citari</span> <span class='ocrx_word' id='word_1_248' title='bbox 620 1880 667 1907; x_wconf 77' lang='lat' dir='ltr'>tot</span> <span class='ocrx_word' id='word_1_249' title='bbox 681 1887 776 1915; x_wconf 80' lang='lat' dir='ltr'>enses,</span> <span class='ocrx_word' id='word_1_250' title='bbox 799 1880 830 1907; x_wconf 81' lang='lat' dir='ltr'>et</span> <span class='ocrx_word' id='word_1_251' title='bbox 852 1880 1016 1917; x_wconf 78' lang='lat' dir='ltr'>tempestus</span> <span class='ocrx_word' id='word_1_252' title='bbox 1039 1875 1130 1905; x_wconf 80' lang='lat' dir='ltr'>toties</span> <span class='ocrx_word' id='word_1_253' title='bbox 1145 1875 1264 1905; x_wconf 81' lang='lat' dir='ltr'>minata</span> <span class='ocrx_word' id='word_1_254' title='bbox 1286 1883 1347 1904; x_wconf 83' lang='lat' dir='ltr'>uon</span> <span class='ocrx_word' id='word_1_255' title='bbox 1361 1874 1506 1905; x_wconf 78' lang='lat' dir='ltr'>demersit</span> <span class='ocrx_word' id='word_1_256' title='bbox 1521 1874 1666 1904; x_wconf 80' lang='lat' dir='ltr'>miserum</span> 
     </span>
    </p>
   </div>
   <div class='ocr_carea' id='block_1_4' title="bbox 832 1949 1061 1961">
    <p class='ocr_par' dir='ltr' id='par_1_4' title="bbox 832 1949 1061 1961">
     <span class='ocr_line' id='line_1_30' title="bbox 832 1949 1061 1961; baseline -0.009 0"><span class='ocrx_word' id='word_1_257' title='bbox 832 1949 1061 1961; x_wconf 59' lang='lat' dir='ltr'>neeme-</span> 
     </span>
    </p>
   </div>
   <div class='ocr_carea' id='block_1_5' title="bbox 214 1988 1668 2326">
    <p class='ocr_par' dir='ltr' id='par_1_5' title="bbox 214 1988 1668 2326">
     <span class='ocr_line' id='line_1_31' title="bbox 222 1988 1668 2029; baseline -0.002 -4"><span class='ocrx_word' id='word_1_258' title='bbox 222 1995 314 2025; x_wconf 81' lang='lat' dir='ltr'>Ustus</span> <span class='ocrx_word' id='word_1_259' title='bbox 327 1994 456 2024; x_wconf 84' lang='lat' dir='ltr'>Ricliel.</span> <span class='ocrx_word' id='word_1_260' title='bbox 475 1998 509 2024; x_wconf 89' lang='lat' dir='ltr'>et</span> <span class='ocrx_word' id='word_1_261' title='bbox 527 1993 592 2023; x_wconf 84' lang='lat' dir='ltr'>duo</span> <span class='ocrx_word' id='word_1_262' title='bbox 606 1994 660 2024; x_wconf 91' lang='lat' dir='ltr'>alii</span> <span class='ocrx_word' id='word_1_263' title='bbox 677 1994 819 2028; x_wconf 52' lang='lat' dir='ltr'>tinctum</span> <span class='ocrx_word' id='word_1_264' title='bbox 840 1992 1156 2029; x_wconf 77' lang='lat' dir='ltr'>Jun.junctus.—12</span> <span class='ocrx_word' id='word_1_265' title='bbox 1170 1990 1251 2022; x_wconf 90' lang='lat' dir='ltr'>Jun.</span> <span class='ocrx_word' id='word_1_266' title='bbox 1268 1999 1328 2019; x_wconf 80' lang='lat' dir='ltr'>non</span> <span class='ocrx_word' id='word_1_267' title='bbox 1345 1998 1405 2028; x_wconf 91' lang='lat' dir='ltr'>pro</span> <span class='ocrx_word' id='word_1_268' title='bbox 1422 1998 1477 2019; x_wconf 83' lang='lat' dir='ltr'>nec</span> <span class='ocrx_word' id='word_1_269' title='bbox 1490 1999 1500 2019; x_wconf 89' lang='lat'><em>:</em></span> <span class='ocrx_word' id='word_1_270' title='bbox 1522 1992 1558 2020; x_wconf 87' lang='lat' dir='ltr'>et</span> <span class='ocrx_word' id='word_1_271' title='bbox 1569 1988 1668 2023; x_wconf 86' lang='lat' dir='ltr'>Serv.</span> 
     </span>
     <span class='ocr_line' id='line_1_32' title="bbox 215 2031 1665 2075; baseline -0.005 -8"><span class='ocrx_word' id='word_1_272' title='bbox 215 2046 274 2067; x_wconf 73' lang='lat' dir='ltr'>uon</span> <span class='ocrx_word' id='word_1_273' title='bbox 302 2038 420 2066; x_wconf 72' lang='lat' dir='ltr'>valuere</span> <span class='ocrx_word' id='word_1_274' title='bbox 447 2036 601 2066; x_wconf 75' lang='lat' dir='ltr'><strong>2·1·ae.—13</strong></span> <span class='ocrx_word' id='word_1_275' title='bbox 627 2035 818 2075; x_wconf 78' lang='lat' dir='ltr'>Suffecitque</span> <span class='ocrx_word' id='word_1_276' title='bbox 844 2034 1043 2073; x_wconf 75' lang='lat' dir='ltr'>legendum3</span> <span class='ocrx_word' id='word_1_277' title='bbox 1066 2034 1128 2064; x_wconf 88' lang='lat' dir='ltr'>hoc</span> <span class='ocrx_word' id='word_1_278' title='bbox 1156 2037 1219 2071; x_wconf 88' lang='lat' dir='ltr'>est,</span> <span class='ocrx_word' id='word_1_279' title='bbox 1245 2031 1415 2062; x_wconf 81' lang='lat' dir='ltr'>induruit:</span> <span class='ocrx_word' id='word_1_280' title='bbox 1440 2041 1516 2061; x_wconf 89' lang='lat' dir='ltr'>nam</span> <span class='ocrx_word' id='word_1_281' title='bbox 1541 2031 1665 2072; x_wconf 75' lang='lat' dir='ltr'>Sufficit</span> 
     </span>
     <span class='ocr_line' id='line_1_33' title="bbox 215 2073 1665 2117; baseline -0.001 -9"><span class='ocrx_word' id='word_1_282' title='bbox 215 2078 361 2109; x_wconf 86' lang='lat' dir='ltr'>mediam</span> <span class='ocrx_word' id='word_1_283' title='bbox 375 2079 525 2117; x_wconf 80' lang='lat' dir='ltr'>corripit.</span> <span class='ocrx_word' id='word_1_284' title='bbox 542 2079 677 2108; x_wconf 77' lang='lat' dir='ltr'>Merula.</span> <span class='ocrx_word' id='word_1_285' title='bbox 695 2078 790 2108; x_wconf 74' lang='lat' dir='ltr'>Leid.</span> <span class='ocrx_word' id='word_1_286' title='bbox 805 2077 927 2117; x_wconf 77' lang='lat' dir='ltr'>Sufficit</span> <span class='ocrx_word' id='word_1_287' title='bbox 942 2080 1032 2115; x_wconf 74' lang='lat' dir='ltr'>alque</span> <span class='ocrx_word' id='word_1_288' title='bbox 1046 2076 1116 2106; x_wconf 79' lang='lat' dir='ltr'>mal.</span> <span class='ocrx_word' id='word_1_289' title='bbox 1134 2075 1214 2105; x_wconf 89' lang='lat' dir='ltr'>Lov.</span> <span class='ocrx_word' id='word_1_290' title='bbox 1231 2074 1334 2105; x_wconf 87' lang='lat' dir='ltr'>etiam</span> <span class='ocrx_word' id='word_1_291' title='bbox 1348 2074 1385 2104; x_wconf 81' lang='lat' dir='ltr'>ab</span> <span class='ocrx_word' id='word_1_292' title='bbox 1401 2073 1559 2105; x_wconf 74' lang='lat' dir='ltr'>illis.—14</span> <span class='ocrx_word' id='word_1_293' title='bbox 1572 2074 1665 2106; x_wconf 87' lang='lat' dir='ltr'>Mor.</span> 
     </span>
     <span class='ocr_line' id='line_1_34' title="bbox 214 2117 1665 2160; baseline -0.002 -9"><span class='ocrx_word' id='word_1_294' title='bbox 214 2121 272 2151; x_wconf 78' lang='lat' dir='ltr'>vir.</span> <span class='ocrx_word' id='word_1_295' title='bbox 289 2131 341 2151; x_wconf 83' lang='lat' dir='ltr'>nec</span> <span class='ocrx_word' id='word_1_296' title='bbox 350 2122 496 2160; x_wconf 70' lang='lat' dir='ltr'>patienda</span> <span class='ocrx_word' id='word_1_297' title='bbox 510 2121 649 2150; x_wconf 55' lang='lat' dir='ltr'>tuh—15</span> <span class='ocrx_word' id='word_1_298' title='bbox 675 2120 769 2149; x_wconf 66' lang='lat' dir='ltr'>Vett.</span> <span class='ocrx_word' id='word_1_299' title='bbox 789 2118 920 2157; x_wconf 83' lang='lat' dir='ltr'>plurimi</span> <span class='ocrx_word' id='word_1_300' title='bbox 937 2118 1030 2148; x_wconf 76' lang='lat' dir='ltr'>terris</span> <span class='ocrx_word' id='word_1_301' title='bbox 1045 2127 1105 2157; x_wconf 89' lang='lat' dir='ltr'>pro</span> <span class='ocrx_word' id='word_1_302' title='bbox 1120 2117 1238 2147; x_wconf 69' lang='lat' dir='ltr'>ventis:</span> <span class='ocrx_word' id='word_1_303' title='bbox 1263 2117 1379 2147; x_wconf 84' lang='lat' dir='ltr'>Burm.</span> <span class='ocrx_word' id='word_1_304' title='bbox 1395 2125 1475 2146; x_wconf 85' lang='lat' dir='ltr'>vero</span> <span class='ocrx_word' id='word_1_305' title='bbox 1490 2117 1665 2156; x_wconf 87' lang='lat' dir='ltr'>vulgatum</span> 
     </span>
     <span class='ocr_line' id='line_1_35' title="bbox 216 2158 1665 2201; baseline -0.003 -8"><span class='ocrx_word' id='word_1_306' title='bbox 216 2163 368 2200; x_wconf 86' lang='lat' dir='ltr'>retinuit,</span> <span class='ocrx_word' id='word_1_307' title='bbox 381 2163 460 2201; x_wconf 81' lang='lat' dir='ltr'>quia</span> <span class='ocrx_word' id='word_1_308' title='bbox 475 2160 618 2191; x_wconf 82' lang='lat' dir='ltr'>Ovidius</span> <span class='ocrx_word' id='word_1_309' title='bbox 635 2160 819 2196; x_wconf 67' lang='lat' dir='ltr'>saepissime</span> <span class='ocrx_word' id='word_1_310' title='bbox 834 2159 1011 2197; x_wconf 62' lang='lat' dir='ltr'>conjunait</span> <span class='ocrx_word' id='word_1_311' title='bbox 1034 2161 1043 2175; x_wconf 90' lang='lat'>‘</span> <span class='ocrx_word' id='word_1_312' title='bbox 1057 2159 1186 2189; x_wconf 84' lang='lat' dir='ltr'>ventos&#39;</span> <span class='ocrx_word' id='word_1_313' title='bbox 1212 2163 1246 2188; x_wconf 86' lang='lat' dir='ltr'>et</span> <span class='ocrx_word' id='word_1_314' title='bbox 1269 2160 1278 2175; x_wconf 84' lang='lat'><em>⁴</em></span> <span class='ocrx_word' id='word_1_315' title='bbox 1295 2158 1511 2189; x_wconf 78' lang='lat' dir='ltr'>undas.&#39;-18</span> <span class='ocrx_word' id='word_1_316' title='bbox 1534 2159 1665 2198; x_wconf 84' lang='lat' dir='ltr'>Legen-</span> 
     </span>
     <span class='ocr_line' id='line_1_36' title="bbox 216 2199 1662 2240; baseline -0.003 -6"><span class='ocrx_word' id='word_1_317' title='bbox 216 2204 294 2234; x_wconf 88' lang='lat' dir='ltr'>dum</span> <span class='ocrx_word' id='word_1_318' title='bbox 313 2213 354 2234; x_wconf 86' lang='lat' dir='ltr'>ex</span> <span class='ocrx_word' id='word_1_319' title='bbox 372 2202 544 2232; x_wconf 74' lang='lat' dir='ltr'>veteribus</span> <span class='ocrx_word' id='word_1_320' title='bbox 560 2206 655 2232; x_wconf 75' lang='lat' dir='ltr'>tacta.</span> <span class='ocrx_word' id='word_1_321' title='bbox 682 2202 832 2240; x_wconf 74' lang='lat' dir='ltr'>Nauger.</span> <span class='ocrx_word' id='word_1_322' title='bbox 858 2201 955 2231; x_wconf 72' lang='lat' dir='ltr'>Facta</span> <span class='ocrx_word' id='word_1_323' title='bbox 971 2205 1082 2229; x_wconf 88' lang='lat' dir='ltr'>tamen</span> <span class='ocrx_word' id='word_1_324' title='bbox 1099 2200 1206 2229; x_wconf 81' lang='lat' dir='ltr'>edidit</span> <span class='ocrx_word' id='word_1_325' title='bbox 1222 2199 1341 2237; x_wconf 83' lang='lat' dir='ltr'>Aldus,</span> <span class='ocrx_word' id='word_1_326' title='bbox 1355 2199 1487 2239; x_wconf 84' lang='lat' dir='ltr'>Gryph.</span> <span class='ocrx_word' id='word_1_327' title='bbox 1503 2200 1662 2231; x_wconf 85' lang='lat' dir='ltr'>Vincent.</span> 
     </span>
     <span class='ocr_line' id='line_1_37' title="bbox 215 2241 1659 2282; baseline -0.003 -6"><span class='ocrx_word' id='word_1_328' title='bbox 215 2250 251 2276; x_wconf 87' lang='lat' dir='ltr'>et</span> <span class='ocrx_word' id='word_1_329' title='bbox 268 2246 422 2276; x_wconf 81' lang='lat' dir='ltr'>alii.—1o</span> <span class='ocrx_word' id='word_1_330' title='bbox 448 2244 511 2274; x_wconf 83' lang='lat' dir='ltr'>Ha.</span> <span class='ocrx_word' id='word_1_331' title='bbox 528 2247 615 2274; x_wconf 74' lang='lat' dir='ltr'>vacat</span> <span class='ocrx_word' id='word_1_332' title='bbox 632 2253 691 2282; x_wconf 89' lang='lat' dir='ltr'>pro</span> <span class='ocrx_word' id='word_1_333' title='bbox 706 2243 779 2273; x_wconf 80' lang='lat' dir='ltr'>libet</span> <span class='ocrx_word' id='word_1_334' title='bbox 791 2255 800 2273; x_wconf 88' lang='grc'>.-</span> <span class='ocrx_word' id='word_1_335' title='bbox 824 2243 888 2273; x_wconf 83' lang='lat' dir='ltr'>Ms.</span> <span class='ocrx_word' id='word_1_336' title='bbox 915 2244 1043 2272; x_wconf 82' lang='lat' dir='ltr'>Bersm.</span> <span class='ocrx_word' id='word_1_337' title='bbox 1058 2245 1093 2271; x_wconf 82' lang='lat' dir='ltr'>et</span> <span class='ocrx_word' id='word_1_338' title='bbox 1115 2242 1156 2271; x_wconf 85' lang='lat' dir='ltr'>P.</span> <span class='ocrx_word' id='word_1_339' title='bbox 1172 2241 1339 2270; x_wconf 82' lang='lat' dir='ltr'>licet.—2l</span> <span class='ocrx_word' id='word_1_340' title='bbox 1365 2241 1443 2272; x_wconf 84' lang='lat' dir='ltr'>Jun.</span> <span class='ocrx_word' id='word_1_341' title='bbox 1462 2242 1505 2271; x_wconf 84' lang='lat' dir='ltr'>R.</span> <span class='ocrx_word' id='word_1_342' title='bbox 1523 2242 1659 2281; x_wconf 74' lang='lat' dir='ltr'>locusque</span> 
     </span>
     <span class='ocr_line' id='line_1_38' title="bbox 215 2283 1661 2326; baseline -0.001 -9"><span class='ocrx_word' id='word_1_343' title='bbox 215 2287 281 2318; x_wconf 81' lang='lat' dir='ltr'>sub.</span> <span class='ocrx_word' id='word_1_344' title='bbox 294 2291 329 2318; x_wconf 86' lang='lat' dir='ltr'>et</span> <span class='ocrx_word' id='word_1_345' title='bbox 345 2297 391 2316; x_wconf 72' lang='lat' dir='ltr'>vs.</span> <span class='ocrx_word' id='word_1_346' title='bbox 409 2295 478 2326; x_wconf 83' lang='lat' dir='ltr'>seq.</span> <span class='ocrx_word' id='word_1_347' title='bbox 499 2285 574 2316; x_wconf 71' lang='lat' dir='ltr'>Uro.</span> <span class='ocrx_word' id='word_1_348' title='bbox 591 2286 765 2316; x_wconf 59' lang='lat' dir='ltr'>mikil-24</span> <span class='ocrx_word' id='word_1_349' title='bbox 790 2285 873 2315; x_wconf 91' lang='lat' dir='ltr'>Lov.</span> <span class='ocrx_word' id='word_1_350' title='bbox 900 2286 977 2314; x_wconf 77' lang='lat' dir='ltr'>Jun.</span> <span class='ocrx_word' id='word_1_351' title='bbox 992 2283 1044 2313; x_wconf 85' lang='lat' dir='ltr'>sub</span> <span class='ocrx_word' id='word_1_352' title='bbox 1068 2283 1142 2313; x_wconf 79' lang='lat' dir='ltr'>null.</span> <span class='ocrx_word' id='word_1_353' title='bbox 1159 2288 1194 2312; x_wconf 86' lang='lat' dir='ltr'>et</span> <span class='ocrx_word' id='word_1_354' title='bbox 1211 2283 1304 2314; x_wconf 88' lang='lat' dir='ltr'>Leid.</span> <span class='ocrx_word' id='word_1_355' title='bbox 1324 2283 1378 2313; x_wconf 79' lang='lat' dir='ltr'>sub</span> <span class='ocrx_word' id='word_1_356' title='bbox 1393 2283 1495 2313; x_wconf 81' lang='lat' dir='ltr'>titulo.</span> <span class='ocrx_word' id='word_1_357' title='bbox 1518 2283 1602 2314; x_wconf 87' lang='lat' dir='ltr'>Mox</span> <span class='ocrx_word' id='word_1_358' title='bbox 1618 2284 1661 2315; x_wconf 88' lang='lat' dir='ltr'>R.</span> 
     </span>
    </p>
   </div>
   <div class='ocr_carea' id='block_1_6' title="bbox 216 2372 1661 2641">
    <p class='ocr_par' dir='ltr' id='par_1_6' title="bbox 216 2372 1661 2641">
     <span class='ocr_line' id='line_1_39' title="bbox 871 2372 1009 2404; baseline -0.014 0"><span class='ocrx_word' id='word_1_359' title='bbox 871 2372 1009 2404; x_wconf 70' lang='lat' dir='ltr'><strong>NOTAE</strong></span> 
     </span>
     <span class='ocr_line' id='line_1_40' title="bbox 217 2446 1602 2491; baseline -0.002 -10"><span class='ocrx_word' id='word_1_360' title='bbox 217 2450 346 2491; x_wconf 87' lang='lat' dir='ltr'>deoque</span> <span class='ocrx_word' id='word_1_361' title='bbox 363 2449 491 2489; x_wconf 83' lang='lat' dir='ltr'>frigore</span> <span class='ocrx_word' id='word_1_362' title='bbox 522 2459 659 2489; x_wconf 82' lang='lat' dir='ltr'>aspera3</span> <span class='ocrx_word' id='word_1_363' title='bbox 687 2449 811 2480; x_wconf 89' lang='lat' dir='ltr'>homini</span> <span class='ocrx_word' id='word_1_364' title='bbox 828 2459 911 2488; x_wconf 79' lang='lat' dir='ltr'>prae-</span> <span class='ocrx_word' id='word_1_365' title='bbox 965 2453 1036 2478; x_wconf 87' lang='lat' dir='ltr'>tum</span> <span class='ocrx_word' id='word_1_366' title='bbox 1053 2450 1087 2477; x_wconf 81' lang='lat' dir='ltr'>et</span> <span class='ocrx_word' id='word_1_367' title='bbox 1103 2451 1286 2486; x_wconf 85' lang='lat' dir='ltr'>petrosum,</span> <span class='ocrx_word' id='word_1_368' title='bbox 1300 2450 1338 2477; x_wconf 91' lang='lat' dir='ltr'>ut</span> <span class='ocrx_word' id='word_1_369' title='bbox 1354 2446 1454 2478; x_wconf 83' lang='lat' dir='ltr'>docet</span> <span class='ocrx_word' id='word_1_370' title='bbox 1467 2446 1602 2478; x_wconf 85' lang='lat' dir='ltr'>Strabo.</span> 
     </span>
     <span class='ocr_line' id='line_1_41' title="bbox 217 2496 1661 2539; baseline -0.001 -8"><span class='ocrx_word' id='word_1_371' title='bbox 217 2500 331 2532; x_wconf 85' lang='lat' dir='ltr'>sertim</span> <span class='ocrx_word' id='word_1_372' title='bbox 349 2510 367 2531; x_wconf 91' lang='lat' dir='ltr'>a</span> <span class='ocrx_word' id='word_1_373' title='bbox 383 2500 591 2531; x_wconf 77' lang='lat' dir='ltr'>meridionali</span> <span class='ocrx_word' id='word_1_374' title='bbox 614 2500 712 2539; x_wconf 78' lang='lat' dir='ltr'>plaga</span> <span class='ocrx_word' id='word_1_375' title='bbox 726 2499 889 2529; x_wconf 79' lang='lat' dir='ltr'>venienti.</span> <span class='ocrx_word' id='word_1_376' title='bbox 1009 2500 1048 2527; x_wconf 84' lang='lat'>16</span> <span class='ocrx_word' id='word_1_377' title='bbox 1066 2497 1220 2537; x_wconf 73' lang='lat' dir='ltr'>fauebat]</span> <span class='ocrx_word' id='word_1_378' title='bbox 1237 2497 1372 2536; x_wconf 84' lang='lat' dir='ltr'>Quippe</span> <span class='ocrx_word' id='word_1_379' title='bbox 1389 2496 1661 2536; x_wconf 74' lang='lat' dir='ltr'>praesentioribus</span> 
     </span>
     <span class='ocr_line' id='line_1_42' title="bbox 259 2547 1309 2590; baseline -0.004 -9"><span class='ocrx_word' id='word_1_380' title='bbox 259 2554 279 2581; x_wconf 87' lang='grc'>9</span> <span class='ocrx_word' id='word_1_381' title='bbox 303 2550 435 2590; x_wconf 86' lang='lat' dir='ltr'>Rerum]</span> <span class='ocrx_word' id='word_1_382' title='bbox 482 2550 573 2588; x_wconf 77' lang='lat' dir='ltr'>Fori,</span> <span class='ocrx_word' id='word_1_383' title='bbox 600 2550 722 2587; x_wconf 87' lang='lat' dir='ltr'>litium,</span> <span class='ocrx_word' id='word_1_384' title='bbox 749 2549 909 2579; x_wconf 86' lang='lat' dir='ltr'>omnium-</span> <span class='ocrx_word' id='word_1_385' title='bbox 964 2547 1058 2578; x_wconf 83' lang='lat' dir='ltr'>malis</span> <span class='ocrx_word' id='word_1_386' title='bbox 1075 2547 1309 2578; x_wconf 81' lang='lat' dir='ltr'>distinebatur.</span> 
     </span>
     <span class='ocr_line' id='line_1_43' title="bbox 216 2595 1556 2641; baseline -0.002 -11"><span class='ocrx_word' id='word_1_387' title='bbox 216 2609 281 2641; x_wconf 87' lang='lat' dir='ltr'>que</span> <span class='ocrx_word' id='word_1_388' title='bbox 294 2609 404 2631; x_wconf 86' lang='lat' dir='ltr'>rerum</span> <span class='ocrx_word' id='word_1_389' title='bbox 420 2611 495 2640; x_wconf 65' lang='lat' dir='ltr'>quse</span> <span class='ocrx_word' id='word_1_390' title='bbox 511 2601 615 2630; x_wconf 72' lang='lat' dir='ltr'>otium</span> <span class='ocrx_word' id='word_1_391' title='bbox 633 2600 772 2630; x_wconf 82' lang='lat' dir='ltr'>turbare</span> <span class='ocrx_word' id='word_1_392' title='bbox 786 2599 911 2629; x_wconf 82' lang='lat' dir='ltr'>valent.</span> <span class='ocrx_word' id='word_1_393' title='bbox 1008 2600 1046 2628; x_wconf 87' lang='grc'>18</span> <span class='ocrx_word' id='word_1_394' title='bbox 1073 2597 1188 2636; x_wconf 76' lang='lat' dir='ltr'>Tenus]</span> <span class='ocrx_word' id='word_1_395' title='bbox 1212 2596 1400 2636; x_wconf 84' lang='lat' dir='ltr'>Tomitana,</span> <span class='ocrx_word' id='word_1_396' title='bbox 1412 2595 1556 2628; x_wconf 85' lang='lat' dir='ltr'>scilicet.</span> 
     </span>
    </p>
   </div>
   <div class='ocr_carea' id='block_1_7' title="bbox 216 2646 1660 2741">
    <p class='ocr_par' dir='ltr' id='par_1_7' title="bbox 216 2646 1660 2741">
     <span class='ocr_line' id='line_1_44' title="bbox 262 2646 1660 2690; baseline -0.001 -11"><span class='ocrx_word' id='word_1_397' title='bbox 262 2651 299 2680; x_wconf 86' lang='lat' dir='ltr'>ll</span> <span class='ocrx_word' id='word_1_398' title='bbox 326 2650 478 2680; x_wconf 60' lang='lat' dir='ltr'>Por-tabia</span> <span class='ocrx_word' id='word_1_399' title='bbox 504 2650 623 2690; x_wconf 84' lang='lat' dir='ltr'>orbum]</span> <span class='ocrx_word' id='word_1_400' title='bbox 648 2649 800 2680; x_wconf 84' lang='lat' dir='ltr'>Euxinus</span> <span class='ocrx_word' id='word_1_401' title='bbox 823 2649 911 2679; x_wconf 79' lang='lat' dir='ltr'>enini</span> <span class='ocrx_word' id='word_1_402' title='bbox 1004 2650 1045 2677; x_wconf 82' lang='grc'>23</span> <span class='ocrx_word' id='word_1_403' title='bbox 1070 2647 1214 2687; x_wconf 65' lang='lat' dir='ltr'>Pulsum]</span> <span class='ocrx_word' id='word_1_404' title='bbox 1238 2647 1327 2680; x_wconf 78' lang='lat' dir='ltr'>Quia</span> <span class='ocrx_word' id='word_1_405' title='bbox 1338 2646 1489 2679; x_wconf 86' lang='lat' dir='ltr'>maximis</span> <span class='ocrx_word' id='word_1_406' title='bbox 1502 2646 1660 2690; x_wconf 79' lang='lat' dir='ltr'>periculis</span> 
     </span>
     <span class='ocr_line' id='line_1_45' title="bbox 216 2697 1119 2741; baseline -0.003 -11"><span class='ocrx_word' id='word_1_407' title='bbox 216 2702 254 2731; x_wconf 79' lang='lat' dir='ltr'>et</span> <span class='ocrx_word' id='word_1_408' title='bbox 266 2697 426 2731; x_wconf 85' lang='lat' dir='ltr'>Geticum</span> <span class='ocrx_word' id='word_1_409' title='bbox 442 2700 536 2732; x_wconf 81' lang='lat' dir='ltr'>littus</span> <span class='ocrx_word' id='word_1_410' title='bbox 560 2700 710 2741; x_wconf 86' lang='lat' dir='ltr'>inprimis</span> <span class='ocrx_word' id='word_1_411' title='bbox 733 2704 785 2731; x_wconf 86' lang='lat' dir='ltr'>est</span> <span class='ocrx_word' id='word_1_412' title='bbox 801 2699 912 2732; x_wconf 77' lang='lat' dir='ltr'>deser·</span> <span class='ocrx_word' id='word_1_413' title='bbox 958 2697 1119 2737; x_wconf 71' lang='lat' dir='ltr'>jactatus.</span> 
     </span>
    </p>
   </div>
  </div>
 </body>
</html>
