1877 3193
190 167 306 211 2652
675 179 718 209 P.
751 177 911 208 ovmn
944 173 1158 207 NAsoms

233 276 302 314 vat,
325 275 364 304 ut
390 282 523 314 aequum
547 271 669 304 fuerat.
721 272 903 303 Postremo
927 270 1033 303 vertit
1058 279 1248 302 sermonem
1275 269 1318 301 ad
1345 269 1476 302 Liviam
1502 269 1647 303 Caesaris

231 331 388 365 matrem,
411 325 686 366 vaticinaturque
714 324 788 355 fore
816 328 855 356 ut
882 324 979 356 brevi
996 324 1141 356 alterum
1158 324 1261 356 etiam
1279 324 1485 367 triumphum
1501 323 1544 356 de
1561 324 1648 356 Ger-

234 379 347 411 mania
361 379 436 420 ipsa
452 382 693 422 consequatur,
707 382 745 410 ut
760 377 902 410 inferius
919 378 1082 409 dicemus.

193 514 334 571 HAEc
357 530 435 570 tibi
455 542 542 570 non
560 542 717 571 vanam
740 530 960 582 portantia
980 529 1112 570 verba
1131 529 1331 583 salutem,

248 597 376 639 Naso
393 598 637 638 Tomitana
658 598 795 637 mittit
816 599 871 638 ab
895 598 1002 638 urbe
1024 601 1126 638 tuus
1144 611 1154 648 3

191 662 341 718 thue
363 678 444 705 suo
466 665 618 704 faveas
638 665 832 712 mandat,
857 665 1031 713 Rufine,
1052 664 1321 717 Triumpho3

249 732 303 772 In
326 736 496 773 vestras
521 732 635 771 venit
656 731 695 770 si
716 734 860 770 tamen
879 731 951 770 ille
973 744 1153 770 manus.-

190 795 274 838 Est
296 810 409 850 opus
429 797 653 847 exiguum,
678 797 901 849 vastisque
922 797 1151 849 paratibus
1174 796 1339 849 impar:
1627 799 1656 838 5

252 864 394 914 Quale
415 867 560 903 tamen
582 877 768 918 cumque
791 868 872 914 est,
895 868 941 904 ut
962 868 1123 914 tueare,
1147 876 1264 915 rogo.

190 929 343 973 Firma
362 930 515 970 valent
536 943 614 983 per
635 943 698 980 se,
719 931 970 984 nullumque
994 930 1242 970 Machaona
1262 935 1486 984 quaerunt:

248 996 323 1038 Ad
343 998 562 1039 medicam
586 998 746 1039 dubius
769 1000 966 1051 confugit
988 1011 1102 1051 aeger
1123 1012 1265 1052 opem.

189 1064 296 1106 Non
318 1077 430 1117 opus
453 1068 522 1105 est
542 1067 712 1117 magnis
732 1066 911 1119 placido
934 1066 1099 1106 lectore
1120 1064 1265 1118 poetis
1283 1079 1292 1108 z

251 1130 512 1182 Quamlibet
534 1132 720 1173 invitum
742 1133 1048 1187 difficilemque
1071 1137 1238 1174 tenent.
1598 1131 1655 1173 10

194 1198 314 1248 Nos,
339 1198 502 1251 quibus
525 1199 745 1251 ingenium
765 1201 879 1251 longi
901 1201 1094 1240 minuere
1114 1200 1303 1251 labores,

252 1265 350 1306 Aut
372 1265 505 1305 etiam
527 1266 692 1305 nullum
713 1266 896 1306 forsitan
919 1272 1017 1305 ante
1037 1267 1133 1315 suit,

193 1329 379 1372 Viribus
400 1331 574 1381 infirmi,
598 1336 747 1372 vestro
770 1332 960 1372 candore
981 1333 1195 1372 valemus.

255 1397 398 1449 Quem
420 1398 525 1439 mihi
548 1400 587 1439 si
607 1399 772 1448 demas,
793 1401 939 1440 omnia
959 1404 1084 1453 rapta
1104 1403 1269 1453 putem.

242 1520 326 1551 Naso
341 1523 412 1550 tuus
427 1520 527 1551 mittit
543 1520 601 1551 tibi
616 1521 653 1551 ab
670 1531 708 1551 777·
710 1521 744 1551 be
762 1521 924 1552 Tomitana
940 1522 996 1552 has
1011 1531 1095 1552 voces
1103 1521 1243 1559 ferentes
1255 1522 1385 1552 salutem
1398 1532 1514 1561 veram,
1532 1522 1659 1563 Rufine,

193 1566 284 1603 atque
296 1562 383 1600 y'ubet
399 1566 433 1593 ut
454 1563 566 1600 faveas
590 1574 643 1594 suo
663 1564 843 1604 Triumpho,
869 1564 897 1593 si
913 1568 1014 1594 tamen
1040 1564 1092 1594 ille
1118 1565 1200 1594 venit
1226 1565 1258 1594 in
1274 1567 1393 1595 vestras
1409 1574 1527 1595 manus.
1576 1566 1663 1605 Opus

195 1609 242 1637 est
259 1608 359 1644 tenue,
384 1615 480 1645 neque
496 1608 675 1637 conveniens
691 1617 757 1645 mag
750 1616 802 1637 no
819 1608 998 1647 apparatui.
1046 1608 1272 1646 Οιιαίιεηηιᾳιιθ
1296 1610 1397 1637 tamen
1412 1610 1469 1646 est,
1494 1617 1547 1637 oro
1562 1611 1596 1637 ut
1612 1609 1664 1638 de-

189 1647 316 1686 fendas.
363 1647 441 1682 Quae
453 1657 527 1678 sana
541 1652 614 1678 sunt
629 1653 657 1678 st
661 1652 715 1679 int
727 1659 783 1688 per
795 1659 838 1684 se,
863 1659 959 1689 neque
973 1659 990 1678 7·
992 1653 1138 1680 ecarrunt
1153 1651 1191 1680 ad
1207 1650 1301 1680 ullum
1318 1650 1545 1686 Machaonem;
1567 1659 1665 1689 ‹egro-

196 1693 247 1721 tus
268 1690 404 1720 incertus
427 1690 572 1729 implorat
598 1691 753 1721 auxilium
777 1692 901 1722 medici.
958 1692 1031 1722 Non
1057 1702 1130 1731 opus
1157 1695 1203 1722 est
1230 1693 1340 1723 lectore
1364 1692 1543 1731 indulgente
1566 1692 1667 1731 po'e'tz's

198 1732 442 1769 excellentibus,
465 1736 570 1763 tenent
586 1734 780 1773 quantumvis
795 1735 945 1764 nocentem
962 1738 992 1764 et
1007 1744 1073 1764 mm
1075 1744 1170 1764 osum
1218 1735 1282 1765 Nos
1297 1734 1405 1775 quibus
1420 1735 1537 1765 labores
1551 1734 1666 1765 diutini

191 1774 361 1813 fregerunt
378 1775 552 1814 ingenium,
578 1779 632 1806 aut
650 1776 720 1813 fort
723 1787 738 1807 e
753 1787 867 1823 quoque
882 1777 997 1807 nullum
1017 1777 1193 1816 pviusfuit,
1219 1777 1332 1808 debiles
1347 1777 1476 1816 viribus,
1498 1777 1666 1817 probamur

201 1822 302 1848 vestro
309 1816 445 1855 favore
468 1828 557 1858 quem
571 1819 599 1848 εἰ
615 1819 693 1849 mihi
718 1818 856 1859 auferas,
877 1820 1000 1850 credam
1025 1820 1127 1850 omnia
1142 1820 1275 1852 sublata.
1323 1821 1369 1850 Et
1392 1830 1461 1852 cum
1476 1820 1578 1852 omnia
1600 1829 1667 1850 mea

821 1913 1056 1925 mmm

248 1978 267 2007 3
292 1975 378 2007 Haec
395 1976 595 2017 [Triumpho]
619 1980 671 2007 est
688 1980 842 2008 vetemm
860 1976 1106 2018 exemplarium
1124 1977 1309 2017 scriptura,
1325 1987 1414 2018 qnae,
1425 1981 1461 2008 ut
1474 1981 1570 2018 puto,
1586 1986 1669 2008 vera

205 2023 276 2057 est;
299 2022 337 2051 ut
363 2019 408 2049 sit
423 2028 475 2050 res
500 2028 575 2059 quae
593 2020 627 2049 in
652 2019 741 2050 libro
766 2020 981 2052 continetur:
1006 2020 1108 2050 libello
1124 2020 1232 2053 minus
1248 2020 1384 2060 placet3
1409 2030 1484 2051 cum
1501 2020 1605 2061 poeta
1621 2020 1669 2050 in-

204 2060 321 2099 ferat3
345 2061 355 2078 ‘
372 2062 434 2092 Est
449 2071 534 2101 opus
551 2061 734 2101 exiguum.'
762 2062 885 2101 Ciosan.
888 2067 949 2093 —5
980 2063 1116 2102 Vastisq.
1142 2072 1184 2093 ex
1202 2062 1319 2093 Comb.
1335 2063 1425 2103 vulg.
1440 2064 1581 2103 vestrisq.
1603 2063 1669 2093 Ms.

206 2103 567 2143 Bersm.nost1·isq.-8
591 2104 651 2134 Pr.
671 2104 734 2134 Ed.
751 2106 830 2135 med.
853 2105 999 2136 dubitans
1012 2105 1093 2142 cons.
1095 2108 1180 2135 —10
1206 2105 1386 2139 Quamlibet
1402 2105 1519 2136 Heins.
1536 2104 1669 2144 recepit

206 2154 250 2174 ex
279 2149 426 2184 quatuor
458 2145 550 2175 libris
580 2155 641 2184 pro
671 2147 759 2187 vulg.
785 2147 982 2181 Quemlibet:
1007 2153 1042 2178 et
1069 2147 1117 2177 sic
1145 2147 1280 2187 quidem
1308 2148 1474 2178 G1··ute1us
1504 2147 1667 2177 edidit.—

210 2189 250 2217 14
275 2186 371 2218 Leid.
395 2190 430 2217 et
455 2196 563 2226 mar-g
580 2188 710 2220 Beism.
757 2188 848 2224 Quod
862 2190 937 2220 mih
976 2189 1060 2219 Mox
1077 2189 1117 2220 R.
1134 2192 1226 2228 rupta
1241 2199 1302 2229 pro
1318 2193 1431 2229 rapta:
1454 2189 1542 2220 Mor.
1557 2190 1669 2227 deesse,

866 2293 1010 2324 NOTAE

255 2365 274 2393 3
298 2362 377 2403 Suo]
401 2363 491 2396 Quia
506 2363 599 2395 illum
615 2364 648 2395 in
663 2364 794 2396 Tiberii
809 2366 913 2397 hono·
965 2365 1151 2406 AEsculapii
1178 2365 1287 2404 filius3
1319 2366 1372 2398 cui
1397 2366 1556 2398 Rufinum
1580 2367 1670 2398 simi-

214 2423 285 2445 rem
301 2413 504 2454 scripserat3
537 2424 635 2455 quem
651 2415 815 2456 temporis
830 2415 914 2456 inju·
965 2416 1032 2447 lein
1057 2414 1142 2447 facit
1173 2416 1279 2456 Naso,
1305 2420 1343 2447 ut
1367 2416 1439 2457 ejus
1467 2426 1544 2457 ope,
1568 2427 1669 2459 quam

213 2464 275 2504 ria,
291 2467 329 2494 ut
345 2463 453 2494 multa
469 2463 549 2504 alia,
564 2464 660 2496 nobis
675 2465 862 2506 praeripuit.
966 2468 1054 2502 orat,
1070 2474 1204 2495 carmen
1223 2475 1318 2495 suum
1335 2469 1424 2497 stare
1442 2466 1561 2506 possit.

257 2517 275 2544 5
307 2513 427 2553 Vastis]
449 2513 527 2544 Non
552 2514 623 2545 sine
648 2515 793 2546 maximo
814 2524 916 2556 appa·
1012 2517 1051 2545 13
1078 2514 1234 2555 Candore]
1258 2514 1372 2545 Animi
1389 2516 1548 2556 aequitate
1563 2521 1597 2547 et
1613 2515 1671 2547 be-

216 2567 306 2603 ratu,
323 2564 394 2594 scil.
409 2563 597 2605 triumphus
608 2564 665 2596 ille
683 2565 725 2596 de
740 2564 867 2607 Illyriis
881 2568 917 2597 et
968 2564 1172 2595 nevolentia.

216 2613 402 2644 Pannoniis
420 2618 517 2645 actus
533 2618 596 2646 est.
1013 2616 1053 2645 14
1079 2613 1209 2653 Omnia]
1233 2613 1282 2645 Ut
1298 2623 1436 2647 carmen
1462 2624 1572 2647 meum
1597 2616 1673 2648 nul-

259 2664 278 2691 7
296 2662 484 2702 Machaona]
499 2663 578 2695 Fuit
594 2663 762 2696 Machaon
777 2663 918 2705 insignis
970 2663 1034 2696 lius
1050 2663 1094 2696 sit
1110 2664 1226 2707 pretii.

217 2711 308 2748 inter
345 2710 487 2745 Graecos
517 2713 559 2745 ad
589 2714 723 2756 'frojam
753 2715 918 2757 medicus,
