1863 3193
245 193 361 237 2356
732 205 775 236 P.
807 204 965 236 ovrnn
999 202 1211 235 NASONIS

254 300 539 343 Necvidisse
561 303 631 343 sat
650 304 729 342 est.
792 302 964 342 Durum
986 301 1256 343 calcavimus
1279 312 1454 354 aequor:

310 367 525 422 Undaque
543 381 629 409 non
650 367 736 408 udo
758 368 838 408 sub
860 368 974 422 pede
996 380 1165 408 summa
1183 367 1281 408 fuit.
1647 368 1706 410 40

250 435 298 475 Si
321 435 399 476 tibi
421 437 505 476 tale
526 435 678 476 fretum
698 435 935 489 quondam,
957 435 1169 484 Leandre,
1190 435 1371 485 fuisset;

310 502 416 543 Non
438 502 550 543 foret
571 507 768 555 angustae
790 516 905 543 mors
927 507 1003 544 tua
1026 504 1190 543 crimen
1219 515 1362 556 aquae.

252 569 365 610 Tum
387 583 529 624 neque
551 583 598 611 se
618 569 752 623 pandi
773 576 962 622 possunt
982 570 1206 622 delphines
1226 570 1270 609 in
1289 582 1417 610 auras

308 636 508 678 Tollere:
540 640 752 677 conantes
774 636 883 677 dura
904 637 1072 678 coercet
1090 637 1255 691 hyems.

252 702 309 743 Et
330 715 581 756 quanquam
601 702 767 742 Boreas
780 703 961 755 jactatis
982 704 1159 744 insonet
1180 704 1277 752 alis,
1651 701 1708 742 45

309 770 488 810 Fluctus
508 770 552 810 in
574 769 757 809 obsesso
776 769 939 820 gurgite
956 770 1098 809 nullus
1118 771 1211 810 erit.

252 836 534 889 Inclusaeque
555 835 652 888 gelu
675 835 867 883 stabunt,
887 839 935 874 ut
953 847 1179 884 marmore,
1202 849 1401 889 puppes:

316 902 359 943 N
364 916 415 942 ec
435 902 593 955 poterit
613 902 776 954 rigidas
797 900 956 941 findere
976 915 1118 942 remus
1140 915 1291 955 aquas.

249 968 454 1010 Vidimus
474 969 517 1009 in
538 968 685 1021 glacie
705 968 851 1021 pisces
871 968 1036 1008 haerere
1057 969 1241 1021 ligatos:

308 1035 364 1076 Et
385 1048 488 1089 pars
509 1049 568 1076 ex
589 1036 678 1076 illis
700 1039 793 1075 tum
817 1048 992 1089 quoque
1014 1036 1117 1077 viva
1136 1035 1229 1077 suit.
1655 1034 1711 1075 50

251 1104 355 1145 Sive
376 1104 504 1156 igitur
528 1103 650 1143 nimii
668 1103 822 1143 Boreae
843 1104 910 1143 vis
933 1116 1054 1145 saeva
1074 1104 1282 1153 marinas,

313 1170 419 1210 Sive
439 1168 696 1210 redundatas
714 1169 892 1208 flumine
911 1171 1028 1221 cogit
1050 1183 1190 1222 aquas
1207 1184 1219 1222 3

255 1236 477 1286 Protinus,
499 1239 670 1289 aequato
691 1236 820 1276 siccis
841 1234 1134 1288 Aquilonibus
1153 1236 1284 1285 Istro,

310 1303 533 1343 Invehitur
552 1303 679 1344 celeri
697 1303 911 1343 barbarus
933 1303 1072 1343 hostis
1090 1316 1228 1356 equo:

255 1369 411 1412 Hostis
430 1383 544 1423 equo
567 1371 752 1423 pollens,
772 1371 982 1423 longeque
1003 1370 1178 1410 volante
1206 1369 1384 1422 sagitta,
1654 1381 1711 1409 oo

310 1436 514 1478 Vicinam
533 1439 618 1479 late
638 1438 925 1490 depopulatur
940 1438 1133 1478 humum.

254 1544 393 1584 rigidum
408 1555 492 1576 mare
503 1555 514 1581 ;
537 1549 566 1575 et
582 1546 690 1576 ultima
702 1556 781 1585 aqna
788 1545 856 1583 fuit
870 1546 923 1577 sub
933 1548 1008 1586 pede
1021 1555 1079 1577 non
1091 1547 1224 1577 humido.
1269 1546 1306 1577 Si
1321 1545 1378 1576 tibi
1394 1546 1454 1576 tale
1462 1545 1584 1584 fretum
1592 1544 1708 1582 fuisset

256 1588 342 1627 olim,
361 1588 513 1626 Leandre,
529 1588 629 1618 obitus
643 1592 716 1619 tuus
730 1598 788 1618 non
811 1593 886 1619 esset
901 1589 1046 1629 probrum
1061 1593 1157 1619 urctoe
1177 1599 1271 1628 nquae.
1321 1589 1397 1619 Tum
1420 1598 1514 1628 neque
1530 1587 1617 1618 curri
1635 1587 1713 1617 Del-

252 1630 344 1670 phini
368 1633 493 1670 possunt
515 1640 546 1660 se
571 1631 694 1661 mittere
723 1631 754 1660 ὶη
769 1631 890 1661 acrem:
911 1632 1016 1671 hyems
1037 1641 1118 1662 soeva
1139 1632 1253 1663 retinet
1280 1631 1424 1662 nitentes.
1469 1631 1514 1660 Et
1538 1638 1711 1670 quanquam

258 1672 373 1711 Aquilo
397 1672 551 1712 obstrepat
573 1673 631 1705 alis
655 1673 798 1713 agitatis,
812 1674 893 1704 nulla
916 1674 977 1704 erit
992 1675 1073 1704 unda
1097 1675 1131 1705 in
1155 1675 1234 1704 mari
1260 1673 1386 1704 obsesso.
1431 1673 1475 1702 Et
1492 1682 1583 1703 naves
1597 1680 1712 1711 pressae

257 1714 358 1753 glacie
379 1718 526 1754 tanquam
550 1725 700 1746 marmore
722 1716 908 1751 consistent;
941 1726 1036 1755 neque
1058 1726 1159 1747 remus
1180 1716 1297 1756 poterit
1322 1715 1459 1746 dividere
1484 1724 1580 1755 aquas
1605 1715 1711 1744 duras.

259 1756 448 1796 Aspeximus
472 1757 570 1796 pisces
584 1767 708 1787 manere
732 1768 914 1797 compressos
931 1758 963 1788 in
979 1759 1077 1796 glacie
1090 1770 1100 1790 .·
1124 1762 1216 1798 alque
1230 1760 1323 1789 etiam
1341 1767 1416 1798 pars
1431 1767 1534 1787 eorum
1549 1756 1619 1795 suit
1633 1755 1713 1786 viva.

260 1797 334 1830 Sive
347 1808 420 1838 ergo
427 1798 519 1836 serus
531 1800 663 1839 impetus
675 1799 765 1829 nimii
778 1800 940 1839 Aquilonis
952 1801 1076 1831 indurat
1089 1811 1181 1840 aquas
1189 1802 1338 1839 marinas,
1347 1801 1394 1830 vel
1405 1800 1594 1830 exundantes
1593 1798 1694 1838 fluvio
1699 1808 1714 1834 ‚-

259 1840 412 1880 continuo,
427 1841 573 1872 Danubio
598 1843 788 1882 complanato
810 1843 908 1872 aridis
929 1843 1141 1883 Aquilonibus,
1155 1843 1247 1881 ferus
1271 1842 1367 1873 hostis
1388 1842 1483 1872 irruit
1508 1842 1603 1872 veloci
1627 1850 1713 1880 εᾳιιο,

258 1883 354 1915 hostis
367 1893 439 1924 equo
452 1884 583 1924 validus,
599 1887 628 1915 et
645 1887 745 1915 vastat
761 1885 823 1916 late
835 1884 1012 1924 proximam
1036 1889 1152 1916 terram
1169 1885 1294 1926 spiculis
1309 1886 1398 1924 longe
1413 1884 1598 1916 volantibus.
1642 1882 1713 1913 Alii

874 1957 892 1967 o

1086 1959 1105 1969 ,ι

259 1997 395 2039 quidem
433 1999 596 2039 Lubricaq.
621 2001 782 2031 immensas
808 2004 912 2032 crusta
936 2005 1125 2041 prem—39
1158 2003 1290 2033 Bonon.
1326 2000 1404 2031 satis
1434 2009 1494 2040 pro
1527 2002 1575 2030 sat
1611 2002 1713 2030 est.—

260 2043 301 2071 40
326 2041 405 2071 Lov.
420 2042 692 2082 ped.flavafluit‚·
715 2047 750 2073 et
766 2043 828 2073 Be.
845 2053 962 2074 summa
977 2045 1151 2085 fluia—43
1176 2045 1217 2075 P.
1240 2043 1325 2074 curvi
1342 2052 1402 2082 pro
1418 2041 1607 2081 pandi.-45
1632 2043 1713 2073 Duo

260 2083 304 2113 V.
321 2087 355 2113 et
370 2083 440 2113 Ma.
465 2084 508 2114 Et
535 2086 671 2123 quamvis
693 2085 820 2115 B.—47
847 2086 995 2117 Quidam
1021 2091 1106 2117 vett.
1133 2087 1167 2117 in
1191 2096 1253 2127 pro
1279 2089 1332 2120 αῖς
1357 2085 1476 2115 Heius.
1501 2084 1589 2124 conj.
1604 2093 1711 2114 ceu.—

259 2127 302 2155 48
325 2125 405 2156 Duo
422 2129 503 2155 vett.
518 2127 580 2163 rig.
594 2127 748 2163 stringere
763 2136 837 2156 rem.
855 2128 1154 2168 totidemfingere;
1180 2133 1324 2167 quatuor
1350 2128 1496 2167 pendere,
1515 2127 1634 2157 Heius.
1652 2135 1712 2166 pu-

261 2170 314 2196 tat
329 2175 390 2205 pro
406 2168 555 2202 tundere‚·
581 2166 836 2203 Comb.s‹ulere.·
862 2168 923 2196 Be.
941 2169 1074 2207 Gryph.
1093 2171 1223 2210 Mycill.
1241 2176 1275 2201 et
1293 2171 1366 2200 aliae
1382 2170 1520 2199 scindere
1535 2179 1543 2201 .·
1567 2174 1603 2199 et
1627 2177 1710 2198 unus

253 2208 397 2245 fundere.
422 2207 517 2237 Leid.
535 2209 620 2237 navis
633 2211 767 2247 ηιμ-50
792 2207 860 2238 Alii
887 2210 940 2238 sed
965 2215 1135 2247 pars—52
1159 2213 1261 2241 Multi
1286 2221 1327 2241 ex
1356 2211 1491 2250 scriptis
1517 2210 1584 2240 Sic.
1600 2211 1712 2240 redun-

262 2250 369 2280 dantes
387 2248 564 2288 stum—54
587 2251 747 2289 Excerpt.
772 2250 868 2280 Voss.
907 2251 973 2285 Qut
997 2251 1119 2281 vehitur
1143 2254 1288 2283 ech—56
1313 2252 1406 2282 Unus
1436 2251 1523 2281 liber
1545 2253 1632 2290 longe
1648 2261 1711 2292 pro

922 2335 1060 2366 NOTAE

264 2402 423 2429 concreta
442 2408 537 2438 aqua.
1056 2404 1094 2431 -15
1116 2400 1196 2439 Alis]
1214 2400 1343 2432 Quibus
1360 2398 1475 2430 Posstae
1495 2408 1553 2430 sua
1568 2400 1712 2432 liberali-

305 2452 344 2480 -11
371 2448 525 2487 Leandro]
551 2448 651 2478 Hunc
676 2448 706 2478 in
728 2449 888 2488 Epistolis
914 2451 961 2480 vi·
1015 2455 1084 2481 tate
1103 2451 1315 2481 donaverunt
1333 2454 1461 2480 ventos.

263 2498 372 2528 dimus
398 2498 439 2528 ad
466 2498 559 2528 Hero
577 2507 667 2528 suain
684 2503 785 2528 noctu
804 2508 862 2537 per
881 2499 962 2529 Hel·
1056 2503 1097 2530 46
1123 2499 1264 2538 Obsessa]
1291 2499 1317 2529 A
1337 2500 1447 2529 Borea
1473 2499 1586 2532 malim
1610 2510 1712 2542 expo·

264 2549 510 2589 lespontiacum
528 2548 649 2579 fretum
667 2554 850 2580 natantem.
1014 2559 1093 2580 nere
1111 2560 1209 2589 quain
1227 2559 1244 2578 a
1263 2548 1402 2589 frigore.

307 2602 349 2630 42
382 2598 549 2638 Angustoe]
600 2599 842 2639 Hellespontus
872 2600 960 2631 enim
1056 2603 1096 2630 49
1121 2599 1263 2638 Ligatos]
1296 2598 1390 2629 Idem
1408 2599 1439 2629 in
1458 2598 1627 2638 paludosis
1642 2601 1712 2640 quj-

267 2658 331 2678 non
349 2650 438 2679 ultra
454 2649 563 2679 stadia
579 2653 708 2688 septem
727 2649 920 2689 porrigitur.
1016 2651 1154 2681 busdam
1173 2651 1261 2680 circa
1282 2651 1390 2680 lacum
1406 2654 1556 2681 nostrum
1573 2651 1712 2681 Leman-

307 2701 348 2728 44
375 2698 518 2737 Οοὲνοοι]
549 2699 637 2733 Quia
665 2699 743 2739 gelu
769 2704 962 2731 concretum
1016 2710 1093 2730 num
1111 2705 1211 2740 atque
1230 2699 1309 2730 alibi
1327 2700 1450 2740 passim
1471 2709 1710 2741 nonuunquam

268 2756 370 2780 mare.
1016 2749 1234 2790 conspicitur.
