1877 3193
223 153 340 201 25911
707 168 748 198 Ρ.
780 166 939 197 ovum
971 165 1186 197 NAsoms

225 262 400 317 Nuper,
421 266 469 304 ut
486 261 572 303 huc
592 261 736 315 magni
757 261 951 315 pervenit
972 261 1110 303 Fama
1129 261 1348 316 triumphi,

281 329 431 371 Ausus
450 344 541 370 suin
563 335 694 370 tantae
717 343 884 370 sumere
905 329 1032 370 molis
1053 343 1181 383 opuS.

227 396 384 439 Obruit
405 398 632 437 audentem
658 412 797 438 rerum
819 398 1100 450 gravitasque
1121 398 1328 452 nitorque
1348 410 1358 438 z

283 465 382 505 Nec
404 466 525 517 potui
549 465 685 517 coepti
708 465 899 516 pondera
920 465 1027 505 ferre
1049 465 1151 505 mei.
1616 461 1672 503 30

225 531 345 581 Illic,
369 545 499 584 quam
522 532 688 580 laudes,
712 534 791 572 erit
812 532 1010 572 officiosa
1030 533 1262 572 voluntas:

285 599 446 640 Cetera
467 599 652 639 materia
671 599 902 639 debilitata
916 599 1085 651 jacent.

225 666 359 717 Quod
381 667 417 706 si
438 666 545 705 forte
566 665 677 704 liber
699 670 864 705 vestras
885 666 1077 717 pervenit
1099 665 1156 705 ad
1177 677 1331 715 aures3

281 733 496 780 Tutelam‚
518 731 692 779 mando,
715 732 873 770 sentiat
893 731 966 770 ille
986 735 1121 772 tuam.

227 799 331 841 Hoc
351 799 428 839 tibi
450 798 632 845 facturo,
652 798 722 837 vel
743 797 780 836 si
801 810 884 837 non
906 798 1001 850 ipse
1021 810 1231 849 rogarem,
1620 795 1677 837 35

281 865 485 906 Accedat
506 864 703 904 cumulus
725 864 868 916 gratia
888 867 1034 904 nostra
1054 863 1177 905 levis.

226 932 330 973 Non
352 943 432 984 ego
453 930 713 980 laudandus,
736 931 811 971 sed
835 934 938 970 sunt
957 935 1031 972 tua
1050 934 1242 985 pectora,
1263 929 1394 979 lacte,

285 999 341 1040 Et
361 1011 446 1038 non
468 998 638 1038 calcata
656 998 910 1038 candidiora
930 998 1044 1038 nive.

225 1065 491 1117 Mirarisque
513 1064 637 1113 alios,
660 1078 757 1105 cum
779 1065 840 1104 sis
859 1065 1070 1104 mirabilis
1091 1065 1213 1117 ipse3

282 1131 379 1172 Nec
400 1132 564 1171 lateant
585 1136 712 1180 artes,
735 1132 1045 1185 eloquiumque
1067 1136 1204 1173 tuum.
1622 1132 1678 1173 40

224 1250 320 1280 tenui.
367 1251 475 1289 Nuper
490 1249 620 1286 utfama
633 1251 739 1289 magni
754 1251 902 1289 triumphi
912 1251 1085 1289 penetrarit
1101 1251 1169 1289 huc,
1182 1260 1239 1280 mm
1251 1250 1366 1280 rericus
1377 1259 1442 1280 sum
1456 1249 1590 1289 aggredi
1605 1259 1681 1290 opus

225 1293 308 1323 tanti
321 1293 497 1323 moliminis.
544 1293 696 1322 Gravitas
709 1295 738 1322 et
754 1293 896 1331 splendor
915 1293 1091 1329 argmneuti
1114 1293 1261 1331 depressit
1277 1294 1460 1326 audentem‚·
1483 1302 1578 1332 neque
1589 1292 1680 1331 potui

216 1334 306 1371 ferre
322 1344 396 1365 onus
411 1335 468 1364 mei
484 1344 583 1363 ausus.
630 1334 680 1363 Ibi
705 1336 765 1363 erit
788 1335 928 1364 voluntas
949 1334 1123 1372 obsequiosa
1146 1343 1235 1372 quam
1246 1333 1372 1371 probes:
1396 1334 1510 1372 reliqua
1533 1333 1679 1373 deficiunt

217 1376 326 1414 fracta
342 1380 532 1415 argumento,
581 1376 669 1410 Quod
685 1376 711 1405 sz'
721 1375 807 1412 forte
823 1375 899 1405 liber
919 1376 1057 1414 pervenit
1071 1376 1109 1404 ad
1125 1385 1212 1404 aures
1225 1378 1354 1410 vestras,
1377 1375 1481 1404 hortor
1497 1375 1548 1405 ille
1562 1376 1679 1405 sentiat

224 1418 466 1454 tuumfavorem.
514 1419 629 1448 Gratia
640 1421 745 1447 nostra
754 1418 949 1456 superveniat
963 1419 1101 1447 cumulus
1111 1418 1185 1446 levis
1195 1417 1251 1446 tibi
1260 1417 1440 1456 proestituro
1452 1418 1545 1455 idem,
1557 1417 1678 1447 etiamsi

223 1461 289 1500 ipse
299 1471 358 1490 uon
370 1470 498 1490 orarem.
544 1460 613 1496 Ego
627 1469 685 1488 non
696 1468 760 1488 sam
773 1460 953 1496 laudandus,
972 1469 1076 1489 verum
1088 1469 1139 1488 cor
1150 1462 1236 1488 tuum
1248 1462 1293 1488 est
1304 1459 1464 1489 cmzdz'dias
1475 1460 1552 1489 lacte
1565 1463 1594 1489 et
1610 1459 1678 1489 nire

224 1503 353 1533 intacta.
387 1502 489 1541 Atque
498 1501 627 1539 suspicis
635 1501 721 1539 alios,
732 1501 873 1540 cumipse
883 1500 926 1530 sis
935 1500 1143 1539 suspiciendus
1152 1511 1161 1529 .·
1184 1509 1276 1538 neque
1288 1501 1387 1530 virtus
1399 1505 1429 1530 et
1442 1502 1614 1541 eloquentia
1624 1505 1680 1532 tua

836 1578 1070 1589 eeeeeeeeeeee

227 1636 323 1667 Grat.
339 1636 419 1675 quid.
446 1638 500 1664 tua
524 1637 594 1664 sunt
614 1634 792 1664 anim—28
818 1633 937 1664 Heins.
962 1632 1080 1662 mailet
1108 1631 1184 1662 Ans.
1207 1641 1289 1662 eram
1314 1634 1394 1661 tant.
1417 1631 1502 1661 Mox
1527 1632 1680 1664 meliores

227 1679 379 1719 plerique
407 1677 487 1706 dant
514 1687 602 1716 opus:
635 1677 724 1716 vulg.
750 1678 919 1706 onus—29
947 1675 1044 1705 Leid.
1073 1674 1148 1705 Obr.
1176 1675 1319 1704 audacem
1346 1683 1406 1704 rer.
1431 1678 1465 1703 et
1490 1684 1567 1705 inox
1591 1684 1678 1715 apr.

227 1730 316 1750 man.
339 1720 512 1759 gravitasq.
539 1719 700 1758 laborque:
733 1719 775 1748 V.
802 1719 1043 1757 decorque.—31
1069 1716 1138 1746 Pro
1165 1717 1225 1746 erit
1251 1716 1291 1747 P.
1310 1716 1577 1747 etMs.Be1·sn1.
1593 1720 1680 1748 erat.-

227 1762 322 1793 Leid.
347 1772 365 1792 a
392 1772 441 1801 pr.
458 1771 547 1791 inan.
564 1763 711 1791 ean—32
735 1760 910 1791 Debilitata
934 1760 1101 1797 meliores
1127 1763 1217 1789 teste
1236 1759 1356 1789 Heius.
1374 1758 1429 1788 alii
1445 1758 1681 1790 debilitante.—

226 1807 267 1835 33
282 1804 425 1835 Plurimi
442 1803 525 1833 editi
544 1804 607 1837 Qui
620 1804 667 1833 si.-
691 1802 809 1832 Heins.
822 1802 958 1841 reponit
974 1802 1062 1837 Quod
1079 1811 1118 1832 ex
1136 1801 1423 1831 melioribus-34
1448 1801 1587 1832 Minime
1607 1812 1696 1841 pro»

228 1847 291 1877 bo:
316 1856 382 1876 non
398 1847 485 1876 enim
504 1845 601 1875 valde
618 1845 755 1885 dignum
772 1846 883 1883 exule,
908 1848 942 1874 et
967 1849 1034 1874 tani
1062 1844 1196 1883 abjecto
1221 1843 1387 1882 supplice.
1409 1845 1568 1882 mandare,
1591 1844 1680 1884 quod

226 1889 425 1929 expeditum
444 1888 536 1918 velit.
563 1887 666 1925 Libri,
681 1897 787 1927 precor
800 1892 835 1918 ut
855 1888 966 1917 sentiat
981 1898 990 1921 ‚·
1015 1886 1104 1927 quod
1122 1895 1181 1916 cur
1206 1885 1415 1925 neglexerint
1433 1885 1600 1925 recipere,
1616 1896 1680 1926 ego

226 1940 293 1962 non
317 1941 451 1971 possum
476 1930 701 1960 comminisci:
724 1929 916 1960 ‘mandare’
943 1934 1057 1960 tamen
1083 1928 1163 1959 alibi
1188 1932 1241 1958 est
1265 1927 1512 1958 commendare.
1537 1928 1612 1958 Lib.
1628 1937 1679 1959 lv.

226 1973 269 2004 de
283 1974 385 2004 Pont.
399 1977 430 2003 6.
447 1975 456 1990 ‘
470 1973 545 2004 Jam
565 1973 665 2003 timeo
677 1976 827 2003 nostram
845 1972 999 2012 cuiquam
1018 1971 1178 2002 mandare
1196 1969 1361 2001 salutem!
1384 1971 1496 2000 Barth.
1516 1969 1601 2001 Adv.
1619 1979 1680 2003 xz.

228 2018 363 2047 12.-35
384 2016 452 2045 Huc
469 2016 627 2046 meliores
640 2019 728 2045 teste
746 2015 865 2045 Heins.
885 2017 973 2055 vulg.
998 2014 1088 2045 Hoec.
1111 2015 1193 2044 Mox
1210 2014 1278 2044 Ms.
1295 2013 1423 2043 Bersm.
1439 2012 1559 2048 sac-tur.
1575 2013 1680 2044 sinon

224 2058 312 2096 prius
326 2058 435 2097 ipsa-
445 2061 483 2088 37
508 2058 610 2088 Barb.
628 2057 705 2088 hinc
720 2067 839 2087 novam
853 2057 1004 2097 Elegiam
1017 2056 1111 2095 facit,
1125 2066 1199 2097 quae
1217 2055 1334 2087 Heius.
1351 2055 1529 2086 videbatur
1550 2056 1679 2096 scripta

228 2099 271 2129 ad
298 2100 644 2130 Albinovanum—39
666 2100 708 2130 V.
730 2100 772 2129 sis
791 2100 952 2130 mirandas
977 2099 1104 2139 etipse:
1134 2099 1214 2139 Arg.
1234 2103 1269 2129 et
1294 2099 1359 2128 duo
1389 2097 1446 2128 alii
1463 2098 1680 2129 laudabilis.—

229 2143 270 2170 40
295 2141 458 2181 Excerpt.
477 2142 570 2171 Voss.
588 2146 621 2171 et
638 2142 721 2172 editi
738 2141 872 2182 quidam
897 2143 947 2172 Ne
973 2144 1030 2172 lat.
1056 2142 1138 2172 Mox
1156 2142 1233 2172 Bas.
1258 2146 1292 2171 et
1308 2140 1425 2171 Barth.
1440 2140 1683 2179 consiliumque5

882 2234 1026 2264 NOTAE

272 2309 314 2338 27
341 2304 517 2345 Triumphi]
541 2305 592 2335 De
609 2315 648 2335 eo
665 2315 776 2345 supra.
980 2307 1103 2347 pliores
1119 2316 1217 2347 quam
1241 2306 1388 2337 Nasonis
1414 2305 1566 2345 vei-sibus
1582 2304 1674 2337 dice-

270 2359 313 2388 28
339 2357 438 2396 Opus]
461 2355 510 2386 Ut
527 2354 732 2394 triumphum
749 2354 840 2385 ilium
856 2364 927 2385 ver·
979 2360 1110 2387 rentur.

231 2406 322 2438 sibus
339 2406 406 2436 suis
422 2405 732 2446 comprehenderet.
1021 2408 1059 2436 35
1085 2406 1170 2446 Hoc]
1196 2406 1244 2436 Ut
1268 2406 1414 2436 Nasonis
1445 2405 1597 2436 libellum
1619 2405 1675 2437 de·

272 2459 314 2487 29
331 2455 460 2495 Rerum]
484 2456 678 2495 Gestarum,
693 2455 837 2495 scilicet,
852 2465 926 2496 quae
979 2455 1150 2486 senderet.

232 2509 438 2549 triumphum
454 2513 661 2539 meruerant.
1022 2508 1063 2535 36
1089 2505 1236 2535 Cumulus
1258 2504 1380 2544 gratia]
1402 2503 1585 2545 Appositio
1609 2507 1674 2535 est.

272 2562 313 2591 30
338 2559 404 2590 Nec
416 2558 519 2599 potui]
546 2559 622 2590 Non
640 2558 840 2589 videbantur
856 2566 928 2588 ver·
982 2555 1092 2595 Optat
1120 2554 1241 2593 Poeta,
1266 2559 1303 2585 ut
1329 2555 1378 2585 sni
1406 2563 1508 2585 causa
1533 2554 1675 2585 Salanus

231 2619 286 2641 sus
299 2610 448 2641 materiae
465 2619 598 2651 aequare
613 2609 826 2649 dignitatem.
980 2606 1103 2647 aliquid
1122 2606 1168 2635 illi
1188 2606 1290 2636 addat
1307 2605 1395 2646 quod
1413 2615 1455 2636 ex
1474 2613 1508 2635 se
1524 2603 1677 2635 facturus

272 2661 312 2689 31
337 2659 424 2698 Illic]
451 2660 492 2690 In
510 2660 668 2700 triumphi
685 2658 925 2699 descriptione.
981 2659 1064 2687 erat.

273 2710 316 2740 32
338 2709 526 2751 Debilitata]
549 2711 640 2744 Quia
660 2719 713 2741 res
737 2713 842 2750 gestae
858 2718 925 2740 am-
1021 2711 1063 2740 40
1085 2708 1194 2748 Artes]
1220 2709 1331 2741 Bonas
1346 2709 1514 2749 intellige,
1527 2710 1563 2738 et
1577 2705 1675 2737 disci-
