1877 3193
676 177 1000 211 FRAGMENTA.
1101 228 1103 230 ι
1467 166 1578 211 2831

127 280 278 330 virum,
291 281 335 319 et
354 277 448 320 viro
459 289 637 318 uxorem
657 276 833 329 diligere
850 273 1082 316 concedaS.
1113 272 1314 331 Necesse
1329 276 1395 315 est
1410 273 1579 327 deinde,

120 348 270 403 jurare
289 345 532 400 permittas,
566 345 604 386 si
627 357 771 385 amare
791 343 1054 398 permiseris.
1115 341 1250 392 Quod
1268 341 1474 382 habuisse
1502 355 1583 384 nos

119 411 429 469 jusjurandum
464 412 634 465 putas?
694 411 766 452 Tu
799 411 928 451 nobis
962 410 1215 462 religiosum
1247 421 1411 450 nomen
1444 408 1583 454 suisti.

127 481 176 522 Si
195 480 487 530 mentiremur,
520 479 596 520 illa
619 478 703 520 sibi
724 478 883 519 iratum
904 480 1070 530 patrem
1091 476 1329 526 invocavit,
1360 488 1443 529 ego
1465 489 1585 517 soce-

127 562 237 590 rum.
299 546 437 589 Parce
457 551 598 601 pater,
629 558 762 599 parce
795 556 948 584 socer:
979 554 1067 581 non
1097 543 1407 595 pejeravimus.
1466 543 1584 586 Ecce

128 616 380 671 objurgator
414 619 577 664 noster,
613 622 743 664 quam
779 607 1005 648 effraenato
1040 620 1186 648 amore
1217 607 1360 649 fertur.
1436 609 1587 660 Quan-

127 697 259 738 quam
300 696 400 724 esse
439 683 573 723 filiam
607 675 810 730 preceris.
893 674 1055 717 Carum
1085 675 1275 730 quidem,
1312 678 1430 731 quod
1466 679 1585 719 illum

127 752 182 791 ab
203 749 471 802 indulgentia
492 756 575 785 sua
596 747 771 784 avocet.
831 742 893 783 Di
913 744 1032 793 boni,
1067 743 1287 797 quomodo
1317 744 1389 785 hic
1421 746 1587 786 amavit

126 816 336 857 uxorem?
370 815 485 854 amat
504 812 655 861 filiam,
690 815 733 853 et
754 811 945 852 abdicat.
1007 811 1140 852 Dolet
1161 811 1450 865 periclitatam
1472 825 1584 862 esse,

127 887 169 924 et
196 883 252 924 ab
285 894 336 922 eo
357 878 552 928 abducit,
588 878 680 919 sine
701 892 788 932 quo
814 882 945 931 negat
967 892 1015 919 se
1038 892 1171 932 posse
1194 879 1363 920 vivere:
1395 880 1586 933 queritur

127 948 368 1003 periculum
398 946 511 1001 ejus,
533 959 621 1000 qua
641 959 769 1000 paene
788 947 927 987 caruit
947 947 1016 987 hic
1039 947 1114 999 qui
1135 959 1280 987 amare
1302 950 1429 988 caute
1444 946 1584 1000 jubet.

127 1014 327 1056 Facilius
348 1015 393 1055 in
414 1027 559 1056 amore
577 1014 706 1056 finem
728 1015 949 1068 impetres,
973 1028 1106 1068 quam
1128 1013 1322 1055 modum.
1359 1015 1484 1055 Tune
1501 1014 1582 1055 hos

124 1082 256 1136 ponis
277 1083 499 1132 terminOS,
521 1085 570 1123 ut
590 1083 697 1123 nihil
716 1083 895 1131 faciant,
928 1082 1012 1122 nisi
1037 1081 1325 1131 considerate,
1347 1081 1455 1122 nihil
1483 1095 1585 1135 pro-

125 1148 314 1198 mittant,
337 1150 419 1190 nisi
441 1153 490 1190 ut
502 1149 577 1203 jus
599 1149 752 1191 facturi
771 1162 782 1201 3
805 1149 954 1206 omnia
971 1149 1106 1189 verba
1127 1150 1294 1190 ratione
1308 1153 1350 1190 et
1368 1148 1453 1189 fide
1474 1161 1584 1202 pon-

125 1214 304 1257 derent?
365 1217 503 1258 Senes
525 1218 589 1258 sic
611 1220 769 1258 amant.
830 1217 983 1257 Pauca
1001 1217 1131 1266 nosti,
1152 1220 1289 1269 pater,
1305 1216 1510 1257 crimina:
1541 1217 1585 1255 et

123 1283 395 1338 litigavimus
418 1285 668 1338 aliquando,
705 1289 748 1325 et
769 1284 1039 1335 decidimus3
1071 1287 1114 1324 et
1144 1284 1340 1332 fortasse,
1363 1281 1479 1335 quod
1498 1294 1584 1321 non

122 1355 267 1402 putas,
289 1352 599 1404 pejeravimus.
661 1349 781 1398 Quid
804 1350 860 1388 ad
882 1353 1028 1400 patres
1058 1349 1258 1401 pertinet,
1287 1347 1408 1400 quod
1437 1359 1584 1387 aman-

123 1416 190 1452 tes
214 1416 387 1466 Jurent'?
421 1416 458 1452 si
485 1415 554 1453 vis
573 1415 764 1461 credere,
792 1426 870 1452 nec
904 1414 959 1452 ad
991 1415 1111 1453 Deos
1132 1414 1329 1465 pertinet.
1390 1413 1496 1454 Non
1517 1418 1585 1456 est

125 1479 244 1534 quod
266 1479 344 1519 tibi
366 1479 561 1531 placeas,
581 1491 708 1527 uxor,
726 1482 932 1530 tanquam
950 1480 1091 1531 prima
1112 1478 1383 1530 peccaveris.
1445 1479 1584 1522 Periit

125 1546 274 1600 aliqua
306 1559 407 1587 cum
435 1546 545 1595 viro,
580 1545 708 1598 periit
726 1545 877 1600 aliqua
902 1557 982 1597 pro
1003 1545 1122 1585 viro!
1154 1545 1252 1585 illas
1276 1550 1422 1585 tamen
1441 1547 1583 1588 omnis

126 1618 235 1655 aetas
256 1613 499 1663 honorabit,
530 1625 656 1653 omne
678 1612 919 1652 celebrabit
940 1613 1171 1665 ingenium.
1234 1612 1331 1661 Fer,
1358 1626 1496 1663 socer,
1521 1613 1582 1655 fe-

123 1680 335 1722 licitatem
355 1685 489 1721 tuam.
549 1679 761 1732 Magnum
793 1681 871 1720 tibi
894 1693 1026 1733 quam
1056 1693 1196 1732 parvo
1227 1684 1400 1720 constat
1431 1694 1580 1722 exem-

123 1747 273 1800 plum!
306 1748 349 1787 in
380 1747 594 1799 reliquum
617 1746 912 1799 diligentiores
933 1747 1035 1787 facti
1056 1760 1231 1787 sumus:
1265 1760 1452 1787 errorem
1481 1761 1581 1789 nos-

123 1817 234 1854 trum
267 1814 548 1854 confitemur:
595 1814 823 1854 exciderat
863 1814 1126 1867 jurantibus,
1166 1827 1262 1854 esse
1298 1814 1471 1855 tertium
1505 1816 1579 1869 qui

124 1881 263 1932 magis
284 1884 468 1921 amaret:
501 1881 580 1929 sic,
616 1882 691 1932 Di,
724 1883 782 1922 sit
815 1895 997 1935 semper.
1058 1882 1309 1929 Persevera,
1346 1894 1484 1930 socer,
1516 1896 1581 1923 re-

126 1947 224 2001 cipe
244 1948 406 1988 filiam:
438 1961 534 1999 eg0,
568 1949 642 2000 qui
674 1950 870 2001 peccavi,
908 1963 1042 2002 poena
1075 1949 1228 2000 dignus
1257 1961 1367 1989 sum.
1429 1948 1579 1998 Quare

124 2026 262 2054 uxore
295 2019 467 2063 necata,
504 2027 658 2054 socero
690 2029 827 2056 causa
860 2016 943 2070 sim
976 2015 1206 2055 orbitatis?
1280 2015 1519 2056 Discedam
1555 2030 1578 2057 e

126 2080 325 2122 civitate:
357 2081 546 2133 fugiam:
578 2083 795 2124 exulabo:
827 2091 1061 2135 utcumque
1096 2087 1262 2135 potero,
1310 2083 1578 2124 desiderium

124 2147 282 2188 misera
315 2152 358 2188 et
394 2149 559 2188 crudeli
596 2151 811 2202 patientia
844 2151 1069 2203 perferam.
1144 2149 1354 2200 Morcrcr,
1387 2151 1424 2190 si
1457 2151 1578 2191 solus

123 2214 354 2254 moriturus
377 2214 552 2256 essem?

182 2279 238 2321 In
249 2282 403 2322 codice
419 2282 741 2335 1)o'ematiorum
760 2289 947 2325 veterum
966 2284 1092 2336 longe
1110 2283 1428 2335 antiquissimo,
1446 2295 1575 2335 quem

125 2346 245 2398 apud
265 2347 325 2387 V.
348 2349 398 2389 C.
424 2350 597 2389 Petrum
629 2352 894 2391 Scriverium
917 2351 1023 2399 vidi,
1058 2350 1221 2389 ovidio
1255 2350 1338 2388 hoc
1361 2349 1574 2401 epigram-

123 2424 198 2453 ma
214 2411 418 2453 ineditum
438 2417 750 2464 ascribebatur,

241 2477 372 2520 ‘Jam
395 2480 572 2521 nitidum
596 2482 772 2534 liquidis
797 2481 989 2521 Phoebus
1005 2481 1133 2533 jubar
1155 2480 1297 2520 intulit
1317 2479 1459 2530 undis,

299 2546 532 2587 Emeritam
557 2562 768 2588 renovans
786 2548 981 2600 Tethyos
1003 2560 1126 2586 amne
1147 2547 1301 2586 laconi.

238 2612 374 2654 Astra
391 2613 510 2652 subit
531 2615 667 2655 niveis
694 2614 855 2654 Phoebo
877 2615 1087 2653 subvecta
1101 2613 1319 2667 juvencis,

296 2679 421 2722 Mitis
441 2685 485 2721 et
505 2681 690 2722 aethereo
711 2684 872 2724 labitur
894 2695 979 2722 axo
999 2694 1144 2735 sopor.
