<?xml version="1.0" encoding="UTF-8"?>
<!DOCTYPE html PUBLIC "-//W3C//DTD XHTML 1.0 Transitional//EN"
    "http://www.w3.org/TR/xhtml1/DTD/xhtml1-transitional.dtd">
<html xmlns="http://www.w3.org/1999/xhtml" xml:lang="en" lang="en">
 <head>
  <title>
</title>
<meta http-equiv="Content-Type" content="text/html;charset=utf-8" />
  <meta name='ocr-system' content='tesseract 3.04.00' />
  <meta name='ocr-capabilities' content='ocr_page ocr_carea ocr_par ocr_line ocrx_word'/>
</head>
<body>
  <div class='ocr_page' id='page_1' title='image "./operaomniaexedit05oviduoft/operaomniaexedit05oviduoft_0086.png"; bbox 0 0 1863 3193; ppageno 0'>
   <div class='ocr_carea' id='block_1_1' title="bbox 237 167 351 212">
    <p class='ocr_par' dir='ltr' id='par_1_1' title="bbox 237 167 351 212">
     <span class='ocr_line' id='line_1_1' title="bbox 237 167 351 212; baseline -0.026 0"><span class='ocrx_word' id='word_1_1' title='bbox 237 167 351 212; x_wconf 79' lang='lat'><strong>2306</strong></span> 
     </span>
    </p>
   </div>
   <div class='ocr_carea' id='block_1_2' title="bbox 719 171 1198 206">
    <p class='ocr_par' dir='ltr' id='par_1_2' title="bbox 719 171 1198 206">
     <span class='ocr_line' id='line_1_2' title="bbox 719 171 1198 206; baseline -0.008 0"><span class='ocrx_word' id='word_1_2' title='bbox 719 174 763 206; x_wconf 80' lang='lat' dir='ltr'><strong>P.</strong></span> <span class='ocrx_word' id='word_1_3' title='bbox 792 174 949 206; x_wconf 84' lang='lat' dir='ltr'><strong>ovlml</strong></span> <span class='ocrx_word' id='word_1_4' title='bbox 984 171 1198 204; x_wconf 78' lang='lat' dir='ltr'><strong>NASole</strong></span> 
     </span>
    </p>
   </div>
   <div class='ocr_carea' id='block_1_3' title="bbox 240 268 1242 321">
    <p class='ocr_par' dir='ltr' id='par_1_3' title="bbox 240 268 1242 321">
     <span class='ocr_line' id='line_1_3' title="bbox 240 268 1242 321; baseline -0.008 -5"><span class='ocrx_word' id='word_1_5' title='bbox 240 274 368 317; x_wconf 86' lang='lat' dir='ltr'><strong>Bella</strong></span> <span class='ocrx_word' id='word_1_6' title='bbox 388 274 545 314; x_wconf 84' lang='lat' dir='ltr'><strong>sonant</strong></span> <span class='ocrx_word' id='word_1_7' title='bbox 564 270 655 321; x_wconf 82' lang='lat' dir='ltr'><strong>alii,</strong></span> <span class='ocrx_word' id='word_1_8' title='bbox 676 271 773 312; x_wconf 86' lang='lat' dir='ltr'><strong>telis</strong></span> <span class='ocrx_word' id='word_1_9' title='bbox 793 271 1001 311; x_wconf 81' lang='lat' dir='ltr'><strong>instructa</strong></span> <span class='ocrx_word' id='word_1_10' title='bbox 1023 268 1242 309; x_wconf 81' lang='lat' dir='ltr'><strong>cruentis:</strong></span> 
     </span>
    </p>
   </div>
   <div class='ocr_carea' id='block_1_4' title="bbox 296 336 1340 393">
    <p class='ocr_par' dir='ltr' id='par_1_4' title="bbox 296 336 1340 393">
     <span class='ocr_line' id='line_1_4' title="bbox 296 336 1340 393; baseline -0.006 -12"><span class='ocrx_word' id='word_1_11' title='bbox 296 341 493 393; x_wconf 79' lang='lat' dir='ltr'>Parsque</span> <span class='ocrx_word' id='word_1_12' title='bbox 515 339 577 379; x_wconf 87' lang='lat' dir='ltr'><strong>tui</strong></span> <span class='ocrx_word' id='word_1_13' title='bbox 599 339 783 390; x_wconf 82' lang='lat' dir='ltr'><strong>generis,</strong></span> <span class='ocrx_word' id='word_1_14' title='bbox 805 351 909 391; x_wconf 82' lang='lat' dir='ltr'><strong>pars</strong></span> <span class='ocrx_word' id='word_1_15' title='bbox 932 342 1007 378; x_wconf 81' lang='lat' dir='ltr'><strong>tua</strong></span> <span class='ocrx_word' id='word_1_16' title='bbox 1027 336 1148 378; x_wconf 82' lang='lat' dir='ltr'><strong>facta</strong></span> <span class='ocrx_word' id='word_1_17' title='bbox 1169 337 1340 376; x_wconf 86' lang='lat' dir='ltr'><strong>canunt.</strong></span> 
     </span>
    </p>
   </div>
   <div class='ocr_carea' id='block_1_5' title="bbox 1599 333 1687 376">
    <p class='ocr_par' dir='ltr' id='par_1_5' title="bbox 1599 333 1687 376">
     <span class='ocr_line' id='line_1_5' title="bbox 1599 333 1687 376; baseline 0.011 -1"><span class='ocrx_word' id='word_1_18' title='bbox 1599 333 1687 376; x_wconf 82' lang='lat'><strong>530</strong></span> 
     </span>
    </p>
   </div>
   <div class='ocr_carea' id='block_1_6' title="bbox 239 403 1290 658">
    <p class='ocr_par' dir='ltr' id='par_1_6' title="bbox 239 403 1209 526">
     <span class='ocr_line' id='line_1_6' title="bbox 239 403 1209 458; baseline -0.003 -11"><span class='ocrx_word' id='word_1_19' title='bbox 239 407 395 449; x_wconf 82' lang='lat' dir='ltr'><strong>Invida</strong></span> <span class='ocrx_word' id='word_1_20' title='bbox 414 420 481 446; x_wconf 91' lang='lat' dir='ltr'><strong>me</strong></span> <span class='ocrx_word' id='word_1_21' title='bbox 504 406 646 458; x_wconf 84' lang='lat' dir='ltr'><strong>spatio</strong></span> <span class='ocrx_word' id='word_1_22' title='bbox 668 404 838 445; x_wconf 76' lang='lat' dir='ltr'><strong>Natura</strong></span> <span class='ocrx_word' id='word_1_23' title='bbox 858 403 1053 445; x_wconf 73' lang='lat' dir='ltr'><strong>coercuit</strong></span> <span class='ocrx_word' id='word_1_24' title='bbox 1072 407 1209 453; x_wconf 82' lang='lat' dir='ltr'><strong>arcto,</strong></span> 
     </span>
     <span class='ocr_line' id='line_1_7' title="bbox 299 471 1065 526; baseline -0.003 -12"><span class='ocrx_word' id='word_1_25' title='bbox 299 473 474 526; x_wconf 87' lang='lat' dir='ltr'><strong>Ingenio</strong></span> <span class='ocrx_word' id='word_1_26' title='bbox 496 474 612 512; x_wconf 86' lang='lat' dir='ltr'><strong>vires</strong></span> <span class='ocrx_word' id='word_1_27' title='bbox 635 471 908 525; x_wconf 81' lang='lat' dir='ltr'><strong>exiguasque</strong></span> <span class='ocrx_word' id='word_1_28' title='bbox 930 471 1065 512; x_wconf 86' lang='lat' dir='ltr'><strong>dedit.</strong></span> 
     </span>
    </p>

    <p class='ocr_par' dir='ltr' id='par_1_7' title="bbox 241 533 1290 658">
     <span class='ocr_line' id='line_1_8' title="bbox 241 533 1194 582; baseline -0.003 -1"><span class='ocrx_word' id='word_1_29' title='bbox 241 540 297 582; x_wconf 89' lang='lat' dir='ltr'><strong>Et</strong></span> <span class='ocrx_word' id='word_1_30' title='bbox 317 533 461 581; x_wconf 78' lang='lat' dir='ltr'><strong>tamen</strong></span> <span class='ocrx_word' id='word_1_31' title='bbox 481 541 551 580; x_wconf 91' lang='lat' dir='ltr'><strong>ille</strong></span> <span class='ocrx_word' id='word_1_32' title='bbox 574 548 661 579; x_wconf 85' lang='lat' dir='ltr'><strong>tuae</strong></span> <span class='ocrx_word' id='word_1_33' title='bbox 682 539 788 579; x_wconf 80' lang='lat' dir='ltr'><strong>felix</strong></span> <span class='ocrx_word' id='word_1_34' title='bbox 809 539 1024 579; x_wconf 89' lang='lat' dir='ltr'><strong>AEneidos</strong></span> <span class='ocrx_word' id='word_1_35' title='bbox 1043 540 1194 579; x_wconf 82' lang='lat' dir='ltr'>auctor</span> 
     </span>
     <span class='ocr_line' id='line_1_9' title="bbox 298 606 1290 658; baseline -0.003 -11"><span class='ocrx_word' id='word_1_36' title='bbox 298 606 495 648; x_wconf 87' lang='lat' dir='ltr'>Contulit</span> <span class='ocrx_word' id='word_1_37' title='bbox 516 608 559 646; x_wconf 87' lang='lat' dir='ltr'><strong>in</strong></span> <span class='ocrx_word' id='word_1_38' title='bbox 580 606 737 658; x_wconf 87' lang='lat' dir='ltr'><strong>Tyrios</strong></span> <span class='ocrx_word' id='word_1_39' title='bbox 758 618 878 645; x_wconf 81' lang='lat' dir='ltr'><strong>arma</strong></span> <span class='ocrx_word' id='word_1_40' title='bbox 896 606 1123 658; x_wconf 85' lang='lat' dir='ltr'><strong>virumque</strong></span> <span class='ocrx_word' id='word_1_41' title='bbox 1143 607 1262 645; x_wconf 86' lang='lat' dir='ltr'><strong>toros</strong></span> <span class='ocrx_word' id='word_1_42' title='bbox 1280 616 1290 644; x_wconf 80' lang='lat' dir='ltr'>t</span> 
     </span>
    </p>
   </div>
   <div class='ocr_carea' id='block_1_7' title="bbox 243 672 1322 726">
    <p class='ocr_par' dir='ltr' id='par_1_8' title="bbox 243 672 1322 726">
     <span class='ocr_line' id='line_1_10' title="bbox 243 672 1322 726; baseline -0.003 -12"><span class='ocrx_word' id='word_1_43' title='bbox 243 673 342 714; x_wconf 89' lang='lat' dir='ltr'><strong>Nec</strong></span> <span class='ocrx_word' id='word_1_44' title='bbox 362 674 517 726; x_wconf 80' lang='lat' dir='ltr'><strong>legitur</strong></span> <span class='ocrx_word' id='word_1_45' title='bbox 538 686 639 726; x_wconf 84' lang='lat' dir='ltr'><strong>pars</strong></span> <span class='ocrx_word' id='word_1_46' title='bbox 659 672 751 711; x_wconf 79' lang='lat' dir='ltr'><strong>ulla</strong></span> <span class='ocrx_word' id='word_1_47' title='bbox 770 673 910 723; x_wconf 74' lang='lat' dir='ltr'><strong>magis</strong></span> <span class='ocrx_word' id='word_1_48' title='bbox 931 672 984 712; x_wconf 92' lang='lat' dir='ltr'><strong>de</strong></span> <span class='ocrx_word' id='word_1_49' title='bbox 1007 683 1187 724; x_wconf 91' lang='lat' dir='ltr'><strong>corpore</strong></span> <span class='ocrx_word' id='word_1_50' title='bbox 1211 674 1322 719; x_wconf 73' lang='lat' dir='ltr'><strong>tom,</strong></span> 
     </span>
    </p>
   </div>
   <div class='ocr_carea' id='block_1_8' title="bbox 242 737 1460 992">
    <p class='ocr_par' dir='ltr' id='par_1_9' title="bbox 242 737 1460 992">
     <span class='ocr_line' id='line_1_11' title="bbox 298 737 1291 790; baseline -0.005 -9"><span class='ocrx_word' id='word_1_51' title='bbox 298 740 444 790; x_wconf 84' lang='lat' dir='ltr'><strong>Quam</strong></span> <span class='ocrx_word' id='word_1_52' title='bbox 465 752 550 779; x_wconf 88' lang='lat' dir='ltr'><strong>non</strong></span> <span class='ocrx_word' id='word_1_53' title='bbox 570 739 760 790; x_wconf 84' lang='lat' dir='ltr'><strong>legitimo</strong></span> <span class='ocrx_word' id='word_1_54' title='bbox 778 737 940 777; x_wconf 89' lang='lat' dir='ltr'><strong>foedere</strong></span> <span class='ocrx_word' id='word_1_55' title='bbox 954 738 1135 790; x_wconf 82' lang='lat' dir='ltr'><strong>junctus</strong></span> <span class='ocrx_word' id='word_1_56' title='bbox 1157 749 1291 777; x_wconf 82' lang='lat' dir='ltr'><strong>amor.</strong></span> 
     </span>
     <span class='ocr_line' id='line_1_12' title="bbox 242 802 1447 860; baseline -0.006 -12"><span class='ocrx_word' id='word_1_57' title='bbox 242 807 462 860; x_wconf 84' lang='lat' dir='ltr'>Phyllidis</span> <span class='ocrx_word' id='word_1_58' title='bbox 483 806 552 846; x_wconf 93' lang='lat' dir='ltr'><strong>hic</strong></span> <span class='ocrx_word' id='word_1_59' title='bbox 572 805 702 854; x_wconf 90' lang='lat' dir='ltr'><strong>idem,</strong></span> <span class='ocrx_word' id='word_1_60' title='bbox 723 807 982 856; x_wconf 84' lang='lat' dir='ltr'><strong>tenerosque</strong></span> <span class='ocrx_word' id='word_1_61' title='bbox 1003 803 1288 856; x_wconf 81' lang='lat' dir='ltr'><strong>Amaryllidis</strong></span> <span class='ocrx_word' id='word_1_62' title='bbox 1308 802 1447 855; x_wconf 85' lang='lat' dir='ltr'><strong>ignes,</strong></span> 
     </span>
     <span class='ocr_line' id='line_1_13' title="bbox 300 868 1203 925; baseline -0.007 -12"><span class='ocrx_word' id='word_1_63' title='bbox 300 873 524 914; x_wconf 88' lang='lat' dir='ltr'><strong>Bucolicis</strong></span> <span class='ocrx_word' id='word_1_64' title='bbox 540 872 717 925; x_wconf 86' lang='lat' dir='ltr'><strong>juvenis</strong></span> <span class='ocrx_word' id='word_1_65' title='bbox 737 872 904 911; x_wconf 81' lang='lat' dir='ltr'><strong>luserat</strong></span> <span class='ocrx_word' id='word_1_66' title='bbox 923 874 1021 911; x_wconf 82' lang='lat' dir='ltr'><strong>ante</strong></span> <span class='ocrx_word' id='word_1_67' title='bbox 1043 868 1203 910; x_wconf 89' lang='lat' dir='ltr'><strong>modis.</strong></span> 
     </span>
     <span class='ocr_line' id='line_1_14' title="bbox 243 934 1460 992; baseline -0.004 -11"><span class='ocrx_word' id='word_1_68' title='bbox 243 939 340 981; x_wconf 90' lang='lat' dir='ltr'><strong>Nos</strong></span> <span class='ocrx_word' id='word_1_69' title='bbox 362 951 532 992; x_wconf 86' lang='lat' dir='ltr'><strong>quoque</strong></span> <span class='ocrx_word' id='word_1_70' title='bbox 549 937 643 990; x_wconf 86' lang='lat' dir='ltr'><strong>jam</strong></span> <span class='ocrx_word' id='word_1_71' title='bbox 664 937 831 990; x_wconf 86' lang='lat' dir='ltr'><strong>pridem</strong></span> <span class='ocrx_word' id='word_1_72' title='bbox 853 936 1022 988; x_wconf 85' lang='lat' dir='ltr'><strong>scripto</strong></span> <span class='ocrx_word' id='word_1_73' title='bbox 1043 934 1329 988; x_wconf 82' lang='lat' dir='ltr'><strong>peccavimus</strong></span> <span class='ocrx_word' id='word_1_74' title='bbox 1350 947 1460 976; x_wconf 88' lang='lat' dir='ltr'><strong>uno:</strong></span> 
     </span>
    </p>
   </div>
   <div class='ocr_carea' id='block_1_9' title="bbox 299 1001 1350 1060">
    <p class='ocr_par' dir='ltr' id='par_1_10' title="bbox 299 1001 1350 1060">
     <span class='ocr_line' id='line_1_15' title="bbox 299 1001 1350 1060; baseline -0.006 -13"><span class='ocrx_word' id='word_1_75' title='bbox 299 1004 574 1060; x_wconf 85' lang='lat' dir='ltr'><strong>Supplicium</strong></span> <span class='ocrx_word' id='word_1_76' title='bbox 595 1004 761 1056; x_wconf 80' lang='lat' dir='ltr'><strong>patitur</strong></span> <span class='ocrx_word' id='word_1_77' title='bbox 780 1015 867 1043; x_wconf 87' lang='lat' dir='ltr'><strong>non</strong></span> <span class='ocrx_word' id='word_1_78' title='bbox 886 1015 1001 1043; x_wconf 83' lang='lat' dir='ltr'><strong>nova</strong></span> <span class='ocrx_word' id='word_1_79' title='bbox 1023 1001 1154 1054; x_wconf 83' lang='lat' dir='ltr'><strong>culpa</strong></span> <span class='ocrx_word' id='word_1_80' title='bbox 1173 1013 1350 1042; x_wconf 89' lang='lat' dir='ltr'><strong>novum.</strong></span> 
     </span>
    </p>
   </div>
   <div class='ocr_carea' id='block_1_10' title="bbox 1606 1002 1692 1044">
    <p class='ocr_par' dir='ltr' id='par_1_11' title="bbox 1606 1002 1692 1044">
     <span class='ocr_line' id='line_1_16' title="bbox 1606 1002 1692 1044; baseline 0 0"><span class='ocrx_word' id='word_1_81' title='bbox 1606 1002 1692 1044; x_wconf 88' lang='grc'><strong>540</strong></span> 
     </span>
    </p>
   </div>
   <div class='ocr_carea' id='block_1_11' title="bbox 244 1068 1394 1188">
    <p class='ocr_par' dir='ltr' id='par_1_12' title="bbox 244 1068 1394 1188">
     <span class='ocr_line' id='line_1_17' title="bbox 244 1068 1394 1124; baseline -0.004 -10"><span class='ocrx_word' id='word_1_82' title='bbox 244 1072 532 1124; x_wconf 77' lang='lat' dir='ltr'><strong>Carminaque</strong></span> <span class='ocrx_word' id='word_1_83' title='bbox 554 1069 791 1119; x_wconf 85' lang='lat' dir='ltr'><strong>edideram,</strong></span> <span class='ocrx_word' id='word_1_84' title='bbox 813 1082 913 1110; x_wconf 90' lang='lat' dir='ltr'><strong>cum</strong></span> <span class='ocrx_word' id='word_1_85' title='bbox 933 1072 974 1110; x_wconf 86' lang='lat' dir='ltr'><strong>te</strong></span> <span class='ocrx_word' id='word_1_86' title='bbox 993 1068 1158 1110; x_wconf 78' lang='lat' dir='ltr'><strong>delicta</strong></span> <span class='ocrx_word' id='word_1_87' title='bbox 1176 1071 1394 1110; x_wconf 81' lang='lat' dir='ltr'><strong>notantem</strong></span> 
     </span>
     <span class='ocr_line' id='line_1_18' title="bbox 301 1135 1134 1188; baseline -0.005 -8"><span class='ocrx_word' id='word_1_88' title='bbox 301 1138 500 1180; x_wconf 83' lang='lat' dir='ltr'><strong>Praeterii</strong></span> <span class='ocrx_word' id='word_1_89' title='bbox 521 1137 654 1176; x_wconf 84' lang='lat' dir='ltr'><strong>toties</strong></span> <span class='ocrx_word' id='word_1_90' title='bbox 667 1135 766 1188; x_wconf 87' lang='lat' dir='ltr'><strong>jure</strong></span> <span class='ocrx_word' id='word_1_91' title='bbox 790 1137 962 1188; x_wconf 84' lang='lat' dir='ltr'><strong>quietus</strong></span> <span class='ocrx_word' id='word_1_92' title='bbox 983 1148 1134 1188; x_wconf 86' lang='lat' dir='ltr'><strong>eques.</strong></span> 
     </span>
    </p>
   </div>
   <div class='ocr_carea' id='block_1_12' title="bbox 242 1254 1697 1550">
    <p class='ocr_par' dir='ltr' id='par_1_13' title="bbox 242 1254 1697 1550">
     <span class='ocr_line' id='line_1_19' title="bbox 242 1254 1696 1298; baseline -0.001 -9"><span class='ocrx_word' id='word_1_93' title='bbox 242 1260 355 1289; x_wconf 81' lang='lat' dir='ltr'><strong>canunt</strong></span> <span class='ocrx_word' id='word_1_94' title='bbox 370 1256 447 1288; x_wconf 85' lang='lat' dir='ltr'><strong>bella</strong></span> <span class='ocrx_word' id='word_1_95' title='bbox 463 1256 615 1286; x_wconf 75' lang='lat' dir='ltr'><strong>instructa</strong></span> <span class='ocrx_word' id='word_1_96' title='bbox 629 1255 726 1286; x_wconf 75' lang='lat' dir='ltr'><strong>armis</strong></span> <span class='ocrx_word' id='word_1_97' title='bbox 738 1256 980 1294; x_wconf 74' lang='lat' dir='ltr'><strong>sanguinolentis</strong></span> <span class='ocrx_word' id='word_1_98' title='bbox 992 1266 1003 1291; x_wconf 94' lang='grc'><em>;</em></span> <span class='ocrx_word' id='word_1_99' title='bbox 1029 1259 1060 1286; x_wconf 88' lang='lat' dir='ltr'><strong>et</strong></span> <span class='ocrx_word' id='word_1_100' title='bbox 1081 1264 1157 1295; x_wconf 81' lang='lat' dir='ltr'><strong>pars</strong></span> <span class='ocrx_word' id='word_1_101' title='bbox 1170 1254 1307 1285; x_wconf 71' lang='lat' dir='ltr'><strong>scribunt</strong></span> <span class='ocrx_word' id='word_1_102' title='bbox 1322 1258 1391 1286; x_wconf 86' lang='lat' dir='ltr'><strong>acta</strong></span> <span class='ocrx_word' id='word_1_103' title='bbox 1413 1259 1475 1286; x_wconf 74' lang='lat' dir='ltr'><strong>tace</strong></span> <span class='ocrx_word' id='word_1_104' title='bbox 1489 1255 1609 1297; x_wconf 73' lang='lat' dir='ltr'><strong>sobolis,</strong></span> <span class='ocrx_word' id='word_1_105' title='bbox 1619 1265 1696 1298; x_wconf 73' lang='lat' dir='ltr'><strong>pars</strong></span> 
     </span>
     <span class='ocr_line' id='line_1_20' title="bbox 244 1297 1695 1339; baseline -0.001 -7"><span class='ocrx_word' id='word_1_106' title='bbox 244 1304 311 1332; x_wconf 74' lang='lat' dir='ltr'><strong>tua.</strong></span> <span class='ocrx_word' id='word_1_107' title='bbox 353 1300 479 1330; x_wconf 78' lang='lat' dir='ltr'><strong>Natura</strong></span> <span class='ocrx_word' id='word_1_108' title='bbox 495 1298 630 1337; x_wconf 79' lang='lat' dir='ltr'><strong>maligna</strong></span> <span class='ocrx_word' id='word_1_109' title='bbox 646 1298 789 1328; x_wconf 74' lang='lat' dir='ltr'><strong>conclusit</strong></span> <span class='ocrx_word' id='word_1_110' title='bbox 806 1309 852 1329; x_wconf 88' lang='lat' dir='ltr'><strong>me</strong></span> <span class='ocrx_word' id='word_1_111' title='bbox 868 1299 982 1337; x_wconf 78' lang='lat' dir='ltr'><strong>exiguo</strong></span> <span class='ocrx_word' id='word_1_112' title='bbox 998 1297 1107 1335; x_wconf 78' lang='lat' dir='ltr'><strong>limite,</strong></span> <span class='ocrx_word' id='word_1_113' title='bbox 1133 1300 1164 1327; x_wconf 84' lang='lat' dir='ltr'><strong>et</strong></span> <span class='ocrx_word' id='word_1_114' title='bbox 1185 1297 1320 1336; x_wconf 80' lang='lat' dir='ltr'><strong>proebuit</strong></span> <span class='ocrx_word' id='word_1_115' title='bbox 1333 1308 1446 1337; x_wconf 85' lang='lat' dir='ltr'><strong>parvas</strong></span> <span class='ocrx_word' id='word_1_116' title='bbox 1459 1300 1545 1329; x_wconf 81' lang='lat' dir='ltr'><strong>dotes</strong></span> <span class='ocrx_word' id='word_1_117' title='bbox 1560 1299 1695 1339; x_wconf 79' lang='lat' dir='ltr'><strong>ingenia.</strong></span> 
     </span>
     <span class='ocr_line' id='line_1_21' title="bbox 246 1339 1695 1382; baseline -0.001 -8"><span class='ocrx_word' id='word_1_118' title='bbox 246 1343 290 1374; x_wconf 84' lang='lat' dir='ltr'><strong>Et</strong></span> <span class='ocrx_word' id='word_1_119' title='bbox 306 1345 408 1373; x_wconf 81' lang='lat' dir='ltr'><strong>tamen</strong></span> <span class='ocrx_word' id='word_1_120' title='bbox 421 1341 473 1371; x_wconf 83' lang='lat' dir='ltr'><strong>ille</strong></span> <span class='ocrx_word' id='word_1_121' title='bbox 490 1340 593 1370; x_wconf 80' lang='lat' dir='ltr'><strong>beatus</strong></span> <span class='ocrx_word' id='word_1_122' title='bbox 607 1344 715 1371; x_wconf 81' lang='lat' dir='ltr'><strong>auctor</strong></span> <span class='ocrx_word' id='word_1_123' title='bbox 742 1344 803 1371; x_wconf 75' lang='lat' dir='ltr'><strong>tuce</strong></span> <span class='ocrx_word' id='word_1_124' title='bbox 820 1342 966 1371; x_wconf 80' lang='lat' dir='ltr'><strong>AEuez&#39;dos</strong></span> <span class='ocrx_word' id='word_1_125' title='bbox 987 1340 1116 1371; x_wconf 68' lang='lat' dir='ltr'><strong>deduaeit</strong></span> <span class='ocrx_word' id='word_1_126' title='bbox 1132 1348 1217 1369; x_wconf 82' lang='lat' dir='ltr'><strong>arma</strong></span> <span class='ocrx_word' id='word_1_127' title='bbox 1232 1339 1391 1379; x_wconf 78' lang='lat' dir='ltr'><strong>virumque</strong></span> <span class='ocrx_word' id='word_1_128' title='bbox 1406 1340 1438 1370; x_wconf 84' lang='lat' dir='ltr'><strong>in</strong></span> <span class='ocrx_word' id='word_1_129' title='bbox 1454 1342 1546 1371; x_wconf 80' lang='lat' dir='ltr'><strong>lectos</strong></span> <span class='ocrx_word' id='word_1_130' title='bbox 1564 1342 1695 1382; x_wconf 78' lang='lat' dir='ltr'><strong>Tyrios.-</strong></span> 
     </span>
     <span class='ocr_line' id='line_1_22' title="bbox 244 1381 1695 1424; baseline -0.001 -9"><span class='ocrx_word' id='word_1_131' title='bbox 244 1394 338 1424; x_wconf 84' lang='lat' dir='ltr'><strong>neque</strong></span> <span class='ocrx_word' id='word_1_132' title='bbox 356 1393 430 1424; x_wconf 83' lang='lat' dir='ltr'><strong>pars</strong></span> <span class='ocrx_word' id='word_1_133' title='bbox 443 1384 505 1413; x_wconf 83' lang='lat' dir='ltr'><strong>ulla</strong></span> <span class='ocrx_word' id='word_1_134' title='bbox 520 1383 621 1421; x_wconf 84' lang='lat' dir='ltr'><strong>magis</strong></span> <span class='ocrx_word' id='word_1_135' title='bbox 635 1383 749 1421; x_wconf 79' lang='lat' dir='ltr'><strong>legitur</strong></span> <span class='ocrx_word' id='word_1_136' title='bbox 763 1384 800 1413; x_wconf 84' lang='lat' dir='ltr'><strong>de</strong></span> <span class='ocrx_word' id='word_1_137' title='bbox 813 1386 876 1413; x_wconf 76' lang='lat' dir='ltr'><strong>loto</strong></span> <span class='ocrx_word' id='word_1_138' title='bbox 890 1393 989 1423; x_wconf 85' lang='lat' dir='ltr'><strong>opere,</strong></span> <span class='ocrx_word' id='word_1_139' title='bbox 1014 1392 1104 1423; x_wconf 84' lang='lat' dir='ltr'><strong>quam</strong></span> <span class='ocrx_word' id='word_1_140' title='bbox 1119 1392 1205 1412; x_wconf 82' lang='lat' dir='ltr'><strong>amor</strong></span> <span class='ocrx_word' id='word_1_141' title='bbox 1219 1382 1334 1419; x_wconf 84' lang='lat' dir='ltr'><strong>ligatus</strong></span> <span class='ocrx_word' id='word_1_142' title='bbox 1341 1381 1461 1419; x_wconf 78' lang='lat' dir='ltr'><strong>foedere</strong></span> <span class='ocrx_word' id='word_1_143' title='bbox 1476 1383 1582 1413; x_wconf 73' lang='lat' dir='ltr'><strong>vetito.</strong></span> <span class='ocrx_word' id='word_1_144' title='bbox 1628 1382 1695 1414; x_wconf 73' lang='lat' dir='ltr'><strong>Hic</strong></span> 
     </span>
     <span class='ocr_line' id='line_1_23' title="bbox 242 1425 1693 1465; baseline -0.001 -9"><span class='ocrx_word' id='word_1_145' title='bbox 242 1427 324 1458; x_wconf 78' lang='lat' dir='ltr'><strong>idem</strong></span> <span class='ocrx_word' id='word_1_146' title='bbox 339 1427 509 1456; x_wconf 78' lang='lat' dir='ltr'><strong>adolescens</strong></span> <span class='ocrx_word' id='word_1_147' title='bbox 519 1426 607 1465; x_wconf 71' lang='lat' dir='ltr'><strong>prius</strong></span> <span class='ocrx_word' id='word_1_148' title='bbox 621 1425 787 1465; x_wconf 79' lang='lat' dir='ltr'><strong>scripserat</strong></span> <span class='ocrx_word' id='word_1_149' title='bbox 802 1425 940 1456; x_wconf 81' lang='lat' dir='ltr'><strong>versibus</strong></span> <span class='ocrx_word' id='word_1_150' title='bbox 956 1425 1110 1456; x_wconf 79' lang='lat' dir='ltr'><strong>Bucolicis</strong></span> <span class='ocrx_word' id='word_1_151' title='bbox 1130 1425 1227 1454; x_wconf 86' lang='lat' dir='ltr'><strong>lentos</strong></span> <span class='ocrx_word' id='word_1_152' title='bbox 1250 1433 1366 1454; x_wconf 82' lang='lat' dir='ltr'><strong>amores</strong></span> <span class='ocrx_word' id='word_1_153' title='bbox 1382 1425 1539 1464; x_wconf 74' lang='lat' dir='ltr'><strong>Phyllidis</strong></span> <span class='ocrx_word' id='word_1_154' title='bbox 1554 1428 1583 1455; x_wconf 83' lang='lat' dir='ltr'><strong>et</strong></span> <span class='ocrx_word' id='word_1_155' title='bbox 1597 1425 1693 1455; x_wconf 80' lang='lat' dir='ltr'><strong>Ama-</strong></span> 
     </span>
     <span class='ocr_line' id='line_1_24' title="bbox 244 1466 1694 1508; baseline -0.001 -10"><span class='ocrx_word' id='word_1_156' title='bbox 244 1469 376 1508; x_wconf 74' lang='lat' dir='ltr'><strong>ryllidis.</strong></span> <span class='ocrx_word' id='word_1_157' title='bbox 422 1468 490 1498; x_wconf 83' lang='lat' dir='ltr'><strong>Nos</strong></span> <span class='ocrx_word' id='word_1_158' title='bbox 504 1468 595 1498; x_wconf 82' lang='lat' dir='ltr'><strong>etiam</strong></span> <span class='ocrx_word' id='word_1_159' title='bbox 603 1467 673 1505; x_wconf 78' lang='lat' dir='ltr'><strong>jam</strong></span> <span class='ocrx_word' id='word_1_160' title='bbox 688 1467 759 1497; x_wconf 86' lang='lat' dir='ltr'><strong>olim</strong></span> <span class='ocrx_word' id='word_1_161' title='bbox 775 1468 956 1507; x_wconf 77' lang='lat' dir='ltr'><strong>deliquimus</strong></span> <span class='ocrx_word' id='word_1_162' title='bbox 970 1469 1028 1498; x_wconf 82' lang='lat' dir='ltr'><strong>isto</strong></span> <span class='ocrx_word' id='word_1_163' title='bbox 1041 1466 1188 1507; x_wconf 59' lang='lat' dir='ltr'><strong>poemate.</strong></span> <span class='ocrx_word' id='word_1_164' title='bbox 1220 1466 1385 1496; x_wconf 79' lang='lat' dir='ltr'><strong>Peccatum</strong></span> <span class='ocrx_word' id='word_1_165' title='bbox 1400 1477 1457 1497; x_wconf 86' lang='lat' dir='ltr'><strong>non</strong></span> <span class='ocrx_word' id='word_1_166' title='bbox 1475 1477 1584 1498; x_wconf 72' lang='lat' dir='ltr'><strong>not-um</strong></span> <span class='ocrx_word' id='word_1_167' title='bbox 1598 1468 1694 1497; x_wconf 82' lang='lat' dir='ltr'><strong>mulc-</strong></span> 
     </span>
     <span class='ocr_line' id='line_1_25' title="bbox 245 1508 1697 1550; baseline -0.001 -9"><span class='ocrx_word' id='word_1_168' title='bbox 245 1515 332 1542; x_wconf 69' lang='lat' dir='ltr'><strong>tatur</strong></span> <span class='ocrx_word' id='word_1_169' title='bbox 344 1520 433 1550; x_wconf 85' lang='lat' dir='ltr'><strong>poena</strong></span> <span class='ocrx_word' id='word_1_170' title='bbox 454 1519 541 1540; x_wconf 80' lang='lat' dir='ltr'><strong>nova.</strong></span> <span class='ocrx_word' id='word_1_171' title='bbox 586 1510 687 1550; x_wconf 77' lang='lat' dir='ltr'><strong>Atque</strong></span> <span class='ocrx_word' id='word_1_172' title='bbox 712 1511 909 1548; x_wconf 64' lang='lat' dir='ltr'><strong>vulgat-eram</strong></span> <span class='ocrx_word' id='word_1_173' title='bbox 934 1520 1049 1549; x_wconf 69' lang='lat' dir='ltr'><strong>versus,</strong></span> <span class='ocrx_word' id='word_1_174' title='bbox 1075 1519 1141 1540; x_wconf 83' lang='lat' dir='ltr'><strong>cum</strong></span> <span class='ocrx_word' id='word_1_175' title='bbox 1166 1508 1275 1539; x_wconf 78' lang='lat' dir='ltr'><strong>merito</strong></span> <span class='ocrx_word' id='word_1_176' title='bbox 1301 1518 1388 1549; x_wconf 80' lang='lat' dir='ltr'><strong>eques</strong></span> <span class='ocrx_word' id='word_1_177' title='bbox 1410 1519 1532 1540; x_wconf 80' lang='lat' dir='ltr'><strong>securus</strong></span> <span class='ocrx_word' id='word_1_178' title='bbox 1553 1509 1697 1549; x_wconf 64' lang='lat' dir='ltr'><strong>praeterii</strong></span> 
     </span>
    </p>
   </div>
   <div class='ocr_carea' id='block_1_13' title="bbox 854 1590 1086 1602">
    <p class='ocr_par' dir='ltr' id='par_1_14' title="bbox 854 1590 1086 1602">
     <span class='ocr_line' id='line_1_26' title="bbox 854 1590 1086 1602; baseline -0.004 0"><span class='ocrx_word' id='word_1_179' title='bbox 854 1590 1086 1602; x_wconf 68' lang='lat' dir='ltr'><strong>eeeeeeeeeeee</strong></span> 
     </span>
    </p>
   </div>
   <div class='ocr_carea' id='block_1_14' title="bbox 246 1645 1700 1940">
    <p class='ocr_par' dir='ltr' id='par_1_15' title="bbox 246 1645 1700 1940">
     <span class='ocr_line' id='line_1_27' title="bbox 246 1645 1700 1688; baseline 0.003 -13"><span class='ocrx_word' id='word_1_180' title='bbox 246 1646 346 1685; x_wconf 83' lang='lat' dir='ltr'><strong>nuda,</strong></span> <span class='ocrx_word' id='word_1_181' title='bbox 370 1649 407 1677; x_wconf 91' lang='lat' dir='ltr'><strong>ut</strong></span> <span class='ocrx_word' id='word_1_182' title='bbox 423 1650 498 1677; x_wconf 86' lang='lat' dir='ltr'><strong>orta</strong></span> <span class='ocrx_word' id='word_1_183' title='bbox 520 1650 571 1677; x_wconf 84' lang='lat' dir='ltr'><strong>est</strong></span> <span class='ocrx_word' id='word_1_184' title='bbox 596 1646 695 1677; x_wconf 86' lang='lat' dir='ltr'><strong>modo</strong></span> <span class='ocrx_word' id='word_1_185' title='bbox 711 1656 753 1678; x_wconf 82' lang='lat' dir='ltr'><strong>ex</strong></span> <span class='ocrx_word' id='word_1_186' title='bbox 773 1647 935 1677; x_wconf 83' lang='lat' dir='ltr'><strong>maternis</strong></span> <span class='ocrx_word' id='word_1_187' title='bbox 952 1645 1058 1686; x_wconf 88' lang='lat' dir='ltr'><strong>aquis.</strong></span> <span class='ocrx_word' id='word_1_188' title='bbox 1083 1646 1302 1677; x_wconf 64' lang='lat' dir='ltr'><strong>Barim—529</strong></span> <span class='ocrx_word' id='word_1_189' title='bbox 1324 1647 1440 1678; x_wconf 89' lang='lat' dir='ltr'><strong>Burm.</strong></span> <span class='ocrx_word' id='word_1_190' title='bbox 1459 1647 1600 1688; x_wconf 76' lang='lat' dir='ltr'><strong>praefert</strong></span> <span class='ocrx_word' id='word_1_191' title='bbox 1614 1648 1700 1682; x_wconf 83' lang='lat' dir='ltr'><strong>Bell.</strong></span> 
     </span>
     <span class='ocr_line' id='line_1_28' title="bbox 246 1688 1696 1728; baseline 0.003 -11"><span class='ocrx_word' id='word_1_192' title='bbox 246 1691 354 1718; x_wconf 70' lang='lat' dir='ltr'><strong>tonant</strong></span> <span class='ocrx_word' id='word_1_193' title='bbox 369 1688 408 1719; x_wconf 85' lang='lat' dir='ltr'><strong>al.</strong></span> <span class='ocrx_word' id='word_1_194' title='bbox 433 1688 466 1718; x_wconf 88' lang='lat' dir='ltr'><strong>in</strong></span> <span class='ocrx_word' id='word_1_195' title='bbox 483 1698 535 1728; x_wconf 85' lang='lat' dir='ltr'><strong>pr.</strong></span> <span class='ocrx_word' id='word_1_196' title='bbox 552 1689 627 1720; x_wconf 89' lang='lat' dir='ltr'><strong>Pal.</strong></span> <span class='ocrx_word' id='word_1_197' title='bbox 643 1688 774 1726; x_wconf 54' lang='lat' dir='ltr'><strong>foverim</strong></span> <span class='ocrx_word' id='word_1_198' title='bbox 797 1690 831 1720; x_wconf 90' lang='lat' dir='ltr'><strong>in</strong></span> <span class='ocrx_word' id='word_1_199' title='bbox 848 1689 912 1719; x_wconf 90' lang='lat' dir='ltr'><strong>alio</strong></span> <span class='ocrx_word' id='word_1_200' title='bbox 930 1688 1049 1719; x_wconf 86' lang='lat' dir='ltr'><strong>Heins.</strong></span> <span class='ocrx_word' id='word_1_201' title='bbox 1063 1688 1150 1719; x_wconf 71' lang='lat' dir='ltr'><strong>(lod.</strong></span> <span class='ocrx_word' id='word_1_202' title='bbox 1165 1692 1395 1720; x_wconf 51' lang='lat' dir='ltr'><strong>canant—530</strong></span> <span class='ocrx_word' id='word_1_203' title='bbox 1420 1689 1486 1720; x_wconf 83' lang='lat' dir='ltr'><strong>Alii</strong></span> <span class='ocrx_word' id='word_1_204' title='bbox 1500 1690 1585 1728; x_wconf 77' lang='lat' dir='ltr'><strong>fact.</strong></span> <span class='ocrx_word' id='word_1_205' title='bbox 1601 1691 1696 1723; x_wconf 78' lang='lat' dir='ltr'><strong>canit.</strong></span> 
     </span>
     <span class='ocr_line' id='line_1_29' title="bbox 248 1729 1698 1772; baseline 0.003 -12"><span class='ocrx_word' id='word_1_206' title='bbox 248 1732 353 1760; x_wconf 81' lang='lat'>-535</span> <span class='ocrx_word' id='word_1_207' title='bbox 372 1729 520 1762; x_wconf 81' lang='lat' dir='ltr'><strong>Quidam</strong></span> <span class='ocrx_word' id='word_1_208' title='bbox 534 1731 642 1761; x_wconf 91' lang='lat' dir='ltr'><strong>Codd.</strong></span> <span class='ocrx_word' id='word_1_209' title='bbox 657 1733 693 1761; x_wconf 78' lang='lat' dir='ltr'><strong>cie</strong></span> <span class='ocrx_word' id='word_1_210' title='bbox 706 1732 841 1762; x_wconf 77' lang='lat' dir='ltr'><strong>carmine</strong></span> <span class='ocrx_word' id='word_1_211' title='bbox 857 1734 942 1766; x_wconf 79' lang='lat' dir='ltr'><strong>tot0;</strong></span> <span class='ocrx_word' id='word_1_212' title='bbox 965 1730 1032 1761; x_wconf 86' lang='lat' dir='ltr'><strong>duo</strong></span> <span class='ocrx_word' id='word_1_213' title='bbox 1045 1730 1147 1761; x_wconf 85' lang='lat' dir='ltr'><strong>etiam</strong></span> <span class='ocrx_word' id='word_1_214' title='bbox 1161 1732 1198 1761; x_wconf 86' lang='lat' dir='ltr'><strong>de</strong></span> <span class='ocrx_word' id='word_1_215' title='bbox 1209 1741 1333 1770; x_wconf 85' lang='lat' dir='ltr'><strong>corpore</strong></span> <span class='ocrx_word' id='word_1_216' title='bbox 1341 1735 1439 1770; x_wconf 81' lang='lat' dir='ltr'><strong>tanto,</strong></span> <span class='ocrx_word' id='word_1_217' title='bbox 1451 1732 1539 1772; x_wconf 88' lang='lat' dir='ltr'><strong>quod</strong></span> <span class='ocrx_word' id='word_1_218' title='bbox 1553 1742 1620 1764; x_wconf 86' lang='lat' dir='ltr'><strong>nou</strong></span> <span class='ocrx_word' id='word_1_219' title='bbox 1633 1733 1698 1764; x_wconf 87' lang='lat' dir='ltr'><strong>dis-</strong></span> 
     </span>
     <span class='ocr_line' id='line_1_30' title="bbox 248 1771 1697 1813; baseline 0.003 -11"><span class='ocrx_word' id='word_1_220' title='bbox 248 1771 368 1811; x_wconf 85' lang='lat' dir='ltr'><strong>plicuit</strong></span> <span class='ocrx_word' id='word_1_221' title='bbox 381 1771 608 1803; x_wconf 76' lang='lat' dir='ltr'><strong>Heins.-537</strong></span> <span class='ocrx_word' id='word_1_222' title='bbox 627 1773 711 1804; x_wconf 83' lang='lat' dir='ltr'><strong>Lov.</strong></span> <span class='ocrx_word' id='word_1_223' title='bbox 729 1773 831 1813; x_wconf 80' lang='lat' dir='ltr'><strong>Phyll.</strong></span> <span class='ocrx_word' id='word_1_224' title='bbox 844 1776 1152 1812; x_wconf 72' lang='lat' dir='ltr'><strong>teneros,teneraeque</strong></span> <span class='ocrx_word' id='word_1_225' title='bbox 1165 1774 1205 1803; x_wconf 88' lang='lat' dir='ltr'><strong>A.</strong></span> <span class='ocrx_word' id='word_1_226' title='bbox 1234 1774 1378 1805; x_wconf 87' lang='lat' dir='ltr'><strong>Plurimi</strong></span> <span class='ocrx_word' id='word_1_227' title='bbox 1392 1775 1494 1805; x_wconf 88' lang='lat' dir='ltr'><strong>etiam</strong></span> <span class='ocrx_word' id='word_1_228' title='bbox 1505 1775 1560 1806; x_wconf 85' lang='lat' dir='ltr'><strong>alii</strong></span> <span class='ocrx_word' id='word_1_229' title='bbox 1570 1778 1697 1806; x_wconf 80' lang='lat' dir='ltr'><strong>tenera·-</strong></span> 
     </span>
     <span class='ocr_line' id='line_1_31' title="bbox 246 1813 1696 1858; baseline 0.003 -14"><span class='ocrx_word' id='word_1_230' title='bbox 246 1823 315 1853; x_wconf 64' lang='grc' dir='ltr'><strong>(με,</strong></span> <span class='ocrx_word' id='word_1_231' title='bbox 339 1817 373 1844; x_wconf 83' lang='lat' dir='ltr'><strong>et</strong></span> <span class='ocrx_word' id='word_1_232' title='bbox 398 1813 725 1854; x_wconf 63' lang='lat' dir='ltr'><strong>Amaryllidos—539</strong></span> <span class='ocrx_word' id='word_1_233' title='bbox 749 1815 844 1846; x_wconf 90' lang='lat' dir='ltr'><strong>Unus</strong></span> <span class='ocrx_word' id='word_1_234' title='bbox 861 1814 1044 1852; x_wconf 79' lang='lat' dir='ltr'><strong>liberfacto</strong></span> <span class='ocrx_word' id='word_1_235' title='bbox 1066 1824 1126 1854; x_wconf 83' lang='lat' dir='ltr'><strong>pro</strong></span> <span class='ocrx_word' id='word_1_236' title='bbox 1141 1815 1275 1855; x_wconf 75' lang='lat' dir='ltr'><strong>scripto:</strong></span> <span class='ocrx_word' id='word_1_237' title='bbox 1300 1821 1370 1846; x_wconf 83' lang='lat' dir='ltr'><strong>tum</strong></span> <span class='ocrx_word' id='word_1_238' title='bbox 1387 1821 1456 1848; x_wconf 89' lang='lat' dir='ltr'><strong>tres</strong></span> <span class='ocrx_word' id='word_1_239' title='bbox 1474 1821 1558 1848; x_wconf 80' lang='lat' dir='ltr'><strong>vett.</strong></span> <span class='ocrx_word' id='word_1_240' title='bbox 1572 1826 1696 1858; x_wconf 73' lang='grc' dir='ltr'><strong>ρει-σαν.</strong></span> 
     </span>
     <span class='ocr_line' id='line_1_32' title="bbox 249 1856 1698 1897; baseline 0.005 -12"><span class='ocrx_word' id='word_1_241' title='bbox 249 1866 324 1886; x_wconf 77' lang='lat' dir='ltr'><strong>uno:</strong></span> <span class='ocrx_word' id='word_1_242' title='bbox 349 1856 404 1886; x_wconf 86' lang='lat' dir='ltr'><strong>alii</strong></span> <span class='ocrx_word' id='word_1_243' title='bbox 415 1856 591 1887; x_wconf 61' lang='lat' dir='ltr'><strong>istm—540</strong></span> <span class='ocrx_word' id='word_1_244' title='bbox 608 1857 702 1887; x_wconf 91' lang='lat' dir='ltr'><strong>Unus</strong></span> <span class='ocrx_word' id='word_1_245' title='bbox 717 1856 802 1888; x_wconf 85' lang='lat' dir='ltr'><strong>liber</strong></span> <span class='ocrx_word' id='word_1_246' title='bbox 814 1858 868 1888; x_wconf 80' lang='lat' dir='ltr'><strong>vix</strong></span> <span class='ocrx_word' id='word_1_247' title='bbox 883 1866 944 1897; x_wconf 88' lang='lat' dir='ltr'><strong>pro</strong></span> <span class='ocrx_word' id='word_1_248' title='bbox 959 1867 1029 1888; x_wconf 80' lang='lat' dir='ltr'><strong>non.</strong></span> <span class='ocrx_word' id='word_1_249' title='bbox 1054 1858 1141 1888; x_wconf 87' lang='lat' dir='ltr'><strong>Tum</strong></span> <span class='ocrx_word' id='word_1_250' title='bbox 1157 1858 1241 1888; x_wconf 81' lang='lat' dir='ltr'><strong>alius</strong></span> <span class='ocrx_word' id='word_1_251' title='bbox 1260 1859 1353 1888; x_wconf 82' lang='lat' dir='ltr'><strong>Musa</strong></span> <span class='ocrx_word' id='word_1_252' title='bbox 1367 1868 1434 1890; x_wconf 85' lang='lat' dir='ltr'><strong>nov.</strong></span> <span class='ocrx_word' id='word_1_253' title='bbox 1450 1865 1484 1891; x_wconf 87' lang='lat' dir='ltr'><strong>et</strong></span> <span class='ocrx_word' id='word_1_254' title='bbox 1497 1860 1579 1890; x_wconf 85' lang='lat' dir='ltr'><strong>alius</strong></span> <span class='ocrx_word' id='word_1_255' title='bbox 1594 1869 1698 1892; x_wconf 78' lang='lat' dir='ltr'><strong>causa.</strong></span> 
     </span>
     <span class='ocr_line' id='line_1_33' title="bbox 248 1898 1697 1940; baseline 0.003 -11"><span class='ocrx_word' id='word_1_256' title='bbox 248 1901 353 1929; x_wconf 73' lang='lat'>—641</span> <span class='ocrx_word' id='word_1_257' title='bbox 377 1898 437 1930; x_wconf 86' lang='lat' dir='ltr'><strong>Pr.</strong></span> <span class='ocrx_word' id='word_1_258' title='bbox 463 1898 526 1930; x_wconf 89' lang='lat' dir='ltr'><strong>Ed.</strong></span> <span class='ocrx_word' id='word_1_259' title='bbox 549 1900 610 1930; x_wconf 79' lang='lat' dir='ltr'><strong>del.</strong></span> <span class='ocrx_word' id='word_1_260' title='bbox 634 1902 879 1931; x_wconf 74' lang='lat' dir='ltr'><strong>notante.-542</strong></span> <span class='ocrx_word' id='word_1_261' title='bbox 901 1900 980 1930; x_wconf 81' lang='lat' dir='ltr'><strong>Jure</strong></span> <span class='ocrx_word' id='word_1_262' title='bbox 1004 1899 1126 1940; x_wconf 78' lang='lat' dir='ltr'><strong>quietus</strong></span> <span class='ocrx_word' id='word_1_263' title='bbox 1151 1909 1238 1931; x_wconf 86' lang='lat' dir='ltr'><strong>corr.</strong></span> <span class='ocrx_word' id='word_1_264' title='bbox 1263 1900 1385 1933; x_wconf 89' lang='lat' dir='ltr'><strong>Heins.</strong></span> <span class='ocrx_word' id='word_1_265' title='bbox 1409 1911 1451 1932; x_wconf 83' lang='lat' dir='ltr'><strong>ex</strong></span> <span class='ocrx_word' id='word_1_266' title='bbox 1478 1902 1586 1933; x_wconf 87' lang='lat' dir='ltr'><strong>tribus</strong></span> <span class='ocrx_word' id='word_1_267' title='bbox 1611 1905 1697 1934; x_wconf 84' lang='lat' dir='ltr'><strong>vett.</strong></span> 
     </span>
    </p>
   </div>
   <div class='ocr_carea' id='block_1_15' title="bbox 901 1996 1040 2028">
    <p class='ocr_par' dir='ltr' id='par_1_16' title="bbox 901 1996 1040 2028">
     <span class='ocr_line' id='line_1_34' title="bbox 901 1996 1040 2028; baseline 0 0"><span class='ocrx_word' id='word_1_268' title='bbox 901 1996 1040 2028; x_wconf 77' lang='lat' dir='ltr'>NOTAE</span> 
     </span>
    </p>
   </div>
   <div class='ocr_carea' id='block_1_16' title="bbox 248 2070 950 2746">
    <p class='ocr_par' dir='ltr' id='par_1_17' title="bbox 250 2070 605 2103">
     <span class='ocr_line' id='line_1_35' title="bbox 250 2070 605 2103; baseline 0.008 -10"><span class='ocrx_word' id='word_1_269' title='bbox 250 2072 367 2103; x_wconf 82' lang='lat' dir='ltr'><strong>spuma</strong></span> <span class='ocrx_word' id='word_1_270' title='bbox 383 2070 605 2103; x_wconf 75' lang='lat' dir='ltr'><strong>procreatam.</strong></span> 
     </span>
    </p>

    <p class='ocr_par' dir='ltr' id='par_1_18' title="bbox 248 2114 945 2202">
     <span class='ocr_line' id='line_1_36' title="bbox 293 2114 945 2154; baseline 0.005 -11"><span class='ocrx_word' id='word_1_271' title='bbox 293 2115 354 2143; x_wconf 87' lang='lat'><strong>530</strong></span> <span class='ocrx_word' id='word_1_272' title='bbox 378 2114 437 2143; x_wconf 78' lang='lat' dir='ltr'><strong>Tui</strong></span> <span class='ocrx_word' id='word_1_273' title='bbox 450 2115 587 2153; x_wconf 72' lang='lat' dir='ltr'><strong>generis]</strong></span> <span class='ocrx_word' id='word_1_274' title='bbox 624 2116 731 2153; x_wconf 82' lang='lat' dir='ltr'><strong>Lucii,</strong></span> <span class='ocrx_word' id='word_1_275' title='bbox 748 2116 833 2154; x_wconf 76' lang='lat' dir='ltr'><strong>Caii,</strong></span> <span class='ocrx_word' id='word_1_276' title='bbox 847 2116 945 2146; x_wconf 81' lang='lat' dir='ltr'><strong>Tibe-</strong></span> 
     </span>
     <span class='ocr_line' id='line_1_37' title="bbox 248 2162 809 2202; baseline 0 -9"><span class='ocrx_word' id='word_1_277' title='bbox 248 2162 300 2202; x_wconf 85' lang='lat' dir='ltr'><strong>rii,</strong></span> <span class='ocrx_word' id='word_1_278' title='bbox 317 2162 522 2201; x_wconf 81' lang='lat' dir='ltr'><strong>Germanici,</strong></span> <span class='ocrx_word' id='word_1_279' title='bbox 539 2168 639 2202; x_wconf 80' lang='lat' dir='ltr'><strong>atque</strong></span> <span class='ocrx_word' id='word_1_280' title='bbox 657 2164 809 2193; x_wconf 83' lang='lat' dir='ltr'><strong>aliorum.</strong></span> 
     </span>
    </p>

    <p class='ocr_par' dir='ltr' id='par_1_19' title="bbox 251 2211 946 2400">
     <span class='ocr_line' id='line_1_38' title="bbox 292 2211 946 2250; baseline 0 -9"><span class='ocrx_word' id='word_1_281' title='bbox 292 2214 355 2241; x_wconf 77' lang='lat'><strong>534</strong></span> <span class='ocrx_word' id='word_1_282' title='bbox 371 2211 496 2250; x_wconf 77' lang='lat' dir='ltr'><strong>Tyrios]</strong></span> <span class='ocrx_word' id='word_1_283' title='bbox 522 2211 610 2242; x_wconf 86' lang='lat' dir='ltr'><strong>Quia</strong></span> <span class='ocrx_word' id='word_1_284' title='bbox 624 2212 748 2241; x_wconf 79' lang='lat' dir='ltr'><strong>AEneau</strong></span> <span class='ocrx_word' id='word_1_285' title='bbox 761 2221 855 2242; x_wconf 87' lang='lat' dir='ltr'><strong>suum</strong></span> <span class='ocrx_word' id='word_1_286' title='bbox 872 2212 946 2242; x_wconf 79' lang='lat' dir='ltr'><strong>vir-</strong></span> 
     </span>
     <span class='ocr_line' id='line_1_39' title="bbox 251 2259 946 2300; baseline 0 -10"><span class='ocrx_word' id='word_1_287' title='bbox 251 2259 351 2300; x_wconf 82' lang='lat' dir='ltr'><strong>gilius</strong></span> <span class='ocrx_word' id='word_1_288' title='bbox 374 2259 408 2289; x_wconf 91' lang='lat' dir='ltr'><strong>in</strong></span> <span class='ocrx_word' id='word_1_289' title='bbox 434 2259 701 2300; x_wconf 72' lang='lat' dir='ltr'><strong>Didonis&#39;l‘yriae</strong></span> <span class='ocrx_word' id='word_1_290' title='bbox 730 2260 856 2290; x_wconf 85' lang='lat' dir='ltr'><strong>lectum</strong></span> <span class='ocrx_word' id='word_1_291' title='bbox 879 2261 946 2291; x_wconf 84' lang='lat' dir='ltr'><strong>suis</strong></span> 
     </span>
     <span class='ocr_line' id='line_1_40' title="bbox 251 2308 946 2341; baseline 0 -1"><span class='ocrx_word' id='word_1_292' title='bbox 251 2309 403 2341; x_wconf 79' lang='lat' dir='ltr'><strong>versibus</strong></span> <span class='ocrx_word' id='word_1_293' title='bbox 431 2308 592 2340; x_wconf 81' lang='lat' dir='ltr'><strong>deduxit:</strong></span> <span class='ocrx_word' id='word_1_294' title='bbox 632 2315 669 2340; x_wconf 89' lang='lat' dir='ltr'><strong>ut</strong></span> <span class='ocrx_word' id='word_1_295' title='bbox 693 2308 807 2340; x_wconf 86' lang='lat' dir='ltr'><strong>videre</strong></span> <span class='ocrx_word' id='word_1_296' title='bbox 836 2313 888 2340; x_wconf 84' lang='lat' dir='ltr'><strong>cst</strong></span> <span class='ocrx_word' id='word_1_297' title='bbox 912 2310 946 2340; x_wconf 87' lang='lat' dir='ltr'><strong>iu</strong></span> 
     </span>
     <span class='ocr_line' id='line_1_41' title="bbox 252 2358 495 2400; baseline -0.008 -10"><span class='ocrx_word' id='word_1_298' title='bbox 252 2360 327 2400; x_wconf 77' lang='lat' dir='ltr'><strong>ejus</strong></span> <span class='ocrx_word' id='word_1_299' title='bbox 343 2358 495 2390; x_wconf 82' lang='lat' dir='ltr'><strong>AEneide.</strong></span> 
     </span>
    </p>

    <p class='ocr_par' dir='ltr' id='par_1_20' title="bbox 251 2407 945 2499">
     <span class='ocr_line' id='line_1_42' title="bbox 294 2407 945 2449; baseline 0 -10"><span class='ocrx_word' id='word_1_300' title='bbox 294 2408 407 2448; x_wconf 84' lang='lat' dir='ltr'><strong>Arma]</strong></span> <span class='ocrx_word' id='word_1_301' title='bbox 434 2407 487 2438; x_wconf 77' lang='lat' dir='ltr'><strong>Ad</strong></span> <span class='ocrx_word' id='word_1_302' title='bbox 503 2408 658 2440; x_wconf 78' lang='lat' dir='ltr'><strong>AEneidos</strong></span> <span class='ocrx_word' id='word_1_303' title='bbox 669 2408 789 2440; x_wconf 82' lang='lat' dir='ltr'><strong>alludit</strong></span> <span class='ocrx_word' id='word_1_304' title='bbox 801 2408 945 2449; x_wconf 87' lang='lat' dir='ltr'><strong>initium,</strong></span> 
     </span>
     <span class='ocr_line' id='line_1_43' title="bbox 251 2457 777 2499; baseline -0.002 -9"><span class='ocrx_word' id='word_1_305' title='bbox 251 2458 260 2476; x_wconf 92' lang='lat'>‘</span> <span class='ocrx_word' id='word_1_306' title='bbox 277 2457 383 2490; x_wconf 82' lang='lat' dir='ltr'><strong>Arma</strong></span> <span class='ocrx_word' id='word_1_307' title='bbox 400 2458 572 2499; x_wconf 79' lang='lat' dir='ltr'><strong>virumqiu¹</strong></span> <span class='ocrx_word' id='word_1_308' title='bbox 590 2458 698 2496; x_wconf 80' lang='lat' dir='ltr'><strong>cauo‚’</strong></span> <span class='ocrx_word' id='word_1_309' title='bbox 716 2462 777 2489; x_wconf 55' lang='lat' dir='ltr'><strong>&amp;a</strong></span> 
     </span>
    </p>

    <p class='ocr_par' dir='ltr' id='par_1_21' title="bbox 253 2509 950 2649">
     <span class='ocr_line' id='line_1_44' title="bbox 293 2509 945 2548; baseline 0 -8"><span class='ocrx_word' id='word_1_310' title='bbox 293 2512 356 2540; x_wconf 82' lang='lat'><strong>535</strong></span> <span class='ocrx_word' id='word_1_311' title='bbox 398 2509 543 2548; x_wconf 79' lang='lat' dir='ltr'><strong>Corpore]</strong></span> <span class='ocrx_word' id='word_1_312' title='bbox 588 2509 760 2548; x_wconf 79' lang='lat' dir='ltr'><strong>AEneidos,</strong></span> <span class='ocrx_word' id='word_1_313' title='bbox 797 2509 945 2541; x_wconf 81' lang='lat' dir='ltr'><strong>scilicet:</strong></span> 
     </span>
     <span class='ocr_line' id='line_1_45' title="bbox 253 2558 950 2599; baseline 0.001 -11"><span class='ocrx_word' id='word_1_314' title='bbox 253 2567 397 2599; x_wconf 84' lang='lat' dir='ltr'><strong>namque</strong></span> <span class='ocrx_word' id='word_1_315' title='bbox 428 2564 565 2599; x_wconf 84' lang='lat' dir='ltr'><strong>quartus</strong></span> <span class='ocrx_word' id='word_1_316' title='bbox 590 2559 662 2599; x_wconf 80' lang='lat' dir='ltr'><strong>ejus</strong></span> <span class='ocrx_word' id='word_1_317' title='bbox 694 2558 781 2589; x_wconf 84' lang='lat' dir='ltr'><strong>liber</strong></span> <span class='ocrx_word' id='word_1_318' title='bbox 807 2559 889 2589; x_wconf 82' lang='lat' dir='ltr'><strong>artis</strong></span> <span class='ocrx_word' id='word_1_319' title='bbox 915 2562 950 2589; x_wconf 87' lang='lat' dir='ltr'><strong>et</strong></span> 
     </span>
     <span class='ocr_line' id='line_1_46' title="bbox 253 2608 758 2649; baseline 0.004 -12"><span class='ocrx_word' id='word_1_320' title='bbox 253 2608 427 2638; x_wconf 76' lang='lat' dir='ltr'><strong>suavitatis</strong></span> <span class='ocrx_word' id='word_1_321' title='bbox 447 2609 550 2640; x_wconf 81' lang='lat' dir='ltr'><strong>habet</strong></span> <span class='ocrx_word' id='word_1_322' title='bbox 569 2610 758 2649; x_wconf 87' lang='lat' dir='ltr'><strong>plurimum.</strong></span> 
     </span>
    </p>

    <p class='ocr_par' dir='ltr' id='par_1_22' title="bbox 255 2658 949 2746">
     <span class='ocr_line' id='line_1_47' title="bbox 296 2658 948 2699; baseline 0.006 -13"><span class='ocrx_word' id='word_1_323' title='bbox 296 2658 359 2686; x_wconf 77' lang='lat'><strong>530</strong></span> <span class='ocrx_word' id='word_1_324' title='bbox 369 2658 440 2687; x_wconf 84' lang='lat' dir='ltr'><strong>Non</strong></span> <span class='ocrx_word' id='word_1_325' title='bbox 451 2658 605 2698; x_wconf 75' lang='lat' dir='ltr'><strong>legitimo]</strong></span> <span class='ocrx_word' id='word_1_326' title='bbox 618 2659 801 2699; x_wconf 83' lang='lat' dir='ltr'><strong>Legitimus</strong></span> <span class='ocrx_word' id='word_1_327' title='bbox 816 2660 948 2691; x_wconf 82' lang='lat' dir='ltr'><strong>videtur</strong></span> 
     </span>
     <span class='ocr_line' id='line_1_48' title="bbox 255 2703 949 2746; baseline 0.009 -10"><span class='ocrx_word' id='word_1_328' title='bbox 255 2703 422 2746; x_wconf 78' lang='lat' dir='ltr'><strong>siquidem</strong></span> <span class='ocrx_word' id='word_1_329' title='bbox 435 2706 577 2740; x_wconf 70' lang='lat' dir='ltr'><strong>sunonis</strong></span> <span class='ocrx_word' id='word_1_330' title='bbox 593 2713 629 2741; x_wconf 82' lang='lat' dir='ltr'><strong>ct</strong></span> <span class='ocrx_word' id='word_1_331' title='bbox 643 2710 786 2742; x_wconf 77' lang='lat' dir='ltr'><strong>Veneris</strong></span> <span class='ocrx_word' id='word_1_332' title='bbox 808 2710 949 2742; x_wconf 84' lang='lat' dir='ltr'><strong>consilio</strong></span> 
     </span>
    </p>
   </div>
   <div class='ocr_carea' id='block_1_17' title="bbox 1000 2066 1700 2746">
    <p class='ocr_par' dir='ltr' id='par_1_23' title="bbox 1000 2066 1698 2155">
     <span class='ocr_line' id='line_1_49' title="bbox 1000 2066 1698 2107; baseline 0.004 -11"><span class='ocrx_word' id='word_1_333' title='bbox 1000 2066 1252 2105; x_wconf 70' lang='lat' dir='ltr'><strong>conglutinatus</strong></span> <span class='ocrx_word' id='word_1_334' title='bbox 1272 2078 1278 2096; x_wconf 75' lang='grc' dir='ltr'><strong><em>ι</em></strong></span> <span class='ocrx_word' id='word_1_335' title='bbox 1304 2072 1339 2096; x_wconf 82' lang='lat' dir='ltr'><strong>at</strong></span> <span class='ocrx_word' id='word_1_336' title='bbox 1361 2067 1566 2107; x_wconf 80' lang='lat' dir='ltr'><strong>Jovisjussu</strong></span> <span class='ocrx_word' id='word_1_337' title='bbox 1588 2070 1624 2099; x_wconf 86' lang='lat' dir='ltr'><strong>et</strong></span> <span class='ocrx_word' id='word_1_338' title='bbox 1643 2077 1698 2099; x_wconf 85' lang='lat' dir='ltr'><strong>ur-</strong></span> 
     </span>
     <span class='ocr_line' id='line_1_50' title="bbox 1000 2115 1581 2155; baseline 0.005 -10"><span class='ocrx_word' id='word_1_339' title='bbox 1000 2115 1157 2155; x_wconf 73' lang='lat' dir='ltr'><strong>gentibus</strong></span> <span class='ocrx_word' id='word_1_340' title='bbox 1176 2115 1253 2145; x_wconf 58' lang='lat' dir='ltr'><strong>fatis</strong></span> <span class='ocrx_word' id='word_1_341' title='bbox 1271 2117 1489 2155; x_wconf 75' lang='lat' dir='ltr'><strong>perturbatus</strong></span> <span class='ocrx_word' id='word_1_342' title='bbox 1503 2117 1581 2148; x_wconf 82' lang='lat' dir='ltr'><strong>fuit.</strong></span> 
     </span>
    </p>

    <p class='ocr_par' dir='ltr' id='par_1_24' title="bbox 1002 2165 1700 2292">
     <span class='ocr_line' id='line_1_51' title="bbox 1045 2165 1700 2208; baseline 0.008 -14"><span class='ocrx_word' id='word_1_343' title='bbox 1045 2168 1105 2194; x_wconf 82' lang='lat'><strong>537</strong></span> <span class='ocrx_word' id='word_1_344' title='bbox 1136 2165 1302 2205; x_wconf 74' lang='lat' dir='ltr'><strong>Phyllidis]</strong></span> <span class='ocrx_word' id='word_1_345' title='bbox 1330 2166 1413 2205; x_wconf 80' lang='lat' dir='ltr'><strong>Ejus</strong></span> <span class='ocrx_word' id='word_1_346' title='bbox 1429 2172 1463 2197; x_wconf 82' lang='lat' dir='ltr'><strong>et</strong></span> <span class='ocrx_word' id='word_1_347' title='bbox 1479 2166 1700 2208; x_wconf 73' lang='lat' dir='ltr'><strong>Amaryllidis</strong></span> 
     </span>
     <span class='ocr_line' id='line_1_52' title="bbox 1002 2214 1696 2252; baseline 0.01 -11"><span class='ocrx_word' id='word_1_348' title='bbox 1002 2221 1133 2242; x_wconf 81' lang='lat' dir='ltr'><strong>amores</strong></span> <span class='ocrx_word' id='word_1_349' title='bbox 1160 2214 1192 2242; x_wconf 91' lang='lat' dir='ltr'><strong>in</strong></span> <span class='ocrx_word' id='word_1_350' title='bbox 1209 2215 1344 2252; x_wconf 81' lang='lat' dir='ltr'><strong>Virgilii</strong></span> <span class='ocrx_word' id='word_1_351' title='bbox 1373 2216 1544 2247; x_wconf 84' lang='lat' dir='ltr'><strong>Bucolicis</strong></span> <span class='ocrx_word' id='word_1_352' title='bbox 1569 2216 1696 2248; x_wconf 84' lang='lat' dir='ltr'><strong>descri-</strong></span> 
     </span>
     <span class='ocr_line' id='line_1_53' title="bbox 1002 2261 1136 2292; baseline -0.007 0"><span class='ocrx_word' id='word_1_353' title='bbox 1002 2261 1136 2292; x_wconf 85' lang='lat' dir='ltr'><strong>buntur.</strong></span> 
     </span>
    </p>

    <p class='ocr_par' dir='ltr' id='par_1_25' title="bbox 1042 2310 1697 2353">
     <span class='ocr_line' id='line_1_54' title="bbox 1042 2310 1697 2353; baseline 0.009 -13"><span class='ocrx_word' id='word_1_354' title='bbox 1042 2313 1105 2341; x_wconf 83' lang='lat'><strong>539</strong></span> <span class='ocrx_word' id='word_1_355' title='bbox 1124 2310 1206 2350; x_wconf 61' lang='lat' dir='ltr'><strong>[sno]</strong></span> <span class='ocrx_word' id='word_1_356' title='bbox 1233 2311 1421 2350; x_wconf 73' lang='lat' dir='ltr'><strong>Amatoria,</strong></span> <span class='ocrx_word' id='word_1_357' title='bbox 1438 2312 1480 2343; x_wconf 86' lang='lat' dir='ltr'><strong>(le</strong></span> <span class='ocrx_word' id='word_1_358' title='bbox 1492 2323 1558 2353; x_wconf 88' lang='lat' dir='ltr'><strong>quo</strong></span> <span class='ocrx_word' id='word_1_359' title='bbox 1574 2314 1697 2353; x_wconf 78' lang='lat' dir='ltr'><strong>agitur.</strong></span> 
     </span>
    </p>

    <p class='ocr_par' dir='ltr' id='par_1_26' title="bbox 1000 2361 1696 2501">
     <span class='ocr_line' id='line_1_55' title="bbox 1042 2361 1696 2403; baseline 0.008 -13"><span class='ocrx_word' id='word_1_360' title='bbox 1042 2363 1104 2390; x_wconf 69' lang='lat'><strong>540</strong></span> <span class='ocrx_word' id='word_1_361' title='bbox 1119 2361 1189 2390; x_wconf 80' lang='lat' dir='ltr'><strong>Non</strong></span> <span class='ocrx_word' id='word_1_362' title='bbox 1206 2361 1297 2400; x_wconf 78' lang='lat' dir='ltr'><strong>nova]</strong></span> <span class='ocrx_word' id='word_1_363' title='bbox 1315 2362 1402 2393; x_wconf 75' lang='lat' dir='ltr'><strong>Quia</strong></span> <span class='ocrx_word' id='word_1_364' title='bbox 1413 2362 1485 2401; x_wconf 84' lang='lat' dir='ltr'><strong>jam</strong></span> <span class='ocrx_word' id='word_1_365' title='bbox 1497 2363 1574 2392; x_wconf 86' lang='lat' dir='ltr'><strong>olim</strong></span> <span class='ocrx_word' id='word_1_366' title='bbox 1584 2363 1696 2403; x_wconf 61' lang='lat' dir='ltr'><strong>poetae</strong></span> 
     </span>
     <span class='ocr_line' id='line_1_56' title="bbox 1000 2411 1696 2452; baseline 0.007 -12"><span class='ocrx_word' id='word_1_367' title='bbox 1000 2411 1163 2440; x_wconf 81' lang='lat' dir='ltr'><strong>amatoria</strong></span> <span class='ocrx_word' id='word_1_368' title='bbox 1175 2412 1397 2450; x_wconf 74' lang='lat' dir='ltr'><strong>scripserunt,</strong></span> <span class='ocrx_word' id='word_1_369' title='bbox 1407 2422 1448 2442; x_wconf 81' lang='lat' dir='ltr'><strong>ex</strong></span> <span class='ocrx_word' id='word_1_370' title='bbox 1460 2412 1579 2452; x_wconf 83' lang='lat' dir='ltr'><strong>quibus</strong></span> <span class='ocrx_word' id='word_1_371' title='bbox 1588 2414 1696 2445; x_wconf 85' lang='lat' dir='ltr'><strong>nullus</strong></span> 
     </span>
     <span class='ocr_line' id='line_1_57' title="bbox 1002 2460 1395 2501; baseline 0.008 -12"><span class='ocrx_word' id='word_1_372' title='bbox 1002 2469 1099 2499; x_wconf 76' lang='lat' dir='ltr'><strong>poena</strong></span> <span class='ocrx_word' id='word_1_373' title='bbox 1116 2461 1227 2501; x_wconf 83' lang='lat' dir='ltr'><strong>aliqua</strong></span> <span class='ocrx_word' id='word_1_374' title='bbox 1244 2460 1395 2492; x_wconf 73' lang='lat' dir='ltr'><strong>affectus.</strong></span> 
     </span>
    </p>

    <p class='ocr_par' dir='ltr' id='par_1_27' title="bbox 1003 2511 1696 2594">
     <span class='ocr_line' id='line_1_58' title="bbox 1046 2511 1696 2551; baseline 0.009 -11"><span class='ocrx_word' id='word_1_375' title='bbox 1046 2511 1181 2551; x_wconf 79' lang='lat' dir='ltr'><strong>Novum]</strong></span> <span class='ocrx_word' id='word_1_376' title='bbox 1218 2513 1292 2543; x_wconf 75' lang='lat' dir='ltr'><strong>Quo</strong></span> <span class='ocrx_word' id='word_1_377' title='bbox 1316 2511 1348 2540; x_wconf 87' lang='lat' dir='ltr'><strong>in</strong></span> <span class='ocrx_word' id='word_1_378' title='bbox 1367 2512 1531 2542; x_wconf 74' lang='lat' dir='ltr'><strong>nemiuem</strong></span> <span class='ocrx_word' id='word_1_379' title='bbox 1548 2517 1626 2545; x_wconf 81' lang='lat' dir='ltr'><strong>ante</strong></span> <span class='ocrx_word' id='word_1_380' title='bbox 1642 2523 1696 2545; x_wconf 85' lang='lat' dir='ltr'><strong>me</strong></span> 
     </span>
     <span class='ocr_line' id='line_1_59' title="bbox 1003 2559 1590 2594; baseline 0.005 -3"><span class='ocrx_word' id='word_1_381' title='bbox 1003 2559 1045 2591; x_wconf 92' lang='lat' dir='ltr'><strong>ob</strong></span> <span class='ocrx_word' id='word_1_382' title='bbox 1061 2560 1144 2590; x_wconf 81' lang='lat' dir='ltr'><strong>hauc</strong></span> <span class='ocrx_word' id='word_1_383' title='bbox 1161 2570 1293 2591; x_wconf 79' lang='lat' dir='ltr'><strong>causam</strong></span> <span class='ocrx_word' id='word_1_384' title='bbox 1311 2561 1590 2594; x_wconf 81' lang='lat' dir='ltr'><strong>animadversum.</strong></span> 
     </span>
    </p>

    <p class='ocr_par' dir='ltr' id='par_1_28' title="bbox 1001 2611 1698 2746">
     <span class='ocr_line' id='line_1_60' title="bbox 1044 2611 1698 2652; baseline 0.005 -12"><span class='ocrx_word' id='word_1_385' title='bbox 1044 2612 1104 2640; x_wconf 71' lang='lat'><strong>541</strong></span> <span class='ocrx_word' id='word_1_386' title='bbox 1130 2611 1268 2650; x_wconf 76' lang='lat' dir='ltr'><strong>Delicta]</strong></span> <span class='ocrx_word' id='word_1_387' title='bbox 1298 2612 1389 2642; x_wconf 64' lang='lat' dir='ltr'><strong>Naso</strong></span> <span class='ocrx_word' id='word_1_388' title='bbox 1402 2621 1474 2642; x_wconf 83' lang='lat' dir='ltr'><strong>sese</strong></span> <span class='ocrx_word' id='word_1_389' title='bbox 1488 2616 1698 2652; x_wconf 65' lang='lat' dir='ltr'><strong>praetereun-</strong></span> 
     </span>
     <span class='ocr_line' id='line_1_61' title="bbox 1003 2661 1696 2702; baseline 0.006 -12"><span class='ocrx_word' id='word_1_390' title='bbox 1003 2665 1072 2691; x_wconf 82' lang='lat' dir='ltr'><strong>tem</strong></span> <span class='ocrx_word' id='word_1_391' title='bbox 1106 2661 1253 2701; x_wconf 81' lang='lat' dir='ltr'><strong>equitem</strong></span> <span class='ocrx_word' id='word_1_392' title='bbox 1287 2662 1327 2692; x_wconf 86' lang='lat' dir='ltr'><strong>ab</strong></span> <span class='ocrx_word' id='word_1_393' title='bbox 1360 2661 1514 2702; x_wconf 82' lang='lat' dir='ltr'><strong>Augusto</strong></span> <span class='ocrx_word' id='word_1_394' title='bbox 1548 2663 1696 2694; x_wconf 86' lang='lat' dir='ltr'><strong>censore</strong></span> 
     </span>
     <span class='ocr_line' id='line_1_62' title="bbox 1001 2709 1696 2746; baseline 0.009 -6"><span class='ocrx_word' id='word_1_395' title='bbox 1001 2709 1137 2742; x_wconf 85' lang='lat' dir='ltr'><strong>minime</strong></span> <span class='ocrx_word' id='word_1_396' title='bbox 1167 2714 1320 2745; x_wconf 85' lang='lat' dir='ltr'><strong>notatum</strong></span> <span class='ocrx_word' id='word_1_397' title='bbox 1335 2711 1419 2745; x_wconf 87' lang='lat' dir='ltr'><strong>dicit</strong></span> <span class='ocrx_word' id='word_1_398' title='bbox 1440 2712 1474 2745; x_wconf 88' lang='lat' dir='ltr'><strong>in</strong></span> <span class='ocrx_word' id='word_1_399' title='bbox 1498 2712 1696 2746; x_wconf 82' lang='lat' dir='ltr'><strong>transvecti-</strong></span> 
     </span>
    </p>
   </div>
  </div>
 </body>
</html>
