1877 3193
260 134 383 177 2466-
744 142 785 173 P.
817 140 976 172 ovmn
1009 138 1223 170 NAsouls

261 240 364 295 Ipse
383 239 539 294 loquor
558 250 743 288 mecum,
764 237 1035 290 desuetaque
1055 235 1193 277 verba
1210 238 1392 277 retracto
1409 247 1421 287 ;

274 308 277 310 ’
319 307 375 349 Et
394 306 531 348 studii
546 309 693 360 repeto
714 305 839 357 signa
860 303 1036 345 sinistra
1055 302 1156 343 mei.

262 374 337 416 Sic
358 375 547 416 animum
567 377 827 428 tempusque
848 371 973 413 traho
994 385 1004 413 :
1035 383 1192 425 meque
1213 369 1311 423 ipse
1331 368 1491 411 reduco
1655 368 1712 409 65

319 440 363 482 A
383 441 692 494 contemplatu,
714 451 1072 494 summoveoque,
1093 437 1212 479 mali.

264 507 542 550 Carminibus
563 519 714 562 quaero
733 507 985 547 miserarum
1006 507 1170 547 oblivia
1189 517 1346 546 rerum.

321 576 516 617 Praemia
536 576 575 617 si
596 574 738 616 studio
759 586 1006 628 consequor
1025 574 1125 624 ista,
1148 576 1218 614 sat
1234 576 1314 613 est.

262 715 347 746 sono,
363 714 418 745 ego
435 706 538 746 loquor
558 713 687 741 mecum,
709 706 739 733 et
763 706 868 742 repeto
891 712 976 734 voces
995 703 1177 734 obliteratus
1188 713 1202 741 ,·
1223 705 1314 743 atque
1341 701 1440 732 recolo
1465 701 1555 740 signa
1576 698 1715 738 infelicia

263 748 324 779 mei
338 747 446 778 studii.
491 747 544 777 Ita
571 745 689 786 decipio
716 745 854 775 animum
880 748 911 775 et
934 748 1074 785 temptum
1102 749 1133 776 et
1161 745 1226 785 ipse
1251 754 1298 775 me
1312 754 1417 775 revoco
1430 746 1521 783 atque
1534 743 1662 774 retraho
1675 741 1714 773 ab

263 790 384 822 intuitu
408 789 609 820 calamitatis.
655 788 820 818 Consector
848 785 1031 818 oblivionem
1052 796 1157 818 rerum
1184 787 1366 818 miserorum
1395 786 1542 819 versibus.
1587 785 1717 816 Abunde

265 836 310 864 est
325 832 353 864 si
366 835 490 873 reporto
504 831 597 862 istam
612 830 780 862 mercedem
793 829 907 861 studio.

874 922 1110 934 ”testate-ecoe

264 990 343 1024 libri
367 990 459 1031 signa
481 989 647 1026 ministra‚·
679 992 715 1021 et
741 998 828 1021 unus
855 988 948 1020 verba
969 989 1116 1020 sinistra:
1154 988 1274 1020 Heins.
1298 989 1387 1029 conj.
1417 998 1506 1019 sacra
1531 988 1718 1019 sinistra.—

265 1037 307 1066 65
333 1033 436 1065 Liber
460 1033 505 1064 V.
532 1042 579 1064 me
605 1033 722 1073 sicque,
747 1032 846 1064 multi
881 1042 1066 1073 mecumque,
1090 1032 1184 1064 Med.
1212 1034 1392 1071 maestusque
1422 1032 1628 1062 remea—66
1651 1030 1719 1062 Ms.

267 1077 400 1108 Bersm.
423 1075 453 1107 A
478 1076 679 1116 contemplato
692 1083 942 1115 summoveoque.-
963 1075 1021 1105 alii
1040 1084 1232 1115 semoveoque
1248 1074 1301 1105 vel
1316 1075 1530 1114 dimoveoque;
1554 1077 1590 1103 at
1604 1072 1717 1103 melio-

268 1128 334 1158 res,
350 1121 438 1150 teste
455 1118 574 1148 Heius.
589 1127 828 1158 summoveoque.
869 1118 954 1148 Tum
970 1117 1047 1149 Pol.
1063 1121 1099 1148 et
1115 1122 1247 1158 septem
1272 1117 1327 1147 alii
1342 1117 1519 1149 malm—68
1544 1115 1718 1156 Consequor

267 1161 387 1193 Heius.
398 1160 533 1201 recepit
548 1169 592 1191 ex
607 1169 659 1201 pr.
674 1160 719 1192 V.
733 1165 770 1192 et
783 1169 850 1191 uno
867 1160 961 1191 Med.
978 1169 1041 1201 pro
1056 1160 1148 1201 vulg.
1163 1169 1340 1200 consequar.

920 1255 1065 1287 NOTAE

310 1334 352 1362 64
375 1328 492 1370 Signa]
518 1327 641 1368 Voces,
656 1327 798 1360 scilicet.
1022 1327 1186 1369 temporis
1204 1328 1341 1359 taedium
1358 1327 1504 1367 decipio.

312 1378 467 1418 Sinistra]
508 1378 598 1410 Quia
620 1381 762 1419 propter
785 1387 886 1410 voces
909 1382 969 1410 aut
1063 1382 1105 1410 68
1142 1379 1202 1410 Sat
1225 1377 1287 1418 est]
1326 1378 1480 1418 Namque
1508 1374 1602 1407 aliud
1631 1375 1719 1407 bene

270 1437 386 1462 versus
402 1428 506 1460 exilio
521 1427 648 1468 pulsus,
1022 1438 1122 1460 sanus
1138 1429 1219 1470 quid
1234 1428 1339 1470 possit
1354 1438 1397 1460 ex
1415 1428 1573 1460 universo
1594 1427 1720 1459 mundo

311 1483 352 1511 65
376 1478 523 1511 Animum
534 1477 723 1519 tempusque]
747 1478 852 1509 Caras
865 1482 969 1519 atque
1023 1478 1208 1520 consequi?

737 1861 1059 1913 ELEGIA
1114 1862 1261 1911 VIII.

825 2024 1182 2059 ARGUMENTUM.

276 2122 461 2154 ΙΝιΜιουΜ
477 2120 541 2152 sibi
556 2120 774 2152 insultantem
790 2124 917 2159 monet,
931 2123 982 2161 ut,
994 2130 1123 2152 memor
1140 2121 1286 2153 fortunae
1301 2120 1418 2160 varim,
1432 2119 1570 2153 minime
1584 2121 1723 2153 laetetur

316 2175 390 2214 ejus
406 2173 508 2205 exilio
520 2176 557 2204 et
581 2172 699 2204 ruina:
723 2173 997 2213 quandoquidem
1012 2174 1118 2213 possit
1135 2174 1292 2205 accidere
1310 2179 1347 2205 ut
1368 2174 1403 2204 iu
1428 2174 1574 2214 patriam
1589 2174 1720 2213 redeat,

316 2225 478 2266 illumque
492 2224 609 2256 videat
625 2225 777 2266 graviore
794 2225 906 2266 aliqua
921 2234 1022 2256 causa
1036 2224 1203 2265 fugatum.

277 2318 411 2380 NON
435 2338 544 2379 adeo
565 2336 723 2386 cecidi,
745 2336 945 2389 quamvis
964 2336 1179 2390 dejectus,
1199 2339 1247 2376 ut
1264 2335 1373 2377 infra

333 2406 400 2448 Te
420 2417 593 2460 quoque
614 2402 698 2444 sim
715 2416 726 2444 ε
755 2402 933 2444 inferius
953 2415 1043 2456 quo
1059 2402 1166 2442 nihil
1185 2415 1280 2443 esse
1300 2405 1461 2456 potest.

322 2520 395 2553 Non
410 2519 484 2551 adeo
506 2526 574 2549 sum
598 2518 769 2558 depressus,
792 2516 929 2557 quamvis
948 2519 1134 2557 prostratus,
1154 2520 1189 2548 ut
1212 2517 1270 2548 sim
1296 2518 1389 2548 etium
1402 2517 1487 2556 infra
1502 2522 1552 2557 te;
1573 2530 1630 2561 quo
1644 2520 1723 2553 nihil

931 2614 1070 2646 NOTAE

500 2690 518 2719 1
544 2686 665 2728 cecidi]
687 2686 768 2719 Sum
790 2690 979 2729 prostratus
995 2690 1097 2730 atque
1112 2688 1276 2729 protritus
1291 2698 1365 2720 meo
1380 2688 1495 2721 exilio.
