1877 3193
204 168 319 209 2550
699 176 737 206 P.
770 173 930 204 ovmu
964 171 1177 203 NAsouls

204 272 270 314 Te
290 271 421 312 modo
442 270 635 323 Campus
655 269 801 317 habet,
825 267 961 307 densa
983 265 1111 306 modo
1134 264 1330 318 porticus
1349 265 1530 306 umbra:
1606 266 1664 306 65

266 340 413 386 Nunc,
436 340 479 378 in
502 351 589 391 quo
612 337 741 390 ponis
762 339 956 388 tempora
979 347 1090 382 rara,
1116 333 1292 374 Forum.

209 407 395 450 Umbria
417 419 527 446 nuuc
549 408 729 446 revocat
747 417 757 444 t
789 416 867 443 nec
889 415 976 442 non
998 401 1174 441 Albana
1193 401 1408 454 petentem

266 474 416 528 Appia
438 474 615 513 ferventi
638 472 758 512 ducit
777 471 819 510 in
840 482 945 510 arva
965 473 1071 509 rota.

210 542 416 583 Forsitan
438 541 506 581 hic
529 544 671 593 optes,
705 543 751 578 ut
764 538 932 592 justam
949 537 1195 591 supprimat
1214 537 1324 577 iram

267 609 446 659 Caesar;
479 613 520 648 et
540 607 779 659 hospitium
802 608 860 646 sit
880 611 955 646 tua
971 606 1078 646 villa
1097 617 1255 645 meum.
1612 602 1669 644 70

213 676 286 719 Ah
306 678 488 717 nimium
513 679 596 722 est,
620 674 753 725 quod,
777 674 935 721 amice,
956 674 1098 725 petis!
1129 671 1398 713 moderatius
1420 673 1553 725 opta:

270 745 326 786 Et
343 744 448 792 voti,
472 753 641 795 quaeso,
664 739 867 779 contrahe
887 739 984 779 vela
1003 740 1082 780 tui.

211 811 345 853 Terra
366 811 494 851 velim
514 807 709 862 propior,
731 805 923 858 nullique
944 805 1144 846 obnoxia
1163 806 1282 846 bello

272 878 432 918 Detur:
464 876 544 916 erit
564 874 724 915 nostris
746 886 852 926 pars
873 873 991 914 bona
1011 873 1156 914 demta
1173 873 1318 914 malis.

214 1008 326 1047 corde)
343 1009 498 1039 ‹lua-erunt
514 1007 573 1038 tibi
597 1006 736 1037 nascenti
747 1007 810 1047 fila
825 1006 942 1039 valida.
988 1007 1083 1038 Nunc
1101 1007 1236 1046 Campus
1259 1009 1290 1037 te
1315 1008 1410 1044 tenet,
1434 1014 1512 1035 ‘nunc
1530 1004 1675 1035 Porticus

214 1052 321 1082 umbra
342 1061 458 1090 opaca:
482 1061 560 1081 nunc
576 1050 683 1088 forum
698 1050 747 1080 cuz·
772 1051 827 1080 clas
851 1051 998 1089 emiguum
1025 1050 1181 1090 temporis,
1230 1049 1319 1079 Nunc
1341 1048 1469 1079 Umbria
1485 1052 1519 1078 te
1534 1049 1654 1077 revocat
1666 1056 1677 1081 ,·

215 1099 243 1125 rt
262 1094 366 1133 Appia
382 1093 465 1123 (lucit
483 1097 604 1123 euntem
620 1094 651 1123 in
666 1102 759 1131 agros
778 1092 912 1123 Albanos
925 1096 996 1123 rota
1015 1092 1154 1131 fervida.
1200 1092 1295 1122 Forte
1309 1091 1359 1121 hic
1374 1100 1493 1127 voveas,
1519 1092 1554 1120 ut
1572 1089 1678 1119 Caesar

216 1137 382 1174 extinguat
390 1137 509 1174 justam
526 1136 604 1165 iram
618 1147 629 1172 ;
652 1139 682 1166 et
707 1136 780 1166 villa
796 1139 850 1165 tua
866 1136 909 1166 sit
931 1146 1029 1166 meum
1050 1134 1264 1166 diversorium.
1309 1135 1359 1165 ΑΙι
1376 1133 1485 1171 amice,
1500 1133 1577 1172 quod
1592 1134 1681 1172 optas

217 1182 261 1209 ese
277 1178 430 1209 nimium!
452 1188 524 1208 vore
540 1180 663 1213 minus;
686 1182 728 1215 et,
747 1187 867 1218 precor,
893 1188 967 1216 coge
993 1179 1059 1208 vela
1087 1178 1134 1209 tui
1158 1176 1316 1208 desiderii.
1363 1177 1475 1216 Optem
1490 1175 1586 1205 solum
1608 1183 1680 1214 pro·

217 1222 298 1261 pius,
323 1225 352 1269 ef
378 1221 456 1251 nulli
479 1220 553 1251 bello
577 1224 782 1260 opportunum
808 1220 889 1251 mihi
915 1222 1114 1252 concedatur.-
1135 1230 1209 1260 pars
1225 1220 1321 1251 multa
1336 1218 1396 1250 erit
1411 1219 1553 1249 detracta
1568 1216 1683 1248 nostris

217 1273 374 1294 ‹mamm-3.

833 1344 1069 1355 eeeeeeeeeeee

221 1413 261 1441 63
286 1411 365 1440 Duo
381 1410 456 1441 libri
478 1410 534 1440 tib.
551 1410 713 1445 marcenti,
730 1410 908 1449 (μισῶ-66
931 1408 1128 1440 Medonian.
1145 1419 1203 1449 quo
1227 1418 1321 1449 ponas
1345 1411 1436 1448 temp.
1460 1406 1548 1447 quod
1565 1408 1683 1438 Burni.

222 1453 447 1483 arridet—67
476 1454 567 1482 Nunc
584 1462 626 1482 ex
654 1452 847 1482 melioribus
875 1452 1025 1490 reposuit
1053 1461 1113 1491 pro
1139 1452 1228 1490 vulg.
1253 1454 1295 1481 te.
1341 1451 1423 1481 Mox
1453 1460 1514 1489 pro
1539 1460 1593 1480 nec
1618 1450 1683 1479 duo

222 1494 300 1524 libri
315 1504 415 1524 nmio:
441 1494 560 1525 Heins.
585 1494 673 1533 conj.
706 1493 836 1523 Umbria
850 1503 931 1522 num:
947 1496 1082 1530 revocat,
1104 1498 1135 1523 te
1151 1503 1229 1523 nunc
1246 1495 1288 1523 A.
1310 1495 1428 1532 p.—68
1455 1492 1491 1522 ln
1517 1502 1592 1523 arva
1617 1502 1685 1522 me·

222 1536 336 1575 liores,
362 1541 450 1567 teste
469 1536 588 1566 Heius.
607 1540 641 1566 at
658 1536 791 1576 quidam
809 1538 893 1565 vett.
910 1534 948 1564 ab
964 1534 1056 1564 urbe.-
1081 1539 1116 1565 et
1144 1544 1205 1574 pro
1221 1538 1290 1564 rota
1307 1539 1382 1564 erat
1406 1535 1440 1564 iu
1452 1535 1567 1565 multis
1582 1544 1685 1566 manu.

222 1580 342 1611 Burm.
364 1580 427 1609 hoc
444 1578 610 1610 distichon
628 1579 675 1609 ita
691 1578 858 1617 refingere
876 1576 1027 1615 volebat,
1047 1577 1177 1607 Umbria
1192 1587 1272 1607 nunc
1294 1580 1429 1614 revocat,
1451 1586 1529 1607 nunc
1554 1586 1629 1607 rura
1643 1577 1687 1608 Α.

221 1632 253 1661 p.
277 1622 382 1662 Appia
401 1621 432 1660 f.
458 1623 489 1652 d.
521 1622 558 1652 ab
585 1622 658 1651 urbe
682 1623 853 1651 romu—69
877 1620 944 1651 Hic
960 1629 1035 1650 cuin
1051 1620 1105 1650 Sa.
1135 1620 1210 1650 Pol.
1228 1624 1263 1650 et
1281 1619 1388 1649 tribus
1403 1619 1477 1649 aliis
1495 1623 1529 1649 et
1546 1628 1598 1659 pr.
1622 1619 1687 1651 Ed.

224 1665 341 1704 placet
356 1665 474 1696 Heius.
494 1674 562 1703 prae
581 1665 669 1703 vulg.
687 1664 753 1694 hoc.
799 1663 882 1693 Mox
901 1672 984 1693 unus
1001 1663 1043 1693 V.
1059 1663 1140 1700 just.
1165 1662 1345 1702 comprimat
1361 1662 1404 1693 ir.
1427 1666 1462 1693 et
1478 1661 1527 1692 sic
1543 1666 1687 1703 quatuor

227 1707 347 1738 Heius.
364 1717 449 1737 unus
465 1707 588 1748 ι1ἰιιὲα1ἓς
612 1712 647 1738 et
667 1707 730 1744 legi
748 1706 850 1736 etiam
867 1707 1022 1745 deprimat
1040 1705 1175 1735 Merula
1192 1707 1436 1736 testatur.—7l
1460 1703 1501 1735 Τὸ
1525 1707 1570 1736 est
1594 1704 1689 1736 multi

226 1759 291 1780 non
309 1756 510 1790 agnoscunt.
556 1750 648 1780 Puto
666 1749 715 1780 Ah
730 1749 861 1780 nimium
879 1748 965 1788 quid,
980 1748 1087 1789 amice,
1099 1746 1207 1789 petis?
1232 1748 1354 1779 Heius.

884 1842 1023 1874 NOTAE

272 1922 311 1950 65
339 1919 488 1960 Campus]
515 1919 679 1951 Martium
695 1919 935 1961 intellige,ubi
1032 1922 1074 1950 68
1104 1917 1224 1960 Appia]
1268 1919 1347 1959 via,
1377 1918 1523 1958 scilicet,
1553 1915 1595 1948 de
1624 1926 1691 1958 qua

231 1970 496 2002 exercitationes
513 1975 548 2001 et
562 1971 762 2001 certamina.
992 1972 1090 2012 paulo
1107 1975 1220 2002 antea.

276 2024 399 2064 Densa]
441 2024 588 2063 Propter
615 2023 796 2063 adjunctos
818 2024 935 2054 hortos
1034 2022 1196 2062 Fer-venti]
1239 2022 1317 2054 Cita
1334 2021 1506 2062 adeoque3
1536 2019 1625 2062 quod
1650 2018 1692 2050 ad

233 2083 440 2104 nemorosos,
991 2074 1201 2113 voluptatem
1212 2072 1297 2104 facit
1308 2072 1465 2103 maxime.
1483 2071 1694 2102 Incalescere

276 2127 318 2154 66
342 2123 446 2162 Rara]
476 2123 565 2155 Quia
582 2123 637 2153 vix
655 2123 746 2154 aliud
763 2124 870 2163 magis
887 2123 936 2154 in·
992 2129 1104 2154 autem
1130 2128 1221 2154 rotas
1241 2133 1316 2164 quae
1340 2122 1498 2154 celeriter
1520 2124 1696 2152 moventur

235 2174 341 2203 visum
366 2172 507 2203 cordato
533 2173 604 2203 viro
621 2182 721 2213 quam
745 2171 855 2203 forum
878 2177 937 2203 aut
993 2173 1119 2203 frustra
1133 2173 1379 2203 admonuerim.

236 2225 325 2255 lites.
1035 2225 1077 2252 69
1104 2221 1217 2261 Optes]
1242 2217 1635 2252 Admodumverecunde
1647 2217 1695 2248 of-

279 2277 319 2306 67
348 2272 492 2311 Umbria]
536 2272 622 2305 Quae
639 2271 732 2312 regio
754 2272 842 2303 inter
857 2272 938 2302 Tus·
992 2270 1060 2302 ficii
1076 2271 1238 2301 Severum
1255 2271 1424 2301 admonet.

239 2335 295 2355 cos
318 2330 352 2355 et
377 2323 516 2354 Sabinos
534 2322 699 2363 jacebat;
725 2321 782 2352 ubi
807 2322 940 2362 procul-
1037 2323 1078 2351 72
1105 2320 1272 2360 contrahe]
1312 2320 1343 2351 A
1360 2319 1471 2350 nautis
1493 2318 1602 2359 petita
1627 2328 1696 2350 me-

240 2375 342 2405 dubio
357 2374 470 2405 villam
488 2374 632 2414 aliquam
648 2373 791 2403 Severus
811 2372 941 2403 habuit.
995 2370 1151 2410 taphora,
1184 2369 1292 2400 minus
1323 2369 1401 2410 quid
1431 2369 1617 2409 optandum
1648 2369 1697 2399 iu-

283 2425 418 2465 Albana]
452 2424 589 2454 Praedia
605 2423 688 2454 dicit
704 2432 779 2464 quae
796 2422 941 2453 Severus
996 2420 1101 2450 dicat.

242 2476 282 2506 :ul
302 2475 435 2514 Albam,
452 2475 644 2505 Marsorum
661 2473 837 2514 oppidum,
852 2473 941 2505 inter
1039 2474 1080 2501 73
1106 2471 1254 2511 Propior]
1276 2471 1389 2502 Minus
1403 2470 1445 2501 ab
1456 2470 1551 2501 Urbe
1568 2469 1697 2501 distans

241 2526 382 2556 Sabinos.
399 2529 433 2556 et
450 2523 612 2565 Pelignos
628 2523 757 2555 habuit.
997 2530 1096 2562 quain
1113 2521 1224 2552 '1‘omi.
