1877 3193
246 182 360 224 2598
733 196 774 224 P.
808 195 969 225 ovinii
1001 195 1214 227 NAsoms

247 269 392 329 ESSE
412 288 643 330 salutatum
663 288 760 329 vult
779 292 821 328 te
841 300 940 329 mea
956 289 1082 330 litera
1099 290 1287 344 primum

300 354 343 396 A
361 356 473 396 male
494 357 682 409 pacatis,
703 354 866 406 Attice,
887 357 1022 398 missa
1043 357 1190 401 Getis.

245 420 460 463 Proxima
479 424 775 476 subsequitur,
796 424 901 475 quid
921 437 1042 477 agas,
1065 425 1217 467 audire
1238 426 1471 480 voluptas:

303 489 359 530 Et
377 491 430 540 si,
451 490 659 543 quicquid
678 503 800 542 agaS,
824 491 879 530 sit
897 491 978 532 tibi
1000 505 1105 532 cura
1124 493 1222 534 mei.

247 555 343 597 Nec
364 557 516 598 dubito
538 558 638 610 quin
661 557 746 597 sit:
779 556 856 597 sed
877 570 944 597 me
964 558 1093 599 timor
1113 559 1212 611 ipse
1231 558 1444 601 malorum
1674 560 1701 601 5

303 623 433 677 Saepe
453 637 751 677 supervacuos
772 624 890 676 cogit
908 625 1067 666 habere
1089 631 1250 667 metus.
1313 627 1316 630 “

247 688 320 730 Da
339 691 524 740 veniam,
548 703 718 743 quaeso,
738 690 962 742 nimioque
982 692 1161 742 ignosce
1183 692 1344 733 timori.

301 757 581 810 Tranquillas
602 757 735 797 etiam
759 756 993 809 naufragus
1011 758 1153 799 horret
1172 772 1325 812 aquas.

248 822 339 874 Qui
360 823 496 864 semel
518 827 587 863 est
605 822 743 864 laesus
764 822 912 862 fallaci
931 823 1069 876 piscis
1090 824 1145 863 ab
1166 824 1314 876 hamo,

306 889 522 930 Omnibus
542 902 652 930 unca
674 889 786 929 cibis
808 901 899 929 aera
916 889 1097 930 subesse
1117 894 1254 943 putat.
1645 893 1701 933 10

247 955 377 1009 Saepe
399 969 551 998 canem
571 956 697 1009 longe
718 956 863 997 visum
882 956 998 1010 fugit
1018 970 1148 1009 agna,
1169 958 1409 1012 lupumque

304 1022 471 1073 Credit,
494 1026 536 1064 et
556 1023 657 1077 ipsa
677 1035 801 1064 suam
822 1024 975 1064 nescia
993 1025 1104 1065 vitat
1123 1037 1266 1078 opem.

248 1087 447 1131 Membra
466 1090 745 1132 reformidant
765 1091 941 1132 mollem
963 1105 1140 1146 quoque
1162 1091 1313 1133 saucia
1331 1095 1500 1133 tactum
1517 1103 1527 1134 :

304 1156 518 1211 Vanaque
538 1158 724 1198 solicitis
744 1158 900 1199 incutit
922 1159 1080 1200 umbra
1100 1164 1278 1200 metum.

293 1291 411 1329 Attice,
436 1302 502 1322 mea
516 1292 645 1332 epistola
660 1292 777 1332 scripta
792 1304 810 1323 a
830 1293 924 1323 Getis
947 1295 1026 1324 male
1047 1294 1175 1324 domitis
1190 1293 1281 1332 jubet
1306 1294 1441 1332 primum
1456 1296 1486 1323 te
1501 1302 1565 1324 esse
1587 1293 1702 1324 saluta-

247 1337 324 1365 tum.
370 1335 524 1365 Proxima
540 1336 678 1374 voluptas
691 1335 884 1375 subsequitur
895 1336 1032 1375 accipere
1047 1336 1119 1375 quid
1125 1336 1231 1373 facias
1242 1346 1253 1371 ;
1276 1338 1306 1365 et
1320 1336 1360 1373 si,
1374 1335 1517 1374 quicquid
1521 1335 1640 1373 facias,
1655 1344 1703 1365 me

248 1386 350 1406 ames.-
372 1387 466 1416 neque
487 1388 553 1407 sum
577 1379 712 1408 incertus
728 1378 801 1417 quin
828 1378 861 1408 id
880 1378 968 1419 fiat‚·
989 1387 1094 1408 verum
1109 1379 1174 1417 ipse
1197 1381 1295 1408 metus
1319 1378 1468 1407 malorum
1493 1386 1573 1416 soepe
1587 1376 1705 1415 subigit

249 1418 366 1448 frustra
384 1419 501 1449 timere.
550 1420 660 1456 Parce,
684 1429 803 1459 precor,
828 1424 859 1449 et
884 1422 924 1449 cla
949 1421 1070 1450 veniam
1096 1420 1190 1450 nimio
1216 1420 1334 1450 timori.
1382 1418 1567 1457 Naufragus
1591 1418 1704 1449 metuit

250 1460 342 1489 etiam
357 1470 452 1498 aquas
464 1461 593 1499 quietas.
637 1461 741 1491 Piscis
756 1462 847 1491 semel
860 1463 1036 1491 vulneratus
1051 1462 1088 1491 ab
1103 1462 1193 1491 hamo
1208 1463 1319 1496 doloso,
1344 1460 1516 1490 arbitratur
1530 1470 1595 1490 (ενα
1609 1470 1703 1491 curra

250 1503 344 1531 latere
360 1502 414 1531 sub
430 1502 565 1532 omnibus
579 1503 667 1532 escis.
712 1503 803 1541 Scope
817 1512 899 1540 agna
922 1503 1004 1532 vitat
1019 1512 1124 1532 canem
1148 1504 1236 1539 longe
1260 1506 1461 1541 conspectum,
1485 1506 1514 1532 et
1529 1502 1704 1533 arbitratur

249 1552 323 1573 esse
341 1543 453 1583 lupum,
479 1548 510 1574 et
524 1545 636 1581 ignara
653 1546 718 1583 ipsa
727 1543 817 1581 fugit·
836 1545 1017 1584 praesidium
1031 1554 1130 1574 suum.
1174 1545 1274 1574 Artas
1288 1544 1443 1574 vulnerati
1455 1547 1595 1574 metuunt
1608 1545 1703 1575 etiam

248 1586 342 1616 let-em
358 1596 411 1617 con
418 1590 531 1618 tactum
544 1598 557 1624 ;
579 1590 608 1617 ct
624 1586 731 1617 wnbra
746 1596 824 1617 vana
840 1589 925 1617 creat
941 1587 1082 1617 timorem
1099 1586 1137 1616 ὶίε
1152 1586 1205 1627 qui
1219 1590 1290 1617 sunt
1305 1585 1405 1617 anxii.
1450 1585 1502 1616 Ita
1517 1595 1572 1625 ego
1586 1587 1704 1617 saucius

859 1692 1091 1703 ‘venneto‘

294 1759 311 1784 3
344 1755 488 1795 Voluptas
513 1766 555 1786 ex
580 1756 773 1787 melioribus
791 1757 943 1797 reposuit
959 1757 1079 1788 Heins.
1098 1766 1157 1796 pro
1183 1757 1273 1797 vulg.
1288 1758 1503 1788 voluntas—4
1526 1756 1705 1788 Edebatur

256 1799 297 1828 Et
323 1799 418 1836 modo,
444 1800 542 1838 quicq.
570 1808 657 1837 agas,
676 1801 729 1830 sit.
755 1800 889 1830 Sari-av.
915 1804 949 1830 et
965 1799 1030 1830 duo
1059 1799 1126 1837 alii,
1152 1800 1197 1829 Et
1218 1801 1244 1829 st
1267 1799 1340 1839 quid
1363 1800 1434 1838 agis
1447 1798 1502 1837 sit,
1525 1799 1646 1829 omisso
1661 1800 1706 1838 τῷ

252 1841 338 1869 modo
349 1851 359 1870 .·
382 1851 444 1880 pro
461 1851 527 1881 quo
542 1842 611 1880 alii,
626 1841 710 1877 bene,
724 1851 799 1872 cum
813 1841 1067 1881 Argentinensi‚
1083 1842 1151 1881 alii,
1167 1842 1249 1880 jam,
1263 1842 1316 1872 vel
1331 1845 1376 1881 tu,
1394 1842 1447 1872 vel
1462 1850 1551 1879 nunc,
1566 1846 1601 1871 et
1615 1841 1705 1872 simi-

252 1883 306 1912 lia.
330 1883 462 1923 Scribe,
480 1884 522 1913 Et
538 1884 577 1923 si,
594 1884 736 1924 quicquid
751 1894 838 1923 ages,
853 1884 897 1915 sit
913 1884 971 1914 tibi
986 1894 1061 1915 cura
1076 1884 1147 1915 mei.
1193 1883 1309 1924 Atque.
1325 1884 1374 1914 ita
1391 1888 1459 1915 tres
1475 1882 1616 1922 scripti3
1640 1883 1703 1914 nisi

253 1925 340 1965 quod
360 1925 391 1955 in
408 1926 459 1965 iis,
475 1935 561 1964 agas.
606 1927 728 1957 Posset
744 1928 846 1957 etiam
861 1927 992 1967 reponi,
1008 1928 1068 1957 Est
1085 1926 1170 1965 bene,
1182 1927 1324 1966 quicquid
1339 1936 1426 1965 agas,
1439 1925 1466 1955 si
1481 1924 1539 1955 tibi
1554 1934 1629 1956 cura
1644 1926 1707 1956 mei

253 1972 307 1998 est.
333 1967 518 1999 Heins.—-7
542 1968 637 1999 Serv.
654 1974 689 1999 et
705 1969 836 2001 Bersm.
854 1969 919 2000 Ms.
941 1968 1029 2007 sasso
1057 1979 1120 2009 pro
1146 1971 1323 2009 quoeso.—9
1349 1969 1412 2003 Qui
1438 1968 1530 1998 semel
1544 1970 1590 1997 est
1608 1967 1706 2003 facili

222 2032 226 2037 .
250 2010 345 2048 piscis
354 2012 519 2050 deprensus
533 2010 570 2040 ab
587 2011 674 2041 hamo
691 2012 830 2042 Fames.
855 2011 910 2042 An
926 2021 991 2042 non
1008 2021 1070 2052 pro
1084 2013 1173 2042 Ioesus
1185 2012 1288 2042 etiam
1304 2011 1423 2041 liceret
1437 2011 1563 2050 legere,
1578 2009 1707 2050 lapsus?

252 2056 290 2082 ut
304 2051 375 2082 tieri
395 2054 480 2083 solet
496 2062 587 2092 saepe
602 2054 634 2083 in
652 2053 796 2093 piscatu,
813 2058 850 2084 ut
867 2053 1022 2085 elabatur
1038 2055 1138 2094 piscis
1154 2063 1219 2084 non
1245 2053 1331 2084 bene
1347 2052 1433 2083 fixus
1448 2052 1557 2089 hamo,
1576 2052 1632 2093 qui
1647 2061 1705 2092 pe-

252 2094 358 2124 riculo
387 2094 507 2124 doctus
537 2095 689 2125 omnibus
705 2096 791 2127 escis
818 2100 917 2136 putat
932 2096 1065 2127 hamum
1092 2097 1244 2127 subesse.
1269 2096 1464 2127 Burm.—10
1488 2093 1606 2125 Barth.
1621 2094 1703 2126 Jun.

254 2140 287 2165 et
306 2136 437 2165 Bersm.
455 2137 518 2166 Ms.
533 2136 644 2167 subess.
659 2140 847 2169 ἑψηθῇ-14
870 2139 989 2169 Incutit
1015 2144 1067 2170 est
1090 2148 1130 2169 ex
1157 2138 1276 2170 Heins.
1292 2137 1425 2169 emend.
1444 2136 1531 2177 quod
1548 2140 1584 2167 et
1598 2135 1703 2166 Barb.

252 2176 357 2206 habet
373 2186 433 2216 pro
447 2187 516 2208 var.
533 2179 613 2209 lect.
630 2179 687 2208 alii
699 2189 774 2209 cum
790 2180 879 2218 vulg.
895 2181 1018 2211 incitat.
1043 2180 1138 2212 Leid.
1153 2181 1288 2210 solicitos
1310 2180 1420 2209 incitat
1437 2188 1467 2208 u.
1483 2181 1599 2212 metu-53
1620 2176 1701 2208 Jun.

253 2218 406 2249 solicitum
421 2220 554 2250 concitat
568 2230 598 2249 u.
615 2223 738 2250 metum.
761 2221 845 2251 Post
859 2222 945 2251 hunc
963 2232 1011 2252 vs.
1027 2222 1060 2251 in
1073 2224 1184 2261 prima
1198 2222 1262 2251 Ed.
1274 2221 1426 2251 additum
1438 2220 1500 2249 hoc
1512 2218 1701 2250 distichon:

255 2261 292 2290 Si
305 2260 419 2291 volucri
433 2264 531 2301 captae
544 2262 599 2291 dat
614 2271 678 2292 sors
700 2263 826 2292 evadere
839 2272 938 2302 posse,
966 2263 1114 2294 Partibus
1128 2264 1161 2293 in
1183 2263 1301 2293 cunctis
1325 2271 1387 2292 esse
1399 2263 1489 2300 putat
1506 2261 1702 2299 laqueum.—

907 2363 1045 2395 NOTAE

298 2452 315 2478 2
341 2446 426 2477 Male
445 2444 580 2486 pacatis]
605 2445 695 2478 Quia
721 2443 845 2475 bellum
866 2454 951 2475 sem-
1003 2443 1146 2474 ciuntur.

255 2507 316 2538 pei·
332 2498 422 2528 inter
437 2496 510 2526 illos
527 2494 697 2525 barbaros.
1047 2496 1085 2523 12
1109 2491 1220 2531 Suam]
1245 2492 1333 2524 Quia
1350 2502 1369 2521 a
1389 2491 1525 2522 canibus
1548 2501 1628 2523 oves
1644 2493 1700 2524 ad-

296 2552 312 2577 5
340 2544 509 2585 Malorum]
542 2544 792 2584 Cujnscumque
822 2541 951 2574 fuerint
1003 2552 1118 2573 versus
1136 2542 1232 2582 lupos
1249 2540 1490 2573 defenduntur.

256 2597 399 2637 generis.
435 2595 555 2626 Solent
580 2603 662 2625 vero
688 2593 733 2624 illi
751 2593 807 2635 qui
833 2593 949 2624 adver-
1048 2595 1085 2624 ii
1109 2591 1260 2632 Solicitis]
1285 2592 1353 2624 Qui
1370 2591 1433 2623 sibi
1458 2592 1522 2623 tuti
1539 2593 1619 2623 satis
1633 2603 1699 2625 non

255 2656 324 2676 sani
351 2645 521 2675 fortunam
549 2648 740 2685 senserunt,
766 2644 808 2675 ad
840 2644 950 2675 omnia
1005 2644 1171 2684 videntur,
1188 2649 1224 2674 et
1242 2653 1281 2674 ex
1305 2642 1438 2675 diverso
1465 2643 1700 2686 impendentia

255 2696 489 2727 extimescere.
1003 2695 1090 2726 mala
1105 2693 1337 2727 reformidant.

299 2747 338 2775 10
363 2743 456 2783 AEra]
504 2744 555 2775 Ex
585 2743 706 2785 quibus
732 2744 820 2775 hami
848 2743 948 2776 conti-
