1863 3193
176 167 292 211 2344
671 180 709 211 P.
741 181 899 210 ovmn
933 179 1147 211 NAsoms

178 276 298 316 Dum
316 272 456 323 licuit,
480 276 554 315 tua
571 286 691 327 saepe
712 274 832 322 mihi,
855 273 934 314 tibi
955 276 1100 315 nostra
1118 273 1313 327 legebam
1330 287 1339 315 :

234 340 366 393 Saepe
388 341 450 381 tui
465 341 630 395 judex3
662 353 783 393 saepe
804 342 1011 393 magister
1031 353 1164 381 eram.

175 405 265 449 Aut
283 421 364 460 ego
387 409 637 461 praebebam
659 407 788 448 factis
808 407 941 447 modo
963 408 1164 448 versibus
1186 419 1330 456 aures,

232 474 324 515 Aut
343 476 420 515 ubi
443 487 659 523 cessares,
683 487 816 514 causa
838 474 1006 514 ruboris
1026 487 1156 514 eram.

177 541 383 583 Forsitan
404 542 623 595 exemplo,
646 542 749 593 quia
768 553 838 579 me
858 540 1008 580 laesere
1028 540 1181 590 libelli,

232 609 303 648 Tu
326 622 497 661 quoque
519 610 581 648 sis
603 621 750 660 poenee
772 607 865 647 fata
887 612 1038 648 secuta
1059 621 1184 648 meae.

176 674 316 725 Pone,
339 675 517 724 Perilla‚
537 678 697 715 metum
715 687 724 713 :
756 674 1056 715 tantummodo
1078 674 1261 716 foemina
1280 685 1368 715 non
1386 673 1443 714 sit

234 741 395 792 nessia,
415 755 493 782 nec
515 741 694 793 seriptis
717 740 862 780 discat
883 753 1029 780 amare
1049 741 1152 781 tuis.
1575 739 1631 778 30

176 809 290 861 Ergo
314 809 497 849 desidia-3
518 820 710 857 remove,
734 807 1006 856 doctissima,
1029 820 1214 848 causas:

234 876 371 928 Inque
391 876 531 915 bonas
552 879 669 915 artes
689 878 732 914 et
752 877 829 914 tua
849 886 976 913 sacra
995 874 1101 914 redi.

176 942 272 983 Ista
293 942 450 982 decens
473 941 611 981 facies
632 941 774 992 longis
796 941 1022 982 vitiabitur
1044 942 1168 982 annis
1187 955 1197 983 z

234 1009 449 1063 Rugaque
480 1009 525 1048 in
542 1009 719 1061 antiqua
741 1008 882 1049 fronte
903 1008 1056 1048 senilis
1077 1009 1171 1050 erit.

1575 406 1633 446 (042

175 1138 314 1177 legebas
329 1138 405 1168 mihi
421 1141 487 1176 tua,
513 1148 568 1177 ego
593 1138 729 1177 legebam
743 1138 802 1168 tibi
817 1142 923 1169 nostra
937 1149 947 1169 .·
969 1149 1054 1170 eram
1068 1150 1149 1180 soepe
1167 1139 1269 1179 judex
1284 1139 1343 1179 tui,
1359 1148 1438 1179 soepe
1451 1142 1633 1179 proeceptor.

182 1182 236 1211 l'el
251 1191 306 1218 ego
317 1180 491 1220 proebebam
505 1190 595 1211 aures
609 1180 796 1210 carminibus
811 1182 899 1210 modo
915 1182 1101 1220 compositis,
1118 1184 1164 1213 vel
1180 1183 1232 1212 ubi
1247 1184 1430 1222 neglexeras
1443 1191 1528 1212 eram
1543 1190 1633 1211 causa

172 1223 309 1261 pudoris.
355 1222 503 1252 Forsitan
524 1224 672 1261 exemplo,
695 1223 767 1262 quia
784 1222 858 1253 libri
874 1223 949 1252 mihi
965 1223 1138 1261 obfuerunt,
1165 1227 1200 1254 tu
1215 1225 1310 1254 etiam
1330 1225 1374 1254 sis
1400 1227 1503 1254 secuta
1517 1227 1632 1254 sortem

179 1265 238 1294 mei
250 1264 404 1304 supplicii.
453 1265 572 1294 Omitte
588 1265 739 1302 timorem,
751 1264 884 1294 Perilla.
935 1265 1155 1296 Tantummodo
1167 1266 1276 1296 mulier
1290 1276 1350 1296 non
1364 1267 1406 1295 sit
1421 1266 1520 1304 deria,
1535 1274 1633 1305 neque

176 1307 274 1337 discat
291 1315 394 1337 amare
410 1307 474 1337 tuis
497 1306 649 1346 operibus.
692 1306 849 1346 Adeoque,
872 1307 1062 1346 doctissima,
1077 1309 1163 1338 deme
1178 1317 1284 1338 causus
1296 1308 1453 1346 segnitiei,
1476 1311 1505 1337 et
1530 1316 1632 1338 rever-

178 1353 241 1380 tere
257 1350 296 1379 ud
312 1350 404 1380 bonas
416 1352 499 1380 artes
513 1352 542 1380 et
560 1352 614 1380 tua
629 1358 729 1381 sacra.
774 1349 844 1380 Ista
861 1349 935 1380 bona
943 1349 1051 1387 forma
1066 1350 1269 1390 extinguetur
1284 1351 1376 1388 longa
1389 1352 1494 1389 oetate,
1509 1353 1539 1380 et
1552 1358 1634 1388 ruga

789 1446 1021 1458 mmet·

176 1514 226 1540 cat
241 1513 375 1550 ‹nn—22
399 1510 454 1540 Fr.
479 1510 620 1550 Perque,·
654 1510 855 1549 elegantius,
877 1510 996 1550 judice
1023 1511 1223 1541 Eurum—23
1250 1510 1362 1548 Puto;
1384 1513 1438 1540 tua
1459 1519 1539 1550 soepe
1555 1508 1632 1541 tibi.-

177 1562 253 1583 nam
270 1552 312 1582 de
329 1553 496 1583 recitante
513 1552 642 1583 Perilla
665 1553 820 1592 proximo
847 1553 1046 1584 hexametro
1072 1552 1187 1584 habes.
1232 1554 1316 1583 Mox
1340 1553 1452 1591 etiam,
1468 1552 1556 1591 Soepe
1570 1552 1636 1583 tuis

170 1595 283 1632 judex,
300 1594 360 1625 hoc
377 1599 441 1632 est,
456 1595 619 1632 versibuS,
635 1595 753 1635 opinor
767 1594 994 1626 scribendum.
1019 1595 1220 1626 Heius—26
1244 1595 1313 1625 Pro
1328 1595 1450 1625 ruboris
1467 1598 1535 1624 tres
1551 1594 1631 1626 libri

171 1638 395 1675 pudoris—27
419 1637 486 1667 Pro
502 1638 575 1676 quia
592 1637 709 1668 Heius.
726 1637 822 1668 malit
837 1647 917 1677 quo;
943 1638 995 1668 vel
1021 1637 1137 1668 Forsit.
1157 1638 1319 1677 extemplo.
1356 1637 1470 1666 Bnrrn.
1486 1636 1634 1666 scriben-

178 1679 257 1710 dum
274 1682 373 1718 putat
391 1679 509 1709 Forsan
525 1679 563 1709 ab
578 1681 714 1719 exemplo
724 1690 735 1716 ;
760 1679 882 1710 deinde
899 1680 934 1710 in
951 1689 1000 1711 vs,
1018 1689 1089 1720 seq.
1102 1689 1184 1720 poen.
1204 1679 1296 1717 facta
1319 1679 1447 1710 remissa
1467 1682 1550 1709 metu
1561 1688 1572 1708 .·
1595 1679 1632 1709 in

176 1721 323 1760 vulgatis
338 1720 553 1751 scribebatur
572 1721 666 1758 sacta
678 1723 768 1752 ruina
784 1732 881 1756 meae‚·
917 1722 973 1752 alii
990 1722 1095 1760 fucta,
1118 1722 1171 1752 vel
1188 1722 1263 1760 fata
1289 1725 1410 1752 secuta.-
1443 1722 1536 1751 Serv.
1560 1730 1634 1760 pars

178 1763 254 1793 bona
272 1762 382 1801 suda,-
421 1766 456 1792 et
486 1763 616 1793 Auctor
646 1764 795 1794 Elector.
834 1765 935 1795 Etou.
951 1764 1043 1802 sacta
1067 1767 1267 1795 severa.—-29
1302 1764 1392 1794 Olim
1417 1763 1633 1794 scribebatur

169 1806 259 1842 foem.
283 1806 366 1835 nulla
395 1805 481 1835 Neve
505 1805 555 1835 vir
580 1816 599 1835 a
618 1806 726 1845 script.
770 1807 778 1822 ‘
796 1806 944 1837 Quidam
962 1806 1050 1844 foem.
1076 1817 1135 1837 non
1161 1807 1205 1836 sit
1223 1807 1327 1836 Dei-ia
1342 1815 1419 1842 nec;
1442 1805 1498 1836 alii
1515 1805 1632 1845 scripti

169 1848 257 1884 soem.
280 1848 363 1877 nulla
382 1848 485 1877 Det-ia
505 1857 554 1886 ne,
582 1849 636 1877 vel
663 1849 700 1878 de
724 1848 834 1887 script.
861 1849 928 1879 duo
958 1850 1024 1879 Nec
1040 1848 1168 1886 juvenis
1188 1848 1309 1888 script?
1334 1848 1454 1879 Heins.
1489 1846 1632 1877 Auctori

177 1889 327 1920 Elector.
342 1890 440 1919 Eton.
452 1889 625 1926 etfoemina
636 1894 670 1920 et
680 1891 729 1920 vz'r
745 1896 839 1921 certa
848 1892 1052 1930 glossemata
1068 1896 1147 1921 suut
1163 1902 1171 1922 z
1200 1900 1281 1930 ergo
1293 1891 1348 1921 ille
1365 1900 1453 1920 corr.
1464 1892 1630 1920 tantumm.
1654 1911 1668 1917 ,

174 1932 262 1962 devia
278 1941 375 1970 nequa
392 1932 478 1962 Neve
493 1932 560 1971 quis
571 1942 610 1962 ex
622 1933 731 1972 script.
747 1937 784 1963 ut
801 1934 976 1964 aemulatus
992 1933 1196 1972 fuerit,dum
1207 1933 1344 1963 Perillae
1361 1936 1472 1969 cavet,
1485 1940 1526 1961 ne
1540 1929 1631 1962 frau-

177 1974 209 2003 di
233 1974 277 2004 sit
302 1974 442 2013 alicujus
466 1975 560 2013 quasi
589 1973 672 2013 legis
700 1975 878 2014 ignoratio,
895 1975 1215 2015 jurisconsultorum
1239 1984 1304 2005 non
1329 1974 1419 2004 nullo
1447 1983 1522 2004 cum
1543 1973 1628 2013 joco

175 2015 407 2055 diligentiam:
433 2016 567 2046 illorum
583 2017 669 2047 enim
686 2017 875 2049 istiusmodi
888 2024 966 2048 sunt
979 2017 1133 2049 formulae
1159 2019 1166 2034 ‘
1183 2017 1209 2047 si
1223 2017 1308 2057 quis,
1324 2017 1394 2046 sive
1408 2026 1496 2057 quae,
1508 2015 1631 2055 siquos

178 2057 323 2097 quasve?
335 2058 375 2088 In
385 2067 443 2088 sex
458 2068 537 2089 vero
552 2058 644 2088 libris
661 2058 850 2096 estfoemina
862 2070 920 2090 non
931 2061 992 2096 sit;
1008 2069 1113 2101 quare
1131 2060 1247 2090 Burm.
1264 2059 1440 2090 commode
1452 2058 1518 2098 legi
1532 2067 1631 2098 posse

179 2104 274 2138 putat
286 2099 543 2138 tantwnm.foem.
554 2110 613 2130 non
627 2101 669 2130 sit
684 2101 798 2142 Devia,
815 2111 883 2140 [μα’
897 2102 1092 2143 script.——32
1109 2102 1231 2134 Heins.
1245 2111 1306 2144 pro
1318 2111 1405 2132 sacra
1415 2101 1504 2141 conj.
1516 2103 1630 2132 castra.

833 2196 977 2228 NOTAE

219 2271 260 2299 26
286 2268 446 2308 Cessuras]
470 2269 554 2300 Cum
571 2269 651 2300 nihil
669 2270 843 2301 scriberes.
971 2273 1010 2301 31
1031 2271 1162 2310 Causas]
1177 2270 1279 2301 Exilii
1296 2274 1436 2309 metum,
1453 2274 1549 2310 puta,
1564 2271 1629 2302 &c.

221 2318 372 2358 Ruboris]
394 2318 508 2349 Animi
533 2328 610 2349 vero
627 2320 811 2350 verecundi
828 2324 876 2350 at·
971 2323 1013 2351 32
1036 2321 1149 2361 Sacra]
1173 2320 1343 2360 Carmina,
1355 2321 1482 2359 Musas,
1495 2320 1627 2352 Studia.

179 2378 242 2409 que
259 2368 397 2407 ingenui
413 2368 644 2408 estjudicium
664 2369 793 2400 Rubor.
932 2369 996 2400 Illa
1025 2380 1170 2411 namque
1199 2380 1266 2401 non
1288 2380 1385 2401 sacra
1414 2374 1490 2401 sunt
1518 2370 1630 2411 modo,

220 2421 261 2448 28
284 2417 336 2448 Sis
350 2418 466 2458 secuta]
489 2418 538 2449 Ut
554 2422 646 2449 metu
665 2429 771 2458 pcenae
789 2419 876 2450 l’oij-
929 2420 987 2450 sed
1002 2425 1149 2450 mentem
1166 2426 1316 2451 sanctam
1330 2430 1527 2460 sacramque
1543 2430 1629 2461 prae·

179 2469 283 2499 ticum
299 2468 459 2506 studium,
475 2468 563 2509 quod
579 2468 728 2507 exitiale,
742 2469 875 2508 abjece-
931 2474 1033 2500 stant.
1068 2471 1193 2500 Verum
1211 2470 1404 2510 paucissimi
1427 2474 1504 2500 suut
1523 2470 1630 2501 homi-

178 2518 234 2548 ris.
281 2517 345 2548 Ille
368 2516 474 2549 fatum
497 2518 660 2558 sequitur,
677 2517 734 2557 qui
748 2518 875 2549 obtem-
931 2528 989 2549 nes
1006 2519 1121 2560 quiex
1137 2520 1300 2550 vanitatis
1323 2519 1455 2550 turbine
1478 2529 1551 2550 sese
1575 2528 1628 2551 re-

178 2570 286 2607 petat,
312 2577 423 2608 neque
447 2568 589 2608 amplius
616 2567 768 2600 admittit
785 2568 876 2610 quod
931 2570 1076 2607 trahere,
1090 2574 1191 2609 atque
1202 2569 1347 2600 Veritati
1361 2569 1544 2609 regendam
1558 2569 1629 2601 ani·

178 2620 295 2646 eontra
311 2617 394 2645 illud
409 2622 472 2647 est.
929 2629 1017 2649 mam
1047 2619 1182 2649 tradere
1212 2618 1405 2649 didicerint.
1450 2618 1629 2650 Pecudum

220 2667 261 2694 :⁵0
285 2664 402 2704 Devia]
425 2666 511 2697 Quae
542 2666 680 2708 pudoris
710 2667 876 2700 rationem
928 2676 1023 2699 more
1039 2668 1146 2699 ceteri
1168 2667 1389 2707 praesentibus
1412 2671 1555 2708 tantum,
1571 2667 1628 2701 iis-

178 2724 245 2746 uou
261 2714 343 2746 satis
358 2714 492 2747 habeat.
929 2728 993 2760 que
1009 2718 1161 2751 sensibus
1179 2717 1332 2759 objectis,
1348 2720 1540 2751 moventur.
