1877 3193
251 167 363 208 2596
738 178 778 206 P.
815 177 974 206 ovibu
1012 175 1224 206 NAsoms

253 271 470 324 Quodque
490 271 605 311 soles
628 271 790 320 animo,
812 269 932 323 quod
954 282 1126 323 semper
1148 283 1255 311 voce
1278 271 1463 324 precari,

308 338 468 378 Omnia
489 336 740 377 Caesaribus
762 337 825 377 sic
848 340 923 377 tua
943 335 1061 377 facta
1081 336 1256 389 probes.

249 404 398 458 Turpe
420 405 497 444 erit
517 404 561 443 in
581 404 752 444 miseris
772 404 909 445 veteri
930 403 1010 444 tibi
1030 404 1160 445 rebus
1181 404 1324 444 amico

307 470 537 512 Auxilium
557 471 676 511 nulla
695 473 817 524 parte
838 471 992 512 tulisse
1014 474 1149 511 tuum.
1650 470 1705 509 20

249 538 395 591 Turpe
415 538 575 578 referre
598 537 773 590 pedem,
794 550 873 578 nec
893 550 1031 591 passu
1055 542 1170 578 stare
1190 537 1332 578 tenaci
1350 550 1359 578 :

306 605 455 658 Turpe
475 605 745 645 laborantem
768 605 1015 645 deseruisse
1035 608 1187 646 ratem.

249 672 397 724 Turpe
417 671 541 724 sequi
563 683 729 718 casum,
750 674 793 710 et
813 671 1003 710 fortunae
1027 671 1196 720 cedere,
1218 670 1407 710 amicum

309 737 380 787 Et,
402 737 487 777 nisi
509 737 565 777 sit
586 736 709 784 felix,
729 748 828 775 esse
849 748 1004 788 negare
1024 748 1165 776 suum.

252 805 358 846 Non
377 805 438 845 ita
459 804 663 843 vixerunt
685 801 892 853 Strophio
913 806 1044 854 atque
1067 801 1394 853 Agamemnone
1413 803 1528 844 nati:
1653 802 1709 843 :25

310 870 414 912 Non
433 870 530 911 haec
552 869 729 921 AEgidae
751 868 1024 921 Pirithoique
1046 868 1168 909 fides.

253 938 378 988 Quos
398 937 516 990 prior
537 939 602 977 est
621 935 790 984 mirata,
812 947 997 988 sequens
1018 934 1242 975 mirabitur
1261 937 1368 974 aetas
1386 946 1396 975 :

310 1004 364 1045 In
386 1014 571 1057 quorum
591 1001 771 1055 plausus
793 1005 885 1042 tota
907 1001 1075 1043 theatra
1096 1005 1266 1042 sonant.

250 1072 323 1113 Tu
343 1083 532 1124 quoque,
553 1082 631 1122 per
649 1068 806 1109 durum
826 1072 1002 1108 servato
1023 1071 1202 1122 tempus
1225 1068 1385 1118 amico,

311 1138 481 1191 Dignus
502 1149 548 1176 es
569 1136 614 1176 in
632 1137 764 1177 tantis
785 1149 941 1177 nomen
961 1135 1120 1176 habere
1141 1136 1263 1177 viris.
1654 1134 1710 1176 30
1742 1168 1750 1173 .

255 1204 427 1256 Dignus
448 1215 494 1243 es
512 1215 521 1242 :
552 1206 596 1243 et
615 1203 821 1255 quoniam
837 1202 1009 1243 laudem
1030 1204 1189 1255 pietate
1209 1202 1400 1253 mereris,

312 1269 414 1311 Non
433 1269 512 1310 erit
530 1268 662 1310 officii
682 1269 824 1321 gratia
845 1268 979 1309 surda
999 1269 1078 1308 tui.

256 1379 315 1417 Et,
331 1379 410 1418 quod.
425 1378 501 1408 soles
516 1386 622 1408 vovere
638 1377 752 1417 animo,
777 1380 806 1407 et
824 1382 942 1416 petere
966 1385 1085 1416 semper
1107 1386 1187 1413 rece,
1211 1376 1257 1406 itu
1272 1375 1419 1415 approbes
1433 1376 1534 1407 omnia
1549 1380 1602 1407 tua
1618 1375 1712 1414 faeta

258 1420 444 1451 Caesaribus.
490 1420 673 1449 Indecornm
687 1421 747 1449 erit
763 1420 846 1449 nullu
860 1422 950 1458 purte
966 1419 1069 1448 tulisse
1084 1428 1168 1457 opem
1183 1422 1266 1448 tuam
1282 1422 1334 1448 tuo
1348 1419 1446 1448 sodali
1462 1419 1494 1448 in
1510 1418 1599 1449 rebus
1613 1419 1711 1459 qffiie-

256 1463 309 1492 tis.
358 1462 536 1491 Indecorum
550 1462 750 1499 retrocedere,
778 1470 873 1499 ‘neque
899 1460 1063 1490 consistere
1079 1461 1177 1500 firmo
1201 1470 1323 1498 gressu.-
1347 1461 1522 1491 indecorum
1536 1461 1713 1491 destituisse

255 1513 364 1534 ‘navem
372 1502 583 1540 fatiscentem.
630 1502 812 1532 Indecoru'm
827 1502 960 1531 ‹mzicum
983 1503 1066 1540 sequi
1082 1511 1194 1538 cusum,
1219 1505 1247 1530 et
1263 1504 1367 1531 cedere
1375 1502 1526 1539 for-tunm,
1550 1507 1579 1533 et
1593 1503 1655 1533 nisi
1669 1503 1712 1532 sit

256 1546 363 1576 beatus
376 1544 511 1586 inficiari
527 1553 587 1574 esse
601 1553 702 1574 suum.
748 1543 826 1573 Filii
839 1543 980 1582 Strophii
991 1546 1081 1581 utque
1095 1544 1334 1581 Agamemnonis
1345 1553 1402 1573 -ηοη
1416 1545 1459 1573 sic
1471 1544 1634 1575 eimerzmt:
1652 1555 1711 1575 non

256 1588 322 1618 hoec
334 1587 488 1627 fuitfides
504 1586 629 1625 AEgidoe
645 1589 674 1616 et
692 1585 841 1616 Pirithoi.
891 1586 974 1620 Quos
989 1589 1064 1615 zetas
1083 1585 1248 1624 prceterita
1263 1585 1376 1615 mirata
1392 1590 1435 1615 est
1451 1586 1600 1623 etfutura
1617 1587 1712 1616 mira-

257 1630 354 1668 bitur,
378 1630 410 1659 in
434 1639 561 1668 quorum
585 1628 710 1667 plausus
733 1631 800 1658 totu
824 1628 946 1657 theatra
969 1630 1176 1667 perstrepunt.
1237 1627 1282 1656 Tu
1306 1628 1399 1658 etium
1420 1629 1547 1658 mereris
1570 1629 1710 1668 consequi

250 1671 373 1708 famam
388 1671 470 1700 inter
493 1673 596 1700 tantos
610 1671 704 1707 viros,
727 1670 823 1700 amico
838 1673 957 1700 servato
971 1679 1026 1708 per
1040 1670 1151 1699 durum
1174 1673 1300 1708 tempus.
1348 1670 1500 1700 Mereris:
1523 1673 1565 1710 et,
1580 1672 1712 1711 quando-

258 1714 377 1753 quidem
392 1714 506 1751 dignus
519 1722 549 1743 es
564 1713 651 1742 laude
672 1722 730 1751 per
741 1712 901 1752 pietatem,
925 1712 1068 1742 meritum
1083 1711 1220 1752 beneficii
1236 1712 1281 1742 tui
1298 1721 1355 1742 nou
1372 1714 1432 1742 erit
1448 1722 1567 1743 muium.
1615 1713 1712 1744 Crede

864 1796 1099 1808 eeeeeeeeeeee

257 1843 342 1871 —20
366 1838 458 1870 Leid.
473 1847 491 1869 a
506 1847 593 1869 man.
610 1848 678 1869 sec.
705 1840 802 1870 tuliss.
818 1843 1001 1871 summ—23
1027 1839 1209 1870 Distichon
1235 1839 1415 1870 ovidianae
1431 1849 1525 1870 venae
1541 1839 1584 1870 nil
1597 1839 1710 1871 habet.

258 1883 330 1913 Pro
339 1881 480 1919 fortunae
495 1883 612 1919 cedere,
629 1881 772 1922 Argeut.
790 1882 920 1914 Sarrav.
934 1888 968 1913 et
985 1888 1053 1913 tres
1070 1882 1284 1921 alii,f0rtume
1300 1883 1446 1913 accedere.
1465 1882 1580 1912 Heius.
1599 1883 1712 1912 Fortu·

257 1935 305 1954 παῖ
320 1934 356 1954 ac
370 1925 474 1954 cedere
491 1923 634 1963 Argeut.
651 1930 685 1955 et
702 1924 766 1954 (luo
790 1925 857 1955 alii.
881 1926 983 1956 Forte
1002 1925 1064 1965 legi
1083 1928 1206 1964 posset,
1225 1925 1325 1965 Turpe
1340 1935 1364 1955 s.
1382 1935 1483 1955 casum
1501 1925 1659 1963 Fortuua’,
1675 1934 1710 1954 ac

257 1968 366 1997 toedere
389 1966 530 2003 amicum,
548 1966 587 1996 Et
605 1976 636 1997 η.
652 1976 677 1996 s.
687 1967 718 2004 f.
744 1977 768 1997 e.
795 1978 824 1997 η.
850 1978 948 1998 suum.
995 1969 1050 1999 De
1073 1968 1159 1998 Casu
1185 1967 1345 1998 distincto
1369 1977 1387 1996 a
1404 1967 1553 1997 Fortuna
1570 1966 1636 1996 vid.
1665 1966 1708 1997 ad

258 2008 403 2040 Quintil.
429 2008 525 2038 Deci.
554 2017 602 2037 lv.
627 2010 677 2039 13.
701 2008 800 2040 aliter
823 2010 967 2041 ‘cedere
996 2009 1152 2041 fortunae‘
1177 2014 1270 2040 recte
1292 2010 1358 2040 dici
1382 2009 1554 2039 docuimus
1572 2009 1651 2039 ibid.
1666 2008 1708 2039 ad

260 2051 362 2081 Decl.
383 2059 431 2080 vr.
447 2052 499 2080 16.
524 2050 670 2081 Fortunoe
687 2055 715 2081 et
731 2053 834 2081 cedere
851 2057 918 2083 tres
936 2053 1088 2083 codices:
1113 2053 1216 2082 cedere
1230 2062 1344 2082 arnaroe
1358 2060 1453 2081 uuus.
1469 2052 1589 2081 Posset
1605 2051 1708 2081 etiam

259 2092 336 2131 legi,
361 2094 390 2121 ct
409 2093 535 2129 prodere
562 2093 702 2123 amicum.
726 2094 925 2124 Busan—25
950 2095 1046 2124 Unus
1063 2094 1181 2124 Heius.
1198 2094 1324 2133 Sta-oph.
1342 2098 1371 2124 et
1388 2094 1573 2124 Amithuone
1588 2093 1708 2123 nati.—

259 2136 300 2164 26
324 2134 377 2163 Sa.
405 2133 468 2162 hcec
492 2134 630 2163 lEucidoe
654 2135 779 2164 P.-2s
808 2137 907 2166 Multi
939 2138 1032 2167 Vett.
1054 2141 1088 2167 et
1115 2138 1180 2167 Ms.
1207 2137 1338 2167 Bersm.
1362 2146 1448 2175 quor.
1475 2136 1583 2175 plausu
1607 2138 1707 2165 tot.--

916 2200 1054 2230 NOTAE

277 2270 283 2276 ·
304 2260 342 2287 17
368 2257 528 2297 Quodque]
554 2258 612 2295 Ut,
636 2258 778 2295 scilicet,
795 2263 827 2289 te
847 2260 956 2289 Caesa-
1053 2260 1294 2299 Λςαηιυηιηοηε]
1321 2259 1397 2289 Fuit
1419 2259 1471 2288 hie
1496 2257 1630 2288 Orestis
1649 2267 1705 2298 pa-

257 2307 348 2338 ribus
374 2307 552 2346 approbes.
588 2307 743 2347 Namque
761 2308 848 2346 apud
866 2318 955 2344 mag-
1010 2312 1073 2346 ter,
1089 2309 1200 2338 notior
1217 2317 1314 2347 quam
1343 2312 1378 2337 ut
1401 2307 1442 2336 de
1467 2316 1506 2337 eo
1526 2307 1703 2347 quicquam

259 2361 357 2387 natos
385 2356 540 2386 habenda
570 2361 622 2387 est
655 2357 754 2386 etiam
787 2357 897 2394 grauia
929 2357 954 2386 si
1009 2357 1153 2387 dicutur.

259 2406 340 2447 quid
355 2406 385 2435 iu
401 2406 519 2436 bonam
534 2410 664 2445 partem
678 2406 849 2445 accipiunt
866 2406 953 2446 quod
1051 2409 1092 2435 26
1116 2406 1253 2444 AEgidoe]
1277 2405 1395 2435 Thesei
1414 2405 1506 2445 [Egel
1523 2405 1594 2444 filii,
1607 2407 1703 2446 cujus

259 2457 347 2488 bene
363 2454 491 2486 factum
506 2455 621 2486 fuerit.
1008 2466 1082 2486 cum
1099 2456 1252 2486 Pirithoo
1270 2465 1360 2495 saepe
1375 2456 1446 2495 jum
1475 2456 1615 2487 vidimus
1631 2467 1704 2487 cer-

302 2510 339 2538 21
382 2506 526 2545 Referre]
579 2505 739 2537 Amicitia
777 2506 953 2537 desistore.
1009 2510 1074 2536 tam
1091 2505 1284 2536 amicitiam.

258 2559 416 2598 Metapli.
432 2562 483 2588 est
500 2568 518 2587 a
533 2557 705 2587 militibus.
1051 2557 1091 2585 28
1119 2555 1264 2594 ΤΙιιίιιι-ιι]
1293 2556 1428 2585 Illorum
1446 2564 1565 2595 nempe
1583 2557 1704 2588 amico-

302 2612 342 2639 25
367 2607 527 2648 Strophio]
549 2607 702 2648 Pyladen
719 2606 816 2646 dicit,
833 2607 874 2637 de
891 2616 955 2647 quo
1010 2615 1081 2635 rum
1096 2604 1278 2634 decantata
1293 2603 1376 2634 fides
1394 2605 1427 2635 iu
1443 2605 1624 2645 tragoediis.

261 2658 394 2698 saepius,
412 2658 527 2690 Oresti
554 2657 704 2690 amicitia
720 2656 955 2696 conjunctissi-
1051 2658 1091 2685 32
1116 2655 1233 2694 Surda]
1260 2656 1307 2686 Ut
1327 2664 1427 2695 quam
1453 2655 1569 2697 iniisti,
1591 2665 1699 2698 neque

259 2716 334 2738 mus
1006 2704 1204 2745 intelligam,
1219 2714 1326 2746 neque
1339 2704 1496 2737 referam.
