1863 3193
568 166 809 199 Tnis'rmM
842 166 940 198 mn.
974 166 1006 199 1.
1035 156 1079 197 6.
1436 156 1551 201 2233

586 434 911 484 ELEGIA
963 435 1057 483 VI.

647 597 1004 632 ARGUMENTUM.

99 695 239 727 Uxoms
264 693 367 726 fidem
392 698 428 727 et
452 694 655 727 industriam
677 695 795 727 laudat
821 695 951 727 Poeta:
979 695 1079 737 quod,
1095 705 1171 727 cum
1194 694 1343 727 nonnulli
1360 693 1553 726 avidissime

139 749 308 780 inhiarent
322 749 395 789 ejus
416 749 551 790 opibus,
567 750 640 790 ipsa
660 750 795 790 ingenio
821 754 858 781 et
881 749 1064 780 amicorum
1095 748 1256 790 praesidio
1280 749 1413 789 integra
1442 747 1554 779 omnia

139 801 338 833 servaverit.
361 801 462 833 Unde
477 802 590 834 Poeta
606 802 798 834 verecunde
817 807 950 834 tantum
962 803 1158 844 pollicetur,
1175 812 1248 835 eam
1262 801 1335 834 fore
1353 802 1419 834 suis
1436 800 1554 833 carmi-

139 854 238 886 nibus
253 854 490 887 immortalem.

98 969 227 1027 NEC
250 989 416 1028 tantum
435 986 584 1028 Clario
601 986 724 1041 Lyde
746 986 910 1028 dilecta
932 985 1096 1039 po'etae,

155 1052 255 1094 Nec
275 1057 446 1095 tantum
467 1054 561 1095 Coo
584 1055 727 1095 Battis
749 1057 896 1093 amata
915 1065 997 1092 suo
1019 1056 1082 1092 est
1099 1066 1109 1093 ε

98 1119 358 1160 Pectoribus
376 1125 585 1172 quantum
604 1123 651 1159 tu
671 1119 850 1168 nostris,
874 1117 1017 1169 Uxor,
1041 1119 1255 1173 inhaeres3

156 1186 303 1238 Digna
321 1186 464 1225 minus
482 1186 658 1236 misero,
678 1199 763 1226 non
784 1185 960 1225 meliore
982 1186 1092 1227 viro.

97 1251 161 1292 Te
180 1264 292 1301 mea,
314 1252 553 1305 supposita
571 1252 706 1293 veluti
725 1251 863 1301 trabe,
881 1251 989 1292 fulta
1008 1252 1132 1292 ruina
1151 1255 1238 1293 est:
1528 1251 1554 1289 5

154 1317 307 1372 Siquid
328 1319 473 1360 adhuc
493 1333 574 1373 ego
597 1333 707 1369 sum,
734 1319 927 1360 muneris
947 1332 1074 1360 omne
1096 1320 1159 1360 tui
1181 1322 1266 1360 est.

96 1384 166 1425 Tu
185 1385 313 1437 facis,
332 1391 382 1429 ut
403 1387 597 1441 spolium
617 1400 671 1428 ne
692 1388 790 1437 sim,
809 1399 892 1427 neu
910 1386 1047 1428 nuder
1068 1387 1123 1428 ab
1144 1386 1248 1437 illis,

155 1451 389 1507 Naufragii
410 1456 584 1496 tabulas
606 1455 682 1509 qui
703 1455 871 1508 petiere
893 1456 993 1495 mei.

99 1517 244 1573 thue
264 1534 421 1575 rapax,
444 1523 699 1564 stimulante
720 1523 849 1573 fame,
872 1522 1144 1576 cupidusque
1165 1520 1333 1562 cruoris

156 1585 479 1631 incustoditum
501 1594 653 1644 captat
674 1590 788 1631 ovile
805 1590 958 1643 lupus:
1501 1586 1557 1627 10

143 1706 250 1747 Neque
270 1708 356 1749 Dyde
372 1708 442 1747 fuit
458 1712 580 1741 tantum
605 1713 710 1740 amata
732 1719 751 1740 α
771 1708 868 1740 Po'e'ta
887 1708 1017 1744 Clario;
1039 1716 1134 1748 neque
1150 1707 1261 1738 Battis
1275 1709 1398 1738 tantum
1412 1706 1524 1736 dilecta
1538 1716 1558 1737 a

100 1756 153 1777 8¹⁴⁰
172 1748 253 1784 C⁰⁰;
275 1755 422 1790 quantum
447 1755 482 1783 tu
508 1752 641 1783 inhoeres
656 1756 759 1783 nostro
775 1752 872 1791 cordi,
897 1761 914 1781 ο
928 1752 1055 1790 conjux,
1068 1751 1165 1789 digna
1181 1750 1295 1780 marito
1310 1749 1411 1780 minus
1427 1748 1558 1786 infelici,

97 1799 157 1820 non
173 1790 308 1821 meliore.
352 1795 459 1825 Meum
473 1795 627 1826 excidium
643 1798 686 1826 est
701 1797 906 1825 sustentatum
920 1804 939 1824 a
954 1796 984 1824 te
1000 1797 1145 1833 tanquam
1166 1793 1253 1823 trabe
1268 1792 1436 1823 submissa:
1459 1792 1486 1822 si
1501 1800 1557 1830 ego

97 1840 165 1862 sum
179 1831 278 1861 adlmc
292 1832 421 1872 aliquid,
447 1840 545 1867 totum
568 1841 613 1868 est
639 1847 678 1868 ex
700 1839 777 1868 dono
793 1841 856 1867 tuo.
907 1837 952 1867 Tu
964 1839 1105 1876 proestas,
1132 1838 1165 1866 ut
1190 1845 1228 1866 ne
1250 1835 1309 1865 sim
1330 1835 1458 1874 proedoe,
1483 1843 1557 1864 neve

97 1873 209 1914 spolier
223 1873 261 1903 ab
276 1873 338 1903 illis
353 1876 404 1913 qui
417 1878 592 1913 petiz-erunt
607 1889 722 1910 asseres
741 1879 801 1910 mei
816 1877 986 1918 naufragii.
1032 1879 1077 1909 Et
1092 1879 1341 1918 quemadmodum
1357 1878 1445 1917 lupus
1460 1885 1558 1906 torax

98 1920 128 1947 et
141 1916 249 1947 avidus
261 1916 423 1955 sanguinis
438 1916 605 1948 insidiatur
619 1921 693 1950 ouili
707 1922 807 1951 minus
821 1922 986 1962 custodito,
1000 1919 1088 1957 same
1102 1921 1275 1960 impellente
1286 1931 1298 1957 ;
1320 1921 1367 1950 vel
1381 1918 1475 1948 sicuti
1491 1918 1556 1947 wl-

713 2001 944 2012 coemeret-esee·

143 2057 162 2084 7
191 2055 238 2086 Ne
262 2054 381 2086 Heius.
402 2054 533 2096 recepit
549 2064 591 2086 ex
607 2055 713 2086 tribus
739 2058 824 2086 vett.
842 2064 903 2095 pro
920 2055 1009 2094 vulg.
1025 2059 1162 2086 nom—9
1184 2057 1279 2088 Unus
1296 2056 1392 2088 Med.
1416 2056 1555 2097 sitiensq.

145 2213 160 2242 l
177 2210 298 2251 Clario]
307 2210 801 2253 Antimachumdicitffloetam
900 2215 920 2243 2
946 2212 1024 2252 Coo]
1055 2212 1209 2244 Philetas
1224 2216 1286 2253 est,
1299 2212 1411 2245 Poeta
1425 2214 1558 2256 Elegio-

101 2261 261 2293 Graecum
289 2261 376 2292 haud
402 2262 597 2303 ignobilem,
623 2263 680 2304 qui
708 2263 802 2303 Lyde
858 2262 1006 2303 graphas
1023 2263 1072 2294 Co
1089 2263 1199 2293 insula
1218 2262 1392 2303 orhrndus,
1408 2265 1558 2305 quiBat-

102 2321 206 2343 uxore
230 2317 375 2353 mortua,
401 2322 500 2353 quam
527 2314 665 2355 egregie
689 2313 801 2344 animo
856 2313 961 2344 tidem
991 2323 1084 2344 suam
1123 2314 1327 2345 carminibus
1357 2315 1557 2349 celebravit.

101 2373 212 2396 caram
240 2365 370 2405 habuit,
395 2365 550 2406 Elegiam
574 2365 726 2396 moeroris
750 2374 800 2396 so·
856 2362 954 2394 Alex.
966 2362 1557 2407 Magnifloruitaetate3c0rporeque

100 2415 193 2447 laudi
206 2425 309 2448 causa
323 2417 472 2457 scripsit,
488 2417 498 2434 ‘
515 2417 641 2456 Lydeu’
655 2417 800 2449 nomine,
858 2413 982 2445 dicitur
995 2413 1099 2444 fuisse
1116 2414 1200 2445 adeo
1216 2415 1325 2454 tenui,
1341 2421 1390 2457 ut,
1415 2425 1458 2447 ne
1480 2425 1558 2446 ven-

104 2465 232 2497 Clarius
245 2466 370 2497 dicitur
383 2477 402 2497 a
414 2466 514 2498 Claro
527 2466 633 2498 Ioniae
650 2467 804 2507 civitate,
860 2468 971 2494 torum
996 2462 1133 2494 flatibus
1158 2470 1347 2505 raperetur,
1362 2466 1393 2496 ei
1415 2474 1557 2497 necesse

104 2513 269 2554 Apollinis
293 2517 432 2548 oraculo
467 2517 584 2556 nobili,
612 2517 712 2558 juxta
740 2518 803 2549 Co·
859 2513 964 2546 fuerit
979 2514 1154 2555 plumbum
1170 2515 1309 2548 addere.

103 2564 298 2603 lophonem:
324 2567 403 2608 quia
418 2576 498 2598 vero
515 2568 627 2599 Poeta
651 2568 717 2600 fuit
734 2569 803 2600 An·
901 2569 920 2596 8
934 2564 1082 2604 Tubulus]
1096 2565 1285 2597 Bonadicit
1295 2575 1370 2607 quae
1384 2566 1556 2607 Augustus

105 2613 268 2646 timachus
292 2621 394 2658 atque
419 2617 503 2649 adeo
521 2618 671 2658 Apollini
695 2628 803 2659 sacer,
859 2626 925 2648 non
944 2616 1094 2656 sustulit,
1115 2615 1267 2657 adeoque
1292 2626 1311 2647 a
1328 2616 1503 2658 naufragio
1523 2622 1558 2649 et

105 2663 254 2695 Clarium
272 2674 291 2694 a
306 2667 415 2699 vicino
431 2670 568 2701 oraculo
590 2680 689 2712 quam
707 2671 802 2703 0010-
858 2667 960 2698 exilio
1000 2672 1220 2706 supereraut;
1265 2667 1385 2708 quibus
1423 2678 1558 2710 quoquo

106 2713 264 2754 phonium
281 2713 394 2750 dicere
408 2719 539 2752 maluit.
857 2718 956 2751 modo
965 2721 1115 2760 enatare,
1125 2718 1381 2760 etaliquatenus
1394 2729 1557 2751 aerumnas
