1877 3193
580 156 732 188 nris'r.
769 157 835 187 Ex
870 157 1030 187 PoN'ro
1064 158 1161 189 ΜΒ.
1194 158 1226 189 1.
1258 149 1300 190 6.
1555 152 1669 195 2535

215 248 319 290 Hoc
340 262 513 304 quoque
534 249 741 292 Fortunae
764 252 896 302 sensi,
917 251 1037 305 quod
1059 253 1229 294 amicus
1249 254 1451 295 abesses:

274 316 363 366 Qui
383 318 488 358 mihi
510 319 766 371 praesidium
788 320 947 372 grande
965 320 1136 361 futurus
1156 334 1268 362 eras.

214 384 380 425 Tecum
399 390 501 425 tunc
525 386 702 427 aberant
724 401 851 439 aegrae
874 388 1034 428 solatia
1053 390 1233 439 mentis,
1615 389 1672 431 15

273 451 523 506 Magnaque
545 467 648 506 pars
672 456 828 495 animae
852 455 1110 507 consiliique
1132 457 1233 497 mei.

215 517 275 559 At.
294 532 421 568 nunc,
444 520 561 571 quod
581 525 793 573 superest,
816 521 880 560 fer
901 533 1044 573 opem,
1064 534 1229 574 precor,
1252 524 1424 564 eminus
1443 536 1572 565 unam
1589 538 1598 565 :

271 586 570 640 Alloquioquc
585 587 696 640 juva
715 591 892 641 pectora
910 590 1056 628 nostra
1075 590 1164 628 tuo.

217 653 328 703 Quae
348 652 454 708 (non
475 654 675 696 mendaci
697 656 734 696 si
756 656 995 709 quicquam
1020 655 1162 695 credis
1183 653 1351 711 amico)

272 721 416 763 Stulta
438 724 577 775 inagis
599 723 704 773 dici,
728 737 861 776 quam
886 723 1121 773 scelerata,
1141 723 1284 765 decet.
1620 726 1675 769 20

214 787 311 829 Nec
333 789 443 839 leve,
464 803 543 830 nec
565 794 718 840 tutum,
742 791 914 843 peccati
937 803 1036 843 quae
1061 792 1116 831 sit
1136 791 1273 844 origo,

271 856 497 899 Scribere:
531 859 706 900 tractari
726 859 906 900 vulnera
926 862 1075 898 nostra
1096 859 1267 900 timent.

216 923 544 979 Quaiicumque
566 926 698 967 modo
720 926 826 966 mihi
848 926 934 967 sint
951 939 1004 967 ea
1025 926 1160 976 facta,
1182 939 1336 980 rogare

274 993 464 1034 Desine:
497 1007 585 1035 non
607 995 759 1047 agites,
782 995 819 1035 si
842 1007 930 1048 qua
950 994 1070 1035 coire
1092 994 1215 1035 velis.

216 1059 443 1114 Quicquid
464 1061 509 1101 id
528 1066 608 1112 est,
629 1067 674 1103 ut
694 1076 782 1103 non
801 1063 986 1112 moinus,
1007 1063 1072 1103 sic
1093 1063 1236 1116 culpa,
1256 1061 1522 1104 vocandum.
1619 1064 1677 1106 25

273 1127 428 1169 Omnis
449 1143 505 1170 an
525 1131 569 1171 in
589 1143 771 1183 magnos
791 1131 923 1183 culpa
943 1131 1083 1180 Deos,
1103 1130 1251 1170 scelus
1272 1130 1375 1170 est?

212 1247 346 1288 stupido,
350 1248 371 1287 )
386 1249 507 1279 mli-ern·
523 1249 577 1279 hoc
592 1249 685 1279 etiam
702 1258 774 1279 esse
783 1248 864 1288 sati,
881 1249 960 1288 quod
974 1248 1092 1280 amicus
1106 1250 1196 1287 longe
1210 1259 1299 1286 esses,
1313 1249 1366 1290 qui
1377 1249 1453 1280 mila·
1460 1249 1578 1287 fuisses
1590 1259 1678 1290 mag-

213 1300 284 1320 uum
299 1291 491 1329 praesidium.
539 1292 625 1321 Tunc
641 1291 753 1321 solatia
765 1292 864 1321 animi
886 1291 998 1331 dejecti
1022 1291 1112 1330 longe
1126 1295 1229 1331 erant,
1256 1295 1286 1322 et
1312 1292 1389 1323 bona
1409 1302 1485 1332 pars
1511 1293 1623 1323 mentis
1646 1296 1677 1324 et

212 1332 333 1362 consilii
349 1333 419 1363 mei.
451 1334 496 1363 At
511 1343 603 1372 nunc,
617 1343 728 1374 quoew,
744 1335 822 1373 quod
838 1337 947 1373 restat,
960 1334 1112 1364 auxilium
1122 1344 1216 1365 unum
1227 1335 1329 1375 praebe
1343 1346 1358 1366 e
1372 1335 1550 1375 longinquo,
1565 1338 1594 1366 et
1604 1335 1680 1373 fove

211 1383 264 1405 cor
279 1377 416 1405 nostrum
434 1376 495 1406 tuis
509 1376 707 1407 sermonibus.
755 1377 855 1415 Quod,
871 1377 897 1406 sz·
913 1376 1109 1418 quamfidem
1124 1377 1216 1408 habes
1228 1378 1326 1408 amico
1341 1378 1455 1415 veraci,
1470 1378 1556 1409 (lebet
1570 1378 1677 1418 potius

210 1417 315 1447 vocari
335 1417 513 1458 imprudens
526 1429 617 1460 quum
632 1419 796 1458 nefarium.
845 1421 952 1459 Neque
972 1429 1118 1459 parrum,
1143 1430 1239 1460 neque
1253 1424 1378 1451 cautum
1391 1421 1523 1451 scribere
1538 1422 1678 1461 quisnam

210 1460 251 1490 sit
259 1459 336 1498 sons
351 1462 468 1501 culpae:
491 1465 598 1493 nostra
614 1463 739 1492 vulnera
755 1466 894 1492 metuunt
911 1463 1012 1500 tangi.
1061 1463 1181 1493 Omitte
1196 1463 1360 1503 exquirere
1384 1473 1568 1503 quocumque
1589 1465 1676 1495 modo

212 1512 248 1533 ea
263 1503 326 1534 sint
342 1504 419 1534 mihi
435 1505 558 1545 inflictu
571 1516 579 1535 :
604 1505 630 1535 sz'
645 1507 751 1544 cupias
766 1505 867 1543 aliqua
884 1504 1108 1543 conglutinari,
1124 1514 1161 1535 ne
1176 1515 1308 1536 moveas.
1354 1505 1511 1545 Quicquid
1526 1506 1604 1536 illud
1617 1509 1677 1544 est,

213 1550 245 1576 ut
263 1555 321 1576 mm
336 1546 495 1578 dicendum
504 1546 680 1587 flagitium,
704 1547 748 1577 sic
765 1545 947 1577 dicendum
962 1549 1144 1586 peccatum.-
1168 1557 1208 1578 an
1223 1557 1309 1579 omne
1320 1551 1480 1587 peccatum
1495 1548 1528 1578 in
1543 1549 1679 1579 excelsos

827 1645 1064 1658 eae‘aeeeaeteeoe

212 1718 228 1736 ο
252 1706 403 1738 1cz'i.—1l
429 1706 510 1747 Arg.
540 1710 574 1737 et
600 1707 642 1738 V.
669 1717 759 1747 quam
779 1707 1011 1748 primum—13
1037 1707 1297 1738 Hoc...F0rtunae
1321 1717 1362 1738 ex
1392 1707 1514 1738 Heius.
1542 1707 1680 1739 emend.

214 1759 290 1780 nam
315 1750 347 1780 in
374 1750 478 1780 Barb.
506 1749 782 1787 IIoc...F0rtuna,·
816 1750 849 1780 in
867 1751 920 1782 Sa.
940 1749 1020 1790 Arg.
1036 1750 1203 1781 Twisden.
1220 1755 1256 1781 et
1272 1755 1349 1781 octo
1365 1750 1439 1780 aliis
1455 1749 1678 1781 Hoc...Fortu-

213 1802 283 1823 nam
298 1803 306 1822 .·
331 1792 420 1832 vulg.
440 1793 840 1824 Hanc...Fortunam.—16
863 1794 987 1825 Am'moe
1001 1803 1043 1823 ex
1059 1802 1125 1824 uno
1142 1794 1184 1823 V.
1209 1793 1264 1823 alii
1280 1793 1387 1824 animi.
1410 1794 1493 1824 Tum
1514 1793 1581 1823 duo
1597 1793 1676 1824 libri

212 1835 446 1875 consiliumque:
482 1836 598 1866 Burni.
625 1837 715 1877 conj.
739 1835 1071 1877 confugiumque.—l7
1096 1835 1216 1867 Heius.
1245 1836 1395 1867 malebat
1421 1836 1514 1866 emin.
1529 1845 1678 1867 unum.—

214 1881 251 1909 21
281 1877 351 1908 ΑΙίἰ
369 1879 436 1909 Nec
452 1878 551 1918 breve,
566 1882 718 1910 nea—22
737 1880 833 1910 Unus
851 1879 934 1910 Cod.
945 1879 1070 1919 palpari
1085 1887 1146 1919 pro
1163 1878 1390 1909 tractari.——-25
1409 1878 1450 1908 R.
1464 1881 1499 1907 et
1512 1878 1678 1918 Excerpt.

215 1921 314 1952 Voss.
328 1922 383 1952 sed
400 1931 461 1961 pro
476 1922 541 1952 sic.-
566 1922 598 1952 in
615 1922 760 1962 vulgatis
775 1923 877 1952 etiam
894 1922 974 1961 culp.
990 1922 1125 1952 vocanda
1146 1924 1213 1957 est;
1238 1921 1297 1951 sed
1314 1921 1435 1951 Heius.
1449 1921 1617 1950 vocandum
1631 1923 1677 1951 est

215 1973 292 1995 cum
321 1964 431 1995 altero
457 1965 585 1996 Thnan.
602 1964 842 2005 praefert.—26
868 1963 988 1994 Heius.
1015 1964 1133 1994 mallet
1157 1964 1198 1994 ad
1216 1972 1362 2001 magnos:
1386 1963 1451 2002 vel,
1468 1962 1555 2003 quod
1571 1963 1678 2004 magis

217 2006 359 2047 arridet,
375 2008 414 2037 ad
430 2017 556 2047 magnos
570 2008 659 2047 culpa
672 2008 799 2038 scelesta
820 2007 914 2039 Deos.
958 2007 966 2023 ‘
982 2006 1055 2046 Ego
1072 2005 1154 2036 nihil
1170 2010 1297 2036 mntem
1314 2016 1321 2035 :
1354 2015 1430 2035 nam
1454 2006 1555 2046 culpa
1570 2005 1603 2035 in
1619 2005 1678 2037 ho-

215 2049 323 2079 mines
340 2059 406 2080 non
424 2055 476 2081 est
492 2060 627 2091 semper
642 2051 764 2088 scelus,
788 2049 846 2080 sed
872 2049 905 2080 in
931 2049 1026 2080 Deos
1049 2049 1151 2089 culpa
1174 2048 1277 2079 etiam
1295 2057 1356 2088 pro
1371 2048 1501 2079 scelere
1517 2048 1678 2089 habetur,

217 2096 251 2122 et
269 2091 323 2122 Dii
342 2092 446 2134 iniqui
462 2099 497 2124 et
514 2093 672 2124 crudeles
688 2093 813 2124 nullam
830 2093 921 2123 inter
937 2092 1072 2133 culpam
1089 2098 1124 2122 et
1139 2092 1248 2122 scelus
1272 2089 1504 2122 differentiam
1530 2100 1602 2122 esse
1619 2100 1681 2133 pa·

878 2196 1019 2229 NOTAE

215 2276 319 2308 exilio
336 2276 519 2309 mulctatus
535 2280 600 2313 est,
615 2277 744 2309 indicat
760 2277 882 2309 Po'e‘ta.
974 2288 1017 2310 ex
1034 2288 1101 2320 qua
1116 2276 1291 2309 calamitas
1308 2286 1366 2308 sua
1381 2271 1577 2316 augeretur]

260 2330 299 2359 13
325 2327 487 2368 Fortunae]
511 2327 688 2369 Adran-sm,
702 2328 774 2360 scil.
1016 2330 1057 2360 24
1075 2328 1148 2359 Νοη
1162 2327 1278 2368 agites]
1295 2327 1473 2368 Optimum
1489 2324 1676 2364 consilium,

260 2381 300 2410 14
325 2377 480 2418 Futuras]
502 2379 676 2420 Siquidem
692 2377 854 2411 affuisses.
973 2379 1038 2411 inis
1054 2378 1241 2420 praesertim
1259 2377 1315 2418 qui
1332 2386 1408 2408 cnm
1425 2373 1677 2416 potentioribus

259 2431 299 2460 17
324 2429 471 2469 Eminus]
493 2430 562 2461 Per
577 2430 748 2470 epistolam
975 2440 1030 2461 res
1046 2429 1175 2460 habent
1190 2426 1358 2459 difficiles.

259 2481 301 2509 20
317 2479 438 2519 Stulta]
455 2479 667 2520 Improvida,
681 2480 792 2512 minus
809 2485 920 2511 cauta.
1021 2481 1106 2521 Qua]
1129 2481 1288 2517 Vulnera,
1301 2477 1444 2508 scilicet.

260 2530 301 2558 21
325 2529 453 2568 Tutum]
482 2530 632 2571 Propter
659 2529 824 2562 offensum
851 2530 921 2561 Au·
1018 2536 1058 2564 25
1085 2533 1123 2562 Id
1138 2530 1197 2570 ese]
1222 2527 1448 2561 Quamobrem
1473 2535 1544 2557 sum
1572 2525 1676 2558 exilio

221 2581 366 2618 gnsmm·
975 2583 1168 2614 inuictatns.

262 2630 304 2659 22
324 2627 459 2667 Timent]
475 2629 570 2659 Istud
588 2630 682 2671 dicit,
695 2631 920 2671 periculosum
1019 2634 1060 2662 26
1085 2629 1195 2660 Omnis
1210 2627 1266 2667 an]
1290 2627 1426 2658 Summa
1443 2630 1515 2658 arte
1543 2630 1578 2659 et
1604 2637 1677 2659 sce-

222 2689 295 2712 csse
320 2679 363 2709 de
389 2679 491 2718 culpa
517 2688 576 2708 sua
601 2681 703 2711 verba
726 2681 856 2721 facere,
877 2691 920 2711 nc
975 2682 1027 2711 lus
1043 2689 1111 2711 ase
1127 2678 1296 2719 amolitur,
1309 2681 1344 2709 et
1357 2676 1512 2719 Augusto
1538 2678 1676 2710 adblan-

222 2729 396 2762 admonitu
419 2729 564 2760 Caesaris
579 2728 629 2760 ira
651 2732 925 2771 recrudesceret,
975 2731 1080 2762 ditur.
