1877 3193
542 188 697 221 Ertsr.
732 186 797 220 Ex
832 189 992 220 rouro
1027 191 1122 220 Lm.
1156 190 1207 220 11.
1238 180 1282 220 9.
1527 181 1640 223 2613

186 280 289 322 Non
308 282 389 323 tibi
411 282 714 325 Cassandreus
736 288 858 337 pater
877 289 955 333 est,
978 286 1175 337 gentisve
1199 284 1394 326 Pheraeae
1415 298 1426 336 ;

243 348 387 399 Quive
406 354 664 403 repertorem
685 353 836 391 torruit
857 355 948 391 arte
968 365 1075 392 sua:

185 414 274 456 Sed
296 429 429 469 quam
452 416 593 457 Marte
614 417 754 466 ferox,
778 421 820 457 et
841 418 958 457 vinci
980 420 1155 458 nescius
1178 419 1324 469 armis,
1583 419 1638 458 45

238 481 351 522 Tam
371 495 590 535 nunquam
610 483 732 522 facta
751 495 863 534 pace
887 482 1052 522 cruoris
1074 496 1239 524 amans.

183 547 326 598 Adde,
348 549 465 601 quod
488 549 698 601 ingenuas
720 548 932 588 didicisse
951 548 1136 589 fideliter
1156 555 1284 599 artes,

240 614 419 656 Emollit
438 627 596 663 mores,
617 626 697 655 nec
721 614 825 655 sinit
845 627 944 655 esse
964 615 1095 656 feros.

183 679 281 722 Nec
303 681 473 734 Regum
493 681 727 735 quisquam
747 683 887 735 magis
909 686 973 722 est
992 683 1235 723 instructus
1256 683 1311 723 ab
1333 683 1434 732 illis,

237 747 426 788 Mitibus
449 752 526 789 aut
544 749 704 790 studiis
724 753 920 802 tempora
940 749 1064 801 plura
1084 748 1217 790 dedit.
1580 750 1636 790 50

183 813 388 856 Carmina
405 819 643 867 testantur3
675 829 791 869 quae,
814 815 852 854 si
872 818 949 856 tua
970 817 1145 856 nomina
1163 815 1332 865 demas,

236 882 488 924 Threicium
501 884 710 937 juvenem
731 883 1036 936 composuisse
1058 895 1220 935 negem.

181 1011 329 1045 Alcinoi?
377 1015 584 1045 Cassandreus
609 1024 668 1044 non
691 1018 735 1045 est
752 1014 810 1045 tibi
823 1013 961 1053 genitor,
978 1017 1033 1045 aut
1045 1014 1150 1052 gentis
1167 1013 1306 1051 Phereae,
1331 1012 1378 1042 vel
1393 1011 1444 1051 qui
1457 1012 1571 1042 torruit
1587 1013 1635 1042 in-

178 1059 334 1086 ventorem
359 1060 426 1087 arte
440 1067 516 1087 sua:
537 1058 589 1087 sed
605 1067 694 1097 quum
711 1067 808 1088 soevus
824 1057 909 1096 bello,
935 1061 966 1087 et
981 1058 1099 1087 nescius
1114 1056 1253 1095 superari
1270 1055 1377 1092 armis,
1403 1058 1467 1084 tam
1483 1064 1634 1094 nunquam

179 1099 315 1135 gaudens
340 1100 489 1138 sanguine
509 1109 583 1139 pace
600 1099 702 1137 facta.
746 1099 857 1138 Adjice
881 1101 960 1139 quod
982 1100 1104 1129 doctum
1133 1108 1195 1128 esse
1217 1099 1359 1127 accurate
1381 1099 1465 1126 artes
1494 1096 1636 1127 liberales

170 1138 255 1175 saci!
274 1150 368 1171 mores
381 1142 531 1181 placidos,
546 1151 639 1181 neque
651 1142 774 1181 patitur
791 1151 853 1172 esse
876 1151 983 1172 soevos.
1029 1142 1134 1180 Neque
1150 1141 1229 1170 ullus
1242 1148 1352 1177 regum
1368 1141 1414 1168 est
1428 1138 1529 1181 magis
1545 1148 1634 1169 orna-

180 1185 230 1212 tus
242 1183 280 1212 ab
295 1183 369 1221 illis,
385 1187 440 1215 aut
453 1184 586 1223 proebuit
601 1185 690 1223 plura
702 1188 838 1223 tempora
853 1184 967 1214 studiis
982 1183 1132 1213 mollibus.
1183 1179 1527 1220 Versusfacz'tmtfidem
1540 1190 1550 1215 ;
1564 1191 1636 1219 quos

180 1225 436 1264 uegemjuvenem
454 1226 623 1257 Thracium
637 1226 806 1265 scripsisse,
832 1227 860 1256 si
888 1226 978 1256 tollas
1004 1228 1091 1255 tuum
1112 1233 1230 1255 nomen.
1280 1223 1321 1252 Et
1341 1231 1378 1252 ne
1405 1222 1543 1261 Orpheus
1559 1226 1634 1252 esset

787 1326 1021 1338 eeeeeeeeeeee

180 1403 324 1444 vulgatis
340 1403 518 1444 legebatur
538 1405 608 1435 Non
623 1403 681 1435 tibi
710 1403 901 1434 Cassandrus
913 1406 1004 1442 pater
1017 1406 1062 1433 est
1078 1404 1231 1442 durusque
1261 1401 1456 1442 Caphareus:
1477 1400 1534 1431 sed
1558 1402 1567 1417 ⁴
1586 1401 1632 1430 iu-

179 1451 260 1487 epte
274 1446 469 1487 Caphareus
486 1447 644 1488 scopulus
657 1456 732 1477 cum
745 1445 935 1477 Cassandro
950 1455 1029 1484 rege
1047 1445 1285 1484 conjungitur:
1312 1444 1407 1474 multi
1425 1454 1465 1473 ex
1482 1443 1633 1482 scriptis,

175 1490 335 1528 genitorve
365 1489 553 1529 Caphereus.
600 1488 823 1527 Argentiuus,
850 1487 907 1526 qui
939 1492 992 1517 est
1019 1486 1107 1516 inter
1134 1487 1293 1525 optimos,
1322 1487 1452 1515 durusre
1481 1485 1632 1515 Phareus.

177 1531 399 1562 Sarravianus
416 1531 563 1561 omnium
582 1530 795 1568 veterrimus,
816 1529 959 1566 gentisve
976 1528 1134 1563 Pherceoe,·
1159 1529 1335 1566 eleganter
1350 1532 1384 1557 et
1402 1536 1479 1556 vere
1498 1537 1504 1555 ε
1531 1536 1632 1566 quan-

179 1583 279 1613 quam
300 1573 422 1603 ‹Iit-uste
451 1573 599 1602 Pherams
629 1580 761 1611 quoque
788 1579 856 1600 non
889 1570 1091 1600 inconcinne
1119 1570 1223 1609 possit
1253 1568 1395 1608 reponi.’
1420 1568 1532 1598 Heius.
1566 1569 1631 1598 Sed

179 1614 246 1645 vid.
272 1615 448 1645 Not.Var.
470 1614 677 1644 Cassandreus
703 1613 805 1643 etiam
830 1621 871 1641 ex
899 1612 955 1643 Sa.
986 1611 1103 1643 Heius.
1120 1611 1527 1650 monetlegendnum.a-c15
1553 1611 1632 1641 Plu-

179 1656 254 1687 rimi
283 1657 400 1696 scripti
427 1656 489 1687 Sed
518 1657 568 1695 qui
593 1656 642 1686 Μ.
678 1655 761 1686 Mox
786 1655 860 1685 Pol.
881 1657 945 1684 tam
963 1663 1023 1693 pro
1047 1657 1176 1684 et.-=46
1201 1654 1303 1683 Multi
1323 1654 1442 1692 scripti
1472 1653 1516 1682 Et
1540 1663 1630 1692 mmq.

179 1703 214 1728 et
242 1698 325 1730 Jun.
357 1698 535 1733 Qut—50
570 1699 649 1729 Duo
673 1698 750 1728 libri
781 1696 913 1727 Artibus
938 1701 1009 1734 aut,
1040 1702 1074 1726 et
1106 1701 1174 1726 tres
1201 1695 1472 1726 Mollibus.-52
1502 1695 1630 1725 Decem

179 1740 256 1772 libri
283 1743 387 1781 putem
417 1750 478 1781 pro
503 1750 621 1780 negem.
659 1740 740 1773 Jun.
774 1740 821 1771 sic
854 1749 899 1770 νε.
927 1738 1069 1770 exhibet
1106 1739 1180 1769 Thr.
1212 1741 1312 1769 vatem
1339 1747 1437 1778 comp.
1471 1740 1629 1777 putem.—

840 1851 980 1884 NOTAE

973 1947 1128 1988 Pheroeae]
1162 1945 1390 1977 Alexandrum
1409 1944 1627 1975 Pheraeorum

929 1996 963 2027 in
980 1997 1151 2027 Thessalia
1166 1996 1434 2026 crudelissimum
1450 2000 1629 2035 tyrannum

931 2047 1100 2086 designat,
1130 2046 1172 2077 ab
1200 2055 1303 2077 uxore
1333 2045 1452 2076 Thebe
1490 2045 1628 2084 ejusque

222 1949 261 1977 87
298 1947 389 1977 Intra
418 1948 488 1988 tua]
539 1947 628 1980 Quia
657 1947 875 1988 undiquaque

176 1996 310 2035 Scythis
326 1997 443 2036 Cotyis
461 1998 600 2038 imperio
613 1997 774 2038 subjectis
786 1997 876 2028 cinc-

180 2052 233 2077 tus
250 2051 337 2084 erat,
353 2047 399 2077 sic
418 2047 578 2087 loquitur.

219 2098 259 2126 41
284 2096 492 2136 Antiphaten]
522 2097 590 2128 Hic
617 2098 874 2137 Laestrygonum

178 2154 237 2175 rex
254 2144 318 2175 fuit
334 2144 446 2176 efferis
470 2147 630 2186 moribus,
651 2147 782 2187 populis
799 2156 876 2177 cou-

178 2195 293 2226 similis
307 2195 432 2235 ingenii
458 2195 668 2236 imperitans,
685 2196 741 2236 qui
768 2196 877 2235 primo

177 2244 332 2284 Formiis,
363 2244 485 2275 deinde
524 2246 556 2275 in
595 2249 749 2276 extrema
777 2245 878 2276 Italia

175 2292 324 2325 Siciliam
342 2302 470 2332 versus,
487 2294 740 2325 habitaverunt.
776 2294 876 2324 Illum

177 2343 279 2374 docet
292 2343 458 2374 Homerus
471 2343 651 2384 exUlyssis
661 2343 760 2374 sociis
775 2353 876 2374 unum

178 2392 400 2424 devoravisse.

220 2446 260 2473 42
282 2444 422 2483 Alcinoi]
451 2444 631 2474 Phaeacum
650 2453 708 2474 rex
729 2444 876 2485 suitjus-

179 2492 337 2532 tissimus,
371 2494 468 2534 cujus
499 2495 740 2525 liberalitatem
769 2495 875 2525 sensit

179 2539 320 2579 Uiysses
335 2542 528 2581 naufragus.

222 2591 262 2619 43
290 2590 510 2628 Cassandreus]
538 2590 778 2630 Apollodorum
797 2594 875 2624 Cas-

181 2638 326 2669 sandriae
344 2643 523 2677 tyranuum
538 2640 704 2679 intellige,
719 2642 761 2672 de
778 2643 875 2682 cujus

180 2687 310 2718 saevitia
322 2697 392 2728 pra:
404 2688 527 2719 ceteris
536 2688 685 2720 AEuanus
693 2691 874 2724 Var.Hist.

181 2747 260 2770 xiv.
277 2741 329 2770 41.

930 2095 1094 2128 fratribus
1121 2095 1266 2136 denique
1294 2095 1553 2126 obtruncatum:
1587 2093 1628 2123 de

930 2156 996 2187 quo
1035 2145 1237 2185 Xenophon,
1271 2144 1444 2175 Diodorus
1483 2143 1629 2178 Siculus,

930 2196 1149 2235 Plutarchus,
1164 2195 1277 2226 Valer.
1295 2194 1474 2233 Maximus,
1490 2194 1559 2224 alii.

972 2249 1013 2278 44
1033 2245 1146 2285 Quive]
1162 2245 1313 2276 Phalaris
1331 2244 1358 2274 is
1375 2243 1453 2283 fuit,
1466 2244 1521 2284 qui
1535 2244 1629 2274 Peri-

929 2297 1008 2328 lium
1028 2297 1113 2328 aenei
1130 2295 1225 2327 bovis
1244 2299 1468 2335 repertorem,
1483 2303 1548 2334 quo
1571 2294 1627 2323 ho-

930 2348 1036 2378 mines
1074 2346 1193 2378 inclusi
1231 2348 1454 2381 torrerentur,
1485 2342 1628 2382 primum

929 2398 1077 2428 omnium
1108 2406 1168 2427 sua
1198 2400 1270 2425 arte
1307 2392 1526 2425 excruciavit.
1573 2392 1627 2421 De

930 2447 1050 2487 quibus
1068 2446 1100 2476 in
1113 2443 1353 2484 superioribus.

973 2502 1010 2528 51
1037 2497 1074 2527 Si
1090 2494 1205 2533 demas]
1246 2494 1291 2523 Ut
1316 2502 1333 2521 a
1350 2501 1413 2531 quo
1432 2490 1627 2529 conscripta

929 2547 1056 2577 fuerint
1068 2542 1216 2575 carmina
1228 2552 1288 2582 per
1302 2550 1421 2571 nomeu
1434 2540 1626 2579 appositum

930 2606 995 2627 nou
1012 2594 1229 2633 intelligatur.

972 2648 1011 2674 52
1024 2641 1209 2680 Threicium]
1223 2640 1333 2681 Atque
1344 2640 1426 2670 adeo
1438 2638 1627 2679 barbarum,

929 2695 1133 2735 minimeque
1150 2692 1277 2725 Latinis
1293 2691 1398 2722 literis
1416 2691 1598 2722 exoratum.
