1877 3193
232 132 348 175 2478
439 118 441 120 ’
717 143 759 173 1³.
795 142 953 173 ovum
988 140 1202 173 NAsouls

235 236 383 288 Quam
403 237 522 293 quia,
543 237 615 279 cui
633 236 808 279 minime
827 236 999 287 vellem,
1021 236 1104 278 sim
1122 247 1263 278 causa
1282 233 1465 290 pudoris
1481 247 1493 287 3
1658 236 1687 276 5

288 306 441 360 Teque
461 318 556 347 rear
575 304 738 346 nostris
759 304 980 346 erubuisse
998 303 1145 345 malis.

233 373 396 424 Perfer,
418 377 461 414 et
480 372 645 414 obdura
664 386 673 413 :
704 372 844 414 multo
864 372 1065 426 graviora
1082 371 1239 422 tulisti,

290 440 403 482 Cum
423 454 492 481 me
515 440 728 493 surripuit
748 439 974 494 Principis
992 441 1055 481 ira
1075 439 1170 482 tibi.

234 507 420 549 Fallitur
439 508 519 548 iste
534 510 693 557 tamen,
716 520 801 561 quo
815 507 967 561 judice
988 506 1187 548 nominor
1203 506 1324 548 exul.

290 574 469 616 Mollior
488 577 554 616 est
571 574 748 627 culpam
768 586 902 628 poena
922 577 1075 615 secuta
1094 586 1250 614 meam.
1631 570 1688 612 10

235 641 437 683 Maxima
456 653 593 694 poena
610 639 717 680 mihi
737 643 820 690 est,
841 641 987 693 ipsum
1009 639 1265 681 offendisse:
1295 636 1505 694 priusque

288 708 496 749 Venisset
513 706 686 747 mallem
705 705 866 746 funeris
884 706 994 746 hora
1013 706 1133 747 mihi.

233 773 417 825 Quassa
435 778 580 814 tamen
598 774 749 813 nostra
769 774 850 821 est,
870 784 959 812 non
978 771 1134 822 fracta,
1152 785 1231 814 nec
1252 773 1406 816 obruta
1424 771 1616 828 puppis:

290 841 440 895 thue
461 842 579 881 caret
597 842 750 893 portu3
782 838 847 879 sic
869 842 1016 879 tamen
1037 841 1160 880 extat
1179 838 1321 892 aquis.

235 907 334 948 Nec
354 907 507 956 vitam,
522 918 601 947 nec
623 917 750 959 opes,
770 917 850 945 nec
864 904 939 959 jus
957 903 1064 945 mihi
1085 904 1195 946 civis
1217 903 1400 958 ademit3
1629 903 1688 945 15

293 973 406 1025 Quae
425 974 564 1016 merui
583 972 691 1015 vitio
711 972 895 1028 perdere
917 976 1077 1014 cuncta
1094 984 1212 1014 meo.

235 1096 348 1134 infelix
361 1099 506 1132 sirenum
528 1105 619 1136 quam
634 1097 715 1136 quod
729 1096 788 1127 sim
804 1105 896 1128 causa
910 1094 1032 1126 ruboris
1045 1095 1095 1126 cui
1118 1094 1245 1125 minime
1265 1093 1385 1133 vellem,
1407 1096 1438 1124 et
1453 1092 1575 1124 credam
1591 1095 1622 1124 te
1636 1102 1692 1134 pu-

234 1140 306 1170 dore
317 1138 469 1180 suffusam
483 1148 523 1169 ex
545 1139 660 1169 nostris
674 1138 866 1176 infortunii-³3.
911 1138 1027 1176 Perfer
1049 1141 1079 1169 et
1102 1137 1237 1168 obdura.-
1256 1145 1348 1177 passa
1373 1145 1405 1168 es
1429 1136 1526 1167 multo
1550 1135 1691 1176 duriora,

234 1191 304 1211 cum
318 1181 367 1211 ira
384 1181 520 1211 Caesaris
533 1180 662 1211 abstulit
677 1190 724 1211 me
739 1181 807 1211 tibi.
855 1181 919 1211 Iste
934 1183 1049 1219 tamen,
1071 1180 1158 1219 cujus
1172 1179 1304 1211 arbitrio
1315 1179 1402 1210 dicor
1417 1179 1502 1217 exul,
1525 1179 1692 1220 decipitur.

236 1223 334 1254 Poena
348 1223 443 1253 levior
454 1223 563 1253 addita
573 1226 619 1253 est
626 1226 751 1262 peccato
763 1232 838 1253 meo.
881 1221 1074 1262 Supplicium
1085 1226 1131 1253 est
1143 1221 1220 1252 mihi
1231 1222 1435 1262 asperrimum
1445 1221 1544 1261 ipsum
1557 1221 1668 1253 laesisse
1678 1231 1692 1259 ‚·

235 1269 267 1295 et
280 1266 402 1296 mallem
415 1268 488 1295 ante
515 1265 590 1294 hora
613 1275 688 1295 meae
712 1265 821 1294 mortis
844 1264 1016 1294 incidisset.
1062 1265 1163 1294 Naris
1177 1268 1280 1295 tamen
1299 1267 1404 1294 nostra
1425 1267 1471 1294 est
1497 1274 1616 1303 quassa,
1630 1273 1691 1295 non

229 1307 347 1347 sraela,
374 1316 469 1346 neque
483 1316 583 1338 mersa
595 1317 606 1344 ‚-
629 1309 660 1338 et
674 1307 768 1337 sicuti
791 1306 942 1337 destituta
965 1308 1010 1336 est
1033 1309 1138 1344 portu,
1164 1306 1211 1335 z'ta
1236 1309 1340 1336 tamen
1354 1305 1465 1335 eminet
1480 1315 1571 1345 super
1586 1315 1690 1345 aquas.

238 1350 345 1391 Neque
358 1349 483 1380 sustulit
499 1350 575 1380 nzihi
590 1350 697 1390 vitam,
711 1358 808 1390 neque
816 1349 1001 1387 facultates,
1016 1357 1111 1388 neque
1117 1348 1172 1386 jus
1186 1347 1275 1388 civis,
1289 1357 1358 1388 quae
1373 1347 1473 1378 omnia
1485 1347 1583 1378 merui
1597 1347 1691 1379 amit·

847 1420 1083 1433 eeeeeeeeeeee

280 1469 298 1496 5
325 1465 506 1500 Qnia...sim
532 1464 652 1495 Heius.
680 1464 855 1504 rescripsit
880 1473 922 1495 ex
950 1464 1146 1495 melioribus
1173 1473 1235 1503 pro
1260 1463 1352 1503 vulg.
1380 1464 1575 1502 quod...sum:
1598 1463 1689 1494 unde

237 1508 339 1538 eliam
355 1508 387 1538 in
403 1516 474 1547 seq.
498 1516 600 1538 versu
617 1506 720 1537 etiarn
738 1507 822 1546 legit
844 1516 916 1537 rear
931 1516 994 1546 pro
1007 1515 1087 1536 reor.
1132 1505 1313 1535 Tredecim
1329 1505 1405 1535 libri
1428 1515 1509 1536 caus.
1524 1506 1690 1537 doloris.—

237 1553 257 1581 6
280 1550 375 1581 Leid.
390 1553 487 1581 nostr.
504 1548 668 1580 indoluisse
681 1549 816 1579 mal—7
839 1548 909 1578 Pro
925 1549 1020 1579 multo
1036 1547 1173 1588 quidam
1191 1546 1298 1578 Codd.
1312 1548 1439 1578 multum
1448 1557 1461 1583 ,·
1477 1547 1542 1577 Ms.
1558 1548 1690 1579 Ber-sm.

237 1592 377 1623 nimium.
420 1592 504 1622 Tum
524 1593 585 1622 Be.
608 1591 715 1631 pejora
730 1592 850 1622 tuh—8
877 1591 957 1621 Cum
971 1600 1018 1621 me
1033 1589 1185 1629 surripuit
1201 1598 1243 1619 ex
1259 1598 1324 1619 uno
1341 1588 1426 1620 Cod.
1444 1588 1553 1619 edidit
1567 1589 1690 1620 Heius.

237 1644 299 1674 pro
314 1635 406 1675 vulg.
435 1634 562 1675 Eripuit
576 1644 644 1664 cum
660 1643 718 1665 me.
761 1633 849 1664 Tum
865 1633 945 1665 Jun.
971 1632 1105 1663 Caesaris
1130 1633 1199 1668 ira;
1222 1636 1257 1662 et
1275 1641 1324 1671 pr.
1352 1631 1428 1662 Pol.
1445 1636 1480 1662 et
1496 1635 1567 1671 opt.
1593 1631 1690 1662 Med.

228 1676 368 1715 judicis.-
392 1676 509 1707 Heins.
527 1676 645 1706 suadet
661 1676 868 1706 vindici3.——9
892 1676 952 1707 Be.
969 1685 1046 1706 cum
1072 1673 1202 1706 duobus
1217 1674 1292 1705 aliis
1316 1674 1368 1704 ille
1390 1683 1453 1714 pro
1468 1674 1624 1705 ista—13
1648 1674 1691 1705 In

238 1719 384 1759 vulgatis
401 1718 624 1756 scribebatur,
642 1718 679 1752 Q.
696 1722 797 1748 tamen
810 1722 916 1748 nostra
932 1721 990 1756 est,
1006 1728 1061 1748 nec
1076 1726 1187 1754 mersa,
1211 1726 1266 1747 nec
1292 1715 1402 1746 obruta
1417 1717 1517 1747 navis.
1560 1716 1691 1756 Scripti

237 1771 298 1792 non
313 1770 432 1792 mersa.-
448 1771 506 1790 sex
524 1761 637 1798 etiam,
658 1761 786 1800 puppis:
810 1760 896 1791 bene
912 1760 1016 1791 etiam
1034 1760 1132 1799 prim.
1147 1759 1223 1789 Pal.
1250 1769 1310 1789 non
1320 1758 1451 1796 fracla;
1475 1768 1517 1789 ne
1533 1758 1584 1789 bis
1599 1758 1692 1790 idem

238 1803 349 1834 dicat:
375 1802 432 1834 sed
449 1808 483 1834 et
498 1802 535 1832 τὸ
550 1807 651 1833 tamen
664 1808 859 1842 suspectum
875 1807 938 1840 est,
961 1812 1038 1833 cum
1064 1802 1097 1832 id
1119 1811 1196 1832 mox
1214 1811 1312 1832 versu
1329 1800 1484 1842 sequenti
1501 1804 1691 1842 repetatur.

238 1845 368 1885 Scribe,
405 1846 445 1880 Q.
472 1846 551 1876 mari
577 1849 682 1876 nostra
707 1849 765 1885 est,
798 1856 856 1876 non
875 1845 996 1885 fracta,
1017 1855 1070 1875 nec
1097 1844 1205 1875 obruta
1231 1844 1367 1884 puppis:
1391 1844 1457 1882 vel,
1481 1843 1520 1878 Q.
1544 1843 1630 1880 salo,·
1653 1847 1692 1874 ut

238 1888 363 1919 omissa
381 1888 470 1928 prior
487 1888 614 1928 syllaba
630 1889 661 1918 in
678 1889 754 1929 salo,
781 1898 854 1928 quae
871 1888 987 1919 ultima
1004 1892 1078 1918 erat
1096 1888 1186 1918 vocis
1203 1888 1357 1927 proxime
1374 1885 1614 1926 praecedentis,
1639 1894 1691 1917 so·

238 1931 329 1961 lenni
356 1931 568 1961 librariorum
599 1940 726 1969 errore,
760 1930 972 1962 occasionem
1003 1930 1079 1970 loco
1118 1929 1254 1960 dederit
1283 1927 1540 1968 corrumpendo.
1575 1927 1690 1959 Heins-

240 1974 354 2012 Forte,
380 1974 420 2008 Q.
438 1973 558 2013 quidem
582 1977 686 2003 nostra
712 1976 767 2004 est.
812 1973 901 2006 Nam
926 1973 1036 2004 minus
1063 1976 1114 2003 est
1140 1974 1150 1989 ⁶
1170 1971 1312 2012 quassa‚'
1336 1980 1433 2011 quam
1457 1971 1465 1986 ⁴
1488 1968 1621 2010 fracta,'
1656 1974 1693 2002 et

238 2016 247 2030 ‘
274 2015 418 2046 obruta'
444 2014 625 2046 fluctibus:
650 2016 658 2031 ‘
682 2015 846 2047 Quassae’
868 2015 957 2046 enim
986 2014 1080 2045 refici
1107 2020 1270 2055 possunt;
1305 2018 1342 2044 ut
1373 2013 1496 2043 Horat.
1521 2012 1590 2043 Od.
1616 2020 1642 2043 1.
1659 2015 1690 2043 1.

241 2056 343 2095 dicit;
378 2057 438 2088 sed
479 2057 596 2088 fractae
625 2061 661 2088 et
694 2058 825 2088 obrutae
853 2057 988 2098 penitus
1023 2058 1208 2096 perierunt.
1242 2057 1440 2087 Burm.—15
1476 2055 1572 2086 Unus
1603 2053 1692 2086 liber

240 2100 354 2130 ademit
367 2109 452 2139 posse
466 2101 601 2133 reverli;
626 2100 714 2139 quod
732 2101 848 2130 Burm.
873 2104 973 2140 putat
989 2099 1165 2131 librarium
1182 2099 1315 2140 cepisse
1330 2108 1372 2129 ex
1388 2098 1491 2128 Pont.
1506 2106 1529 2127 1.
1543 2100 1576 2127 7.
1593 2099 1692 2128 47.—

243 2143 282 2171 16
307 2142 385 2176 Qua>
410 2141 530 2171 Heius.
553 2141 698 2180 protulit
729 2151 771 2171 ex
801 2142 893 2173 libris
919 2147 1086 2182 quatuor;
1122 2142 1213 2181 urlg.
1245 2141 1330 2175 Qui.-
1354 2149 1407 2181 pr.
1431 2140 1508 2170 Pal.
1535 2139 1691 2174 Quam.—

899 2225 1039 2256 NOTAE

284 2292 302 2317 6
330 2287 405 2327 Cui]
427 2287 549 2326 Uxori,
565 2287 708 2326 scilicet,
726 2287 855 2327 optime
869 2297 936 2318 me-
1036 2290 1074 2317 13
1110 2285 1245 2325 Quassa]
1277 2285 1416 2324 Optime
1447 2283 1587 2324 exponit
1616 2284 1688 2316 haec

241 2338 330 2368 ritae.
992 2336 1200 2376 comparatio
1218 2334 1297 2375 quid
1324 2334 1456 2365 exulem
1483 2334 1572 2365 iuter
1587 2338 1621 2365 et
1638 2344 1689 2365 re-

285 2390 304 2418 7
341 2387 512 2426 Graviora]
551 2385 715 2427 Adeoque
745 2391 779 2418 et
809 2386 937 2417 leviora
991 2384 1357 2426 legatumintercedat.

243 2441 340 2477 potes
356 2436 463 2467 ferre:
489 2447 565 2477 quan
592 2436 730 2467 ferenda
749 2446 822 2467 esse
843 2446 936 2467 amor
1035 2434 1238 2473 Nonfractu]
1262 2434 1351 2466 Quia
1366 2434 1398 2464 in
1416 2434 1559 2473 patriam
1576 2434 1689 2466 redire

243 2488 431 2527 conjugalis
447 2487 576 2517 suadet.
991 2485 1093 2525 possit
1112 2485 1292 2521 relegatus.

286 2540 325 2567 10
349 2537 489 2578 Mollior]
512 2537 601 2570 Quia
625 2547 687 2568 uon
710 2538 797 2576 exul,
812 2537 868 2567 sed
887 2546 936 2568 re·
1039 2535 1102 2565 Nec
1126 2534 1249 2573 obruta]
1282 2534 1368 2566 Quia
1395 2544 1461 2565 uon
1488 2534 1689 2566 interemtus

243 2587 388 2625 legatus,
404 2587 527 2617 «lictus.
992 2585 1116 2616 Poeta.

288 2638 324 2664 11
350 2636 462 2676 Prius]
500 2637 691 2678 Antequam
709 2637 876 2669 Caesarem
891 2636 940 2668 of-
1037 2637 1075 2665 14
1102 2633 1211 2673 Caret]
1244 2634 1398 2674 Namque
1424 2633 1577 2664 maximis
1601 2633 1688 2664 cala-

243 2682 437 2716 fendissem.
993 2684 1164 2715 :nitatibus
1180 2684 1214 2714 iu
1231 2684 1553 2724 Pontojactabatur
1566 2683 1687 2715 Poeta.
