1877 3193
570 168 724 201 misr.
757 169 822 200 Ex
858 170 1016 200 PoN'ro
1050 171 1146 202 Lm.
1179 171 1244 202 iv.
1276 161 1316 203 1.
1552 163 1663 207 2681

165 305 169 307 .
212 262 353 318 quue
373 264 494 305 sinas
517 277 619 318 oro;
649 277 730 307 nec
752 265 948 308 fastidita
965 267 1156 322 repellas

268 332 446 374 Verba:
477 346 560 374 nec
580 334 726 376 officio
745 335 910 375 crimen
930 335 1076 376 inesse
1094 339 1238 390 putes.
1610 337 1664 376 90

211 399 268 440 Et
288 400 399 441 levis
417 400 512 442 haec
533 401 702 443 meritis
722 401 930 442 referatur
949 403 1094 454 gratia
1112 404 1244 444 tantis
1264 418 1274 445 :

267 466 345 508 Sin
365 466 537 520 minus3
567 469 706 509 invito
725 472 768 509 te
786 480 960 520 quoque
980 471 1128 519 gratus
1149 483 1239 510 ero.

207 533 448 588 Nunquam
467 536 593 588 pigra
611 534 695 575 fuit
714 533 870 574 nostris
891 537 967 574 tua
987 534 1126 586 gratia
1146 536 1301 577 rebus:

263 601 362 643 Nec
380 602 488 643 mihi
504 601 736 642 munificas
756 613 859 642 arca
875 601 1052 654 negavit
1072 615 1194 656 opes.

206 668 338 710 Nunc
359 682 531 724 quoque
550 669 612 710 nil
633 669 790 710 subitis
811 669 1045 710 clementia
1064 670 1213 712 territa
1233 670 1334 713 fatis
1606 671 1663 712 25

259 734 494 777 Auxilium
515 736 619 777 vitae
640 735 810 789 fertque
833 736 1031 790 feretque
1050 750 1175 779 meae.

203 802 347 854 Unde,
368 816 494 856 roges
510 804 673 854 forsan,
694 803 859 844 fiducia
878 806 1004 844 tanta
1021 803 1155 845 futuri

258 870 329 912 Sit
348 871 471 912 mihi.
520 870 655 920 Quod
674 871 777 912 fecit
799 871 984 924 quisque
1007 875 1150 912 tuetur
1167 884 1294 926 opus.

201 936 264 978 Ut
281 937 431 979 Venus
452 938 629 979 artificis
649 938 772 979 labor
792 942 859 978 est
880 942 924 979 et
945 939 1081 990 gloria
1103 937 1200 989 Coi,

256 1006 480 1060 AEquoreo
501 1005 700 1047 madidas
720 1019 820 1060 quae
843 1007 1002 1059 premit
1023 1007 1160 1047 imbre
1181 1019 1359 1061 comas3
1600 1006 1657 1048 30

199 1071 330 1114 Arois
351 1077 397 1114 ut
416 1072 587 1114 Aetaeae
609 1072 682 1114 vel
701 1073 866 1114 eburna
886 1074 956 1115 vel
977 1086 1101 1114 aenea
1122 1078 1288 1125 eustos,

255 1140 431 1182 Bellica
448 1140 664 1181 Phidiaca
684 1144 771 1181 stat
793 1140 892 1181 Dea
908 1140 1030 1183 facta
1048 1154 1179 1182 manu
1195 1153 1207 1192 ς

195 1266 262 1304 das,
277 1274 372 1306 neque
382 1273 508 1305 respuas
521 1274 606 1294 voces
620 1266 800 1302 contemtus,
816 1274 912 1304 neque
925 1265 1031 1295 credas
1047 1274 1108 1296 esse
1118 1264 1231 1296 vitium
1241 1264 1276 1296 in
1290 1265 1407 1306 officio:
1429 1269 1460 1297 et
1475 1266 1540 1297 hoec
1556 1266 1656 1297 tenuis

191 1308 300 1346 gratia
313 1309 502 1347 rependatur
514 1306 576 1336 tuis
592 1306 746 1346 beneficiis
756 1317 766 1336 .·
789 1307 837 1336 sin
852 1306 953 1337 minus
968 1317 1019 1338 ero
1031 1308 1124 1338 etiam
1134 1310 1248 1346 gratus
1262 1311 1293 1339 te
1307 1309 1439 1340 nolente.
1484 1310 1656 1349 Nunquam

187 1350 282 1387 favor
296 1353 367 1380 tuus
388 1349 455 1386 fuit
469 1349 571 1386 segnis
586 1348 620 1379 in
636 1349 752 1379 nostris
766 1349 901 1388 negotiis
912 1360 925 1386 ,·
948 1359 1042 1389 neque
1060 1355 1154 1381 tuum
1169 1350 1319 1381 scrinium
1333 1351 1499 1390 denegavit
1514 1352 1591 1383 mihi
1606 1352 1656 1382 di-

192 1392 287 1423 vitias
298 1392 447 1423 liberale&
492 1392 584 1422 Nunc
609 1391 704 1421 etiam
730 1390 940 1423 benevolentia
964 1396 1019 1423 tua
1044 1393 1125 1423 nihil
1148 1394 1268 1433 repulsa
1295 1403 1371 1425 mea
1394 1395 1477 1425 clade
1492 1395 1655 1435 repentina

191 1435 308 1474 praebet
331 1438 361 1465 et
375 1434 522 1475 prcebebz't
544 1444 630 1474 opem
650 1433 724 1464 vitae
748 1444 834 1465 meae.
882 1435 1038 1474 Requiras
1052 1435 1206 1474 forsitan,
1232 1438 1311 1466 unde
1331 1437 1371 1466 sit
1392 1437 1469 1467 mihi
1485 1441 1573 1468 tanta
1588 1446 1656 1477 spes

192 1478 301 1508 futuri.
348 1478 484 1517 Quisque
509 1476 648 1514 defendit
672 1486 745 1515 opus
768 1478 846 1516 quod
867 1478 999 1507 struxit.
1047 1478 1310 1511 Quemadmodum
1341 1479 1442 1509 Venus
1466 1489 1534 1518 quae
1557 1479 1654 1510 siccut

191 1521 316 1560 capillos
332 1521 472 1550 humidos
486 1529 564 1558 aqua
578 1519 674 1548 maris
694 1521 740 1548 est
755 1518 841 1548 labor
855 1523 884 1549 et
910 1520 976 1548 laus
991 1519 1122 1559 artificis
1140 1520 1198 1549 Coi
1208 1530 1219 1555 ;
1241 1522 1492 1559 quemadmodum
1508 1522 1578 1551 Dea
1594 1521 1654 1550 bel-

192 1563 264 1602 lica,
280 1566 380 1593 custos
395 1563 440 1593 vel
452 1561 583 1592 eburnea
599 1561 645 1590 rel
659 1569 743 1590 a’nea
759 1561 842 1591 arcis
861 1561 1074 1601 Atheniensis,
1091 1565 1191 1593 erecta
1207 1565 1253 1592 est
1269 1572 1360 1593 manu
1376 1563 1501 1593 Phidia>
1513 1574 1525 1600 ;
1547 1573 1650 1603 quem-

804 1643 899 1655 &Mee
903 1643 919 1654 t
923 1643 1016 1654 enee
1020 1645 1037 1654 e·

190 1702 266 1733 huie
285 1702 358 1733 loeo
375 1700 515 1741 pulchre
533 1700 703 1731 convenit.
722 1700 847 1732 Fabric.
883 1701 966 1731 Mox
984 1711 1067 1731 unus
1084 1701 1168 1732 liber
1184 1711 1242 1732 non
1258 1702 1429 1732 meminisse
1445 1701 1587 1733 tui.-21
1606 1701 1648 1733 P.

191 1746 280 1776 Dan.
298 1750 333 1776 et
350 1745 433 1775 alius
448 1745 505 1774 lev.
522 1743 660 1774 emeritis
674 1743 767 1781 refer.
814 1744 881 1774 Ms.
899 1744 1029 1775 Bersm.
1046 1754 1085 1775 ex
1100 1744 1239 1780 meritis;
1262 1744 1338 1775 Pol.
1362 1748 1397 1775 et
1424 1744 1601 1775 duodecim
1618 1748 1648 1775 et

188 1788 328 1818 meritis.-
350 1786 492 1817 Heinsio
514 1795 580 1816 nou
604 1785 808 1825 displicebat
824 1796 840 1817 e
855 1787 987 1817 meritis.
1032 1787 1116 1817 Mox
1134 1787 1310 1818 Feschiau.
1333 1786 1436 1826 gloria
1453 1796 1514 1827 pro
1527 1787 1648 1825 gralia.

187 1833 273 1861 —26
295 1830 418 1869 Feretq.
443 1838 486 1859 ex
505 1828 623 1859 Heius.
641 1828 775 1859 emend.
794 1829 893 1869 vulgo
909 1829 1084 1869 refertque:
1109 1829 1297 1869 Ha.ferque
1312 1830 1550 1869 referque.—27
1570 1829 1646 1859 Duo

188 1872 265 1903 libri
282 1872 430 1904 Forsitan
444 1873 523 1901 unde
537 1881 640 1909 roga8‚
653 1871 753 1911 fiduc.
770 1871 898 1911 vulgati
914 1872 1017 1902 etiam
1032 1882 1125 1911 rogas
1138 1872 1287 1910 habeut3
1310 1882 1399 1910 roges
1416 1872 1535 1902 Heius.
1553 1880 1647 1902 rece-

187 1915 239 1954 pit
257 1925 297 1945 ex
315 1916 383 1946 Ha.
415 1915 498 1944 Mox
516 1923 636 1943 noveni
654 1914 728 1943 libi-i
745 1917 824 1944 tant.
844 1913 1056 1951 futurae-28
1080 1914 1121 1944 In
1138 1914 1419 1955 nonuullisfinxit
1438 1923 1497 1953 pro
1506 1913 1646 1952 fecit.—

187 1960 227 1988 30
252 1958 310 1988 Pr.
330 1958 391 1988 Ed.
415 1967 481 1997 quae
505 1959 645 1996 premat.-
669 1961 740 1986 tuui
759 1957 798 1986 R.
814 1956 904 1995 igne:
928 1961 964 1986 et
990 1957 1056 1986 duo
1086 1956 1162 1987 libri
1185 1960 1377 1996 genas.-—3l
1402 1957 1502 1987 Ainea
1525 1956 1645 1996 scripti

187 2000 350 2040 potiores,
375 2005 464 2031 teste
492 1999 611 2029 Heius.
644 2000 732 2038 vulg.
763 2008 864 2029 area:
900 2003 936 2029 at
966 1999 1087 2030 Heius.
1118 2009 1212 2030 aurea
1243 1999 1457 2030 scribendum
1488 2004 1645 2039 putat.--

844 2096 875 2127 N
881 2095 983 2127 0⁷1*AE

230 2173 267 2201 17
298 2168 361 2209 Ea]
385 2169 437 2199 De
454 2178 541 2209 aqua
563 2168 702 2199 Lethaea
726 2169 888 2210 loquitur,
940 2169 1182 2203 benevolentia
1198 2182 1250 2202 uie
1269 2171 1547 2212 semperjuvisu.

185 2221 351 2262 quomodo
365 2219 445 2250 alibi
459 2220 573 2258 etiam,
588 2220 683 2260 quasi
697 2219 801 2259 dicat,
814 2219 886 2249 nul-
982 2224 1022 2252 24
1047 2222 1233 2264 Mung'ficas]
1252 2222 1398 2253 Divitias
1414 2222 1555 2253 hominis
1570 2232 1640 2253 ruu-

184 2273 248 2303 lam
274 2281 370 2309 esse;
394 2275 430 2301 et
459 2279 648 2310 quanquam
678 2268 794 2305 fuerit..
817 2278 884 2300 nou
937 2271 1029 2302 nifici
1044 2277 1079 2302 et
1095 2271 1254 2303 liberalis.
1279 2273 1328 2303 Re
1342 2282 1424 2313 crgo
1437 2273 1539 2304 etiam
1553 2273 1641 2304 Poe'-

182 2332 282 2363 posse
307 2326 419 2353 tamen
448 2325 575 2351 tantam
608 2319 674 2350 vim
697 2319 822 2350 habere
845 2323 883 2350 ut
939 2321 1177 2362 taiujuvitliic
1193 2321 1328 2353 Sextus.

184 2373 282 2403 amici
302 2376 370 2403 tam
386 2371 444 2402 fidi
458 2371 597 2402 inducat
615 2370 752 2400 oblivia.
979 2375 1019 2403 25
1047 2371 1184 2411 Subitis]
1203 2374 1288 2405 Quae
1306 2381 1359 2403 me
1377 2371 1490 2402 subita
1506 2371 1638 2402 calami-

226 2423 357 2462 Lelhen]
384 2424 437 2453 De
460 2421 562 2453 fluvio
587 2422 645 2452 illo
669 2421 815 2452 omnium
833 2431 882 2453 re·
937 2425 1009 2453 tate
1026 2421 1232 2452 afflixerunt.

184 2483 257 2503 rum
278 2473 405 2504 oblivia
421 2473 603 2503 inducente
613 2473 686 2513 jam
702 2481 795 2513 saepe
813 2471 882 2503 dic·
982 2471 1169 2511 Clementia]
1193 2471 1329 2502 Lenitas
1346 2475 1381 2501 et
1398 2480 1502 2501 amor.

185 2528 267 2554 tum.
978 2525 1019 2552 28
1045 2521 1194 2560 Quisque]
1230 2521 1346 2560 Tuque
1376 2521 1472 2558 adeo,
1499 2519 1557 2561 qui
1582 2529 1636 2552 me

225 2575 262 2602 21
294 2572 386 2610 Haec]
410 2574 494 2603 Cuiu
522 2572 632 2602 verbis
655 2576 787 2613 gratum
812 2572 880 2603 aui-
934 2571 1099 2601 haetenus
1128 2569 1339 2609 sustentasti,
1373 2578 1494 2609 perges
1532 2579 1634 2610 porro

183 2632 273 2655 muiu
304 2620 508 2650 testantibus
537 2630 658 2652 nomen
686 2626 780 2652 tuum
804 2631 881 2652 con·
934 2630 1016 2660 opus
1034 2625 1125 2650 tuuiu
1144 2619 1258 2650 tutari.

183 2684 280 2708 secio
298 2671 557 2702 immortalitati.
976 2674 1018 2701 29
1044 2670 1116 2709 Coi]
1141 2670 1271 2710 Apellis
1297 2670 1450 2710 pictoris,
1482 2680 1525 2701 ex
1550 2671 1634 2711 (200,

226 2727 265 2758 23
292 2723 455 2764 Nunquam
486 2721 596 2764 pigra]
649 2722 741 2757 Quin
774 2724 879 2757 alacri
932 2720 1036 2763 lug-ei
1057 2720 1157 2752 maris
1186 2720 1307 2762 insula,
1330 2719 1474 2762 oriundi,
1498 2719 1555 2763 qui
1582 2721 1632 2752 iu=
