1877 3193
806 185 856 214 lN
894 185 1016 216 ism.
1521 177 1637 220 2763

176 277 387 309 Ἀπολλώνιος
406 277 638 319 Ἀλεξανδρεὺς,
662 279 743 310 ἐπῶν
757 279 900 319 ποιητὴς,
914 278 1072 320 διατρίψας
1095 279 1128 310 ἐν
1153 277 1257 319 Ῥόδῳ,
1272 279 1332 311 υἱὸς
1355 278 1502 312 Σιλλέως.
1548 281 1636 313 Item

176 330 374 372 Anonymus
390 339 521 371 auctor,
537 333 594 373 qui
608 333 746 373 scripsit
761 331 853 372 γένος
866 332 1078 363 Ἀπολλωνίου
1092 333 1149 363 τοῦ
1167 331 1295 364 Ῥοδίου.
1341 333 1542 373 Quanquam
1559 335 1637 365 ,ΖΕΗ-

176 394 260 416 anus
276 385 319 416 de
337 385 549 416 Animalibus
566 394 623 417 xv.
637 388 690 416 23.
707 395 784 416 eum
798 386 1030 416 Naucratitmn
1047 385 1160 416 facere
1178 386 1325 417 videtur.
1370 386 1436 416 Sed
1454 389 1637 426 utcumque

175 442 241 477 est,
267 437 434 479 AEgyptus
460 439 569 479 patria
594 437 673 477 fuit,
702 439 886 470 Naucratis
912 439 1000 468 enim
1028 438 1107 468 urbs
1132 443 1184 470 est
1211 439 1360 479 AEgypti.
1407 439 1636 471 Quamobrem

174 492 278 532 longe
294 491 426 522 fallitur
439 492 588 523 Joaunes
605 492 785 529 Meursius,
800 491 858 532 qui
884 491 1109 530 Syntagmate
1127 491 1169 521 de
1188 491 1389 531 Apolloniis,
1419 502 1479 532 pro
1495 492 1636 523 diversis

174 543 281 574 habet
298 544 465 575 Rhodium
493 550 528 575 et
556 544 836 582 Alexandrinum,
865 543 962 573 Sillei
986 541 1104 582 filium,
1129 543 1185 583 qui
1203 545 1421 575 Eratostheni
1438 546 1472 575 in
1492 544 1637 575 Alexan-

175 597 282 628 drinae
297 597 522 628 Bibliothecae
539 596 745 637 praefectura
761 596 934 627 successit.
981 595 1124 627 Ovidius
1139 601 1251 627 autem
1269 597 1465 629 Callimachi
1479 599 1637 638 exemplo

174 650 345 682 inimicum
369 660 465 680 suum
494 649 571 680 Ibin
595 649 788 689 appellasse
818 649 968 688 videtur,
995 650 1278 689 quemadmodum
1302 652 1429 682 Tullius
1453 652 1637 683 Orationes

173 712 250 732 suas
267 702 300 732 in
317 701 505 733 Antonium
533 702 774 733 Demosthenis
801 702 988 733 imitatione
1014 702 1224 742 Philippicas
1253 704 1439 744 inscripsit,
1464 704 1513 736 uti
1531 705 1634 735 etiam

171 757 298 798 Trogus
330 757 515 798 Pompeius
544 756 715 788 Historias
740 766 817 787 suas
847 756 1066 788 aemulatione
1095 757 1316 798 Theopompi,
1341 759 1397 799 qui
1424 759 1634 799 Philippicas

173 811 369 851 scripserat.
414 811 483 841 Sed
500 811 606 851 magis
631 815 684 842 est
712 816 750 841 ut
775 810 913 842 credam
937 811 1084 842 Nasonis
1108 810 1341 842 adversarium
1368 812 1475 842 Ibidis
1503 813 1634 843 nomine

172 863 390 904 designatum
408 864 497 905 quod
525 865 551 895 is
575 874 696 896 revera
713 864 893 906 AEgyptius
911 869 1012 904 esset,
1028 874 1093 905 qua
1109 863 1152 895 de
1176 874 1211 895 re
1228 866 1384 905 sequenti
1401 866 1512 905 capite
1530 866 1634 897 disse-

171 925 304 955 remus;
327 926 403 947 nam
430 921 465 948 et
482 916 729 956 Aristophanes
747 917 780 947 in
808 917 926 948 avibus
955 917 1149 957 Lycurgum
1176 917 1250 948 Ibin
1278 919 1475 958 nominavit,
1497 923 1634 959 propte-

171 978 229 999 rea
242 969 330 1009 quod
345 978 470 1010 genere
484 974 518 1001 et
532 970 681 1001 moribus
694 970 873 1011 AEgyptius
886 975 997 1009 esset;
1014 974 1051 1002 ut
1065 974 1162 1001 vetus
1179 970 1418 1013 Aristophanis
1431 972 1630 1005 scholiastes

171 1022 329 1063 exponit.

779 1164 937 1196 CAPUT
961 1165 1022 1197 IV.

426 1280 527 1312 Ibidis
542 1291 649 1312 nomen
663 1281 841 1321 conjectura
853 1283 1072 1323 perquisitum,
1081 1283 1168 1322 sbrie
1183 1285 1379 1323 compertum.

208 1397 395 1429 NAscrrUR
414 1407 473 1429 sua
488 1401 609 1438 sponte
625 1397 816 1429 obscuritas
830 1408 871 1430 ex
890 1399 961 1430 istis
979 1400 1188 1440 privatarum
1207 1409 1318 1430 rerum
1340 1398 1499 1438 historiis,
1511 1399 1630 1440 quibus

165 1450 269 1481 etiam
287 1450 381 1481 Naso
398 1450 516 1481 dedita
533 1460 638 1491 opera
656 1451 817 1481 tenebras
833 1450 994 1491 offundit,
1010 1456 1048 1483 ut
1065 1452 1206 1482 arduum
1221 1452 1266 1482 sit
1282 1458 1351 1482 tam
1367 1452 1480 1482 densis
1497 1452 1631 1483 nebulis

164 1504 238 1533 veri
253 1503 431 1534 scintillam
455 1503 666 1543 exsculpere.
713 1503 787 1541 Ego
804 1507 918 1533 tamen
936 1503 1070 1534 incusso
1087 1503 1130 1534 ad
1156 1504 1249 1534 illum
1276 1504 1501 1534 tenebricosae
1516 1509 1631 1535 vetus-

165 1556 247 1586 tatis
266 1556 401 1595 pyriten
426 1555 581 1594 chalybe,
606 1564 672 1585 non
690 1554 897 1585 mediocrem
915 1555 1024 1586 lucem
1042 1565 1281 1595 expressurum
1300 1566 1350 1586 me
1370 1556 1515 1587 confido.
1560 1556 1629 1588 Sed

165 1612 346 1649 autequam
363 1608 566 1638 sententiam
583 1617 694 1647 roger,
708 1616 821 1646 operae
839 1608 988 1647 pretium
1001 1613 1053 1639 est
1068 1614 1217 1639 veterem
1233 1610 1489 1649 grammaticum
1504 1609 1632 1649 audire,

166 1661 236 1702 qui,
253 1665 340 1691 teste
356 1660 463 1691 Coelio
479 1659 684 1699 Rhodigino,
703 1659 885 1700 Antiquar.
911 1660 1066 1691 Lection.
1084 1669 1166 1692 xnl.
1184 1664 1214 1693 1.
1231 1662 1414 1693 Corvinum
1431 1672 1503 1692 esse
1517 1661 1630 1702 prodi-

164 1714 216 1745 dit
233 1724 333 1755 quem
359 1714 412 1744 hic
432 1714 522 1744 Naso
537 1714 606 1743 sale
628 1717 664 1743 et
682 1712 792 1742 resina
815 1711 996 1744 confricat.
1041 1714 1123 1754 Ejus
1140 1714 1243 1745 verba
1258 1719 1359 1745 sunt:
1385 1714 1499 1744 ‘Illud
1516 1714 1630 1745 obiter

164 1767 366 1805 annotarim,
383 1767 415 1796 in
434 1766 562 1797 Caecilii
579 1765 762 1796 Minutiani
777 1763 913 1805 Apuleii
931 1764 1131 1806 fragmentis
1148 1767 1374 1806 observatum,
1388 1767 1482 1797 aunis
1495 1772 1627 1807 septen]

162 1821 196 1851 in
213 1820 314 1851 exilio
341 1821 528 1851 consumtis
553 1817 709 1849 functum
726 1828 801 1849 esse
818 1817 890 1849 fato
908 1818 1087 1859 Ovidium,
1105 1820 1238 1861 quadie
1253 1821 1347 1850 Titus
1365 1830 1495 1860 quoque
1514 1821 1627 1852 Livius

165 1874 364 1905 decesserit.
409 1873 589 1904 Structum
605 1872 686 1902 item
702 1872 749 1901 illi
773 1881 792 1901 a
809 1871 969 1902 Barbaris
987 1881 1049 1912 per
1066 1873 1187 1903 multas
1205 1874 1370 1913 lacrymas
1388 1873 1528 1912 tymbon
1547 1878 1627 1906 ante

157 1926 310 1966 januam.
357 1925 489 1956 Auctor
505 1924 594 1955 idem
611 1924 822 1955 Minutianus
833 1928 896 1962 est,
908 1924 1091 1955 Corvinum
1105 1926 1147 1955 ab
1162 1925 1287 1956 Ovidio
1301 1926 1507 1966 appellatum
1524 1924 1627 1957 fnisse

164 1979 256 2019 Ibin,
273 1989 315 2010 ex
332 1979 402 2009 avis
420 1977 593 2016 foeditate,
608 1977 661 2009 cui
679 1981 830 2007 ventrem
849 1981 956 2007 rostro
975 1987 1122 2017 purgare
1139 1979 1275 2010 insitum
1294 1979 1351 2018 sit,
1365 1984 1401 2009 et
1415 1979 1476 2009 hoc
1493 1988 1536 2009 ex
1553 1978 1627 2009 Cal-

163 2032 302 2063 limachi
320 2032 520 2062 imitatione.
567 2031 707 2061 Pulsum
724 2038 859 2070 quoquc
877 2029 910 2059 in
927 2030 1065 2060 exilium
1082 2031 1171 2071 quod
1185 2030 1330 2071 Augusti
1346 2032 1511 2062 incestum
1525 2031 1627 2062 vidis·

163 2083 240 2116 set.'
300 2083 472 2122 Haecine,
489 2092 631 2123 quorum
647 2081 731 2112 fides
748 2086 821 2112 esto
838 2091 944 2121 penes
967 2087 1143 2113 auctorem
1159 2084 1212 2123 qui
1231 2084 1379 2114 nondum
1397 2085 1507 2115 lucem
1525 2083 1627 2122 vidit,

160 2139 289 2178 unique
306 2136 413 2167 Coelio
431 2136 622 2176 Rhodigino
637 2140 736 2166 notus
751 2134 827 2173 fuit,
853 2135 901 2166 uti
914 2135 984 2175 jam
1003 2142 1102 2167 antea
1127 2137 1360 2176 pronuntiavit
1379 2137 1483 2168 Lilius
1500 2137 1624 2177 Gyral-

161 2191 222 2221 dus
239 2190 383 2229 Diatogo
406 2193 439 2221 4.
463 2189 505 2220 de
535 2189 718 2220 Poetarum
748 2189 897 2220 historia.
943 2188 997 2220 An
1023 2190 1202 2229 Corvinus,
1217 2191 1367 2231 quisquis
1382 2191 1439 2221 ille
1457 2188 1573 2229 fuerit,
1589 2190 1623 2220 in

161 2243 268 2285 Libya
284 2248 384 2275 natus
401 2243 473 2274 est?
499 2242 554 2273 ubi
580 2242 712 2273 scilicet
729 2241 806 2273 Ibin
831 2243 961 2273 natales
986 2243 1139 2274 habuisse
1157 2244 1311 2274 declarat
1333 2243 1476 2274 Ovidius
1492 2243 1525 2274 iu
1548 2244 1597 2274 his
1614 2253 1623 2273 :

159 2297 248 2330 ‘Qut
264 2296 362 2327 simul
388 2296 528 2336 impurae
553 2295 670 2326 matris
687 2298 862 2336 prolapsus
885 2296 926 2326 ab
943 2296 1018 2327 alvo
1044 2302 1109 2335 est,
1136 2297 1338 2338 Cinyphiam
1365 2296 1455 2327 t'oedo
1480 2306 1622 2337 corpore

163 2349 287 2391 pressit
302 2348 462 2380 humum.'
507 2348 597 2379 Item
626 2358 674 2379 vs.
692 2351 766 2379 513.
785 2347 842 2378 ubi
870 2349 1006 2388 lcaenas,
1023 2349 1143 2390 quibus
1162 2354 1273 2380 scatet
1289 2349 1420 2388 Africa,
1436 2349 1544 2383 Ibidis
1566 2358 1625 2388 po·

159 2404 292 2444 pulares
310 2407 422 2434 vocat.
469 2402 595 2433 Verum
613 2402 800 2441 enimvero,
818 2402 843 2433 si
862 2403 1072 2443 coujccturae
1097 2404 1192 2434 locus
1208 2404 1319 2440 detur,
1337 2402 1445 2432 dicam
1460 2401 1540 2441 quid
1555 2410 1621 2442 ego

161 2465 311 2495 sensere,
337 2461 372 2487 et
398 2460 435 2485 ut
462 2455 550 2495 apud
574 2456 734 2486 Plautum
758 2456 950 2495 Trachalio,
972 2456 980 2472 ‘
996 2457 1186 2496 promittam
1214 2456 1372 2495 capillum
1393 2454 1620 2494 incipiamque

159 2508 336 2540 hariolari.¹
383 2509 505 2548 Neque
532 2510 621 2539 enim
652 2508 846 2549 cymbalum
879 2509 962 2539 illud
994 2509 1109 2539 iuuntli
1143 2508 1333 2548 Appiouem
1360 2505 1619 2545 grauunaticum

160 2561 359 2593 imitandum
382 2561 460 2591 mihi
478 2562 651 2600 proposui,
667 2562 722 2602 qui
743 2567 829 2592 teste
847 2561 961 2592 Plinio
987 2570 1075 2591 xxx.
1092 2563 1123 2591 2.
1149 2559 1310 2600 prodidit,
1324 2568 1359 2589 se
1376 2568 1535 2589 evocasse
1547 2568 1620 2589 um„

159 2615 234 2646 bras
251 2613 294 2645 ad
312 2612 578 2653 percontandum
603 2614 801 2654 Homerum,
824 2625 890 2656 qua
918 2614 1040 2654 patria,
1067 2613 1234 2653 quibusve
1261 2611 1459 2652 parentibus
1483 2611 1618 2651 genitus

159 2673 261 2707 esset,
277 2676 342 2699 non
360 2671 472 2698 tamen
490 2675 604 2697 ausum
620 2667 773 2707 profiteri
790 2668 870 2709 quid
889 2667 953 2697 sibi
971 2665 1211 2706 respondisset.
1257 2664 1335 2696 Non
1352 2664 1537 2705 Georgium
1558 2664 1618 2697 Jo-

157 2722 325 2754 achinnum
342 2719 535 2760 Rheticum,
552 2718 735 2760 Copernici
749 2720 963 2761 discipulum,
982 2728 1083 2759 quem
1098 2717 1224 2755 ferunt,
1240 2716 1318 2750 dum
1335 2717 1368 2748 in
1384 2721 1477 2749 motu
1492 2717 1616 2749 Martis
