1877 3193
557 150 707 182 Eius'r.
742 151 808 182 Ex
841 152 1000 184 PON'ro
1034 154 1129 186 [ΑΒ.
1162 155 1215 187 11.
1247 145 1316 187 11.
1541 147 1654 189 2621

213 239 421 283 Nominis
443 247 545 283 ante
564 244 652 284 mei
671 245 843 286 venient
864 246 1030 287 oblivia
1050 248 1192 296 nobis,
1628 251 1656 289 5

269 308 455 350 Pectore
473 323 606 363 quam
627 311 771 364 pietas
792 312 849 352 sit
869 316 946 352 tua
965 313 1092 366 pulsa
1113 327 1224 354 meo.

211 374 269 415 Et
289 376 412 430 prius
433 377 542 417 hanc
564 379 752 418 animam
767 391 931 419 vacuas
952 380 1181 421 reddemus
1199 382 1243 422 in
1265 394 1409 430 auras,

267 442 416 493 Quam
436 444 511 484 fiat
532 446 672 485 meriti
693 446 829 497 gratia
848 458 964 485 vana
983 446 1059 486 tui.

209 509 383 552 Grande
402 523 512 551 voco
530 512 744 563 lacrymas
764 511 978 559 meritum,
1000 512 1158 563 quibus
1180 526 1257 554 ora
1276 515 1464 566 rigabaS,

264 577 373 617 Cum
393 590 490 617 mea
511 580 717 617 concreto
738 578 860 617 sicca
881 577 1033 618 dolore
1057 577 1207 620 forent.
1599 581 1654 622 10

206 643 384 685 Grande
402 656 516 684 voco
536 644 748 693 meritum,
768 648 943 685 moestae
965 644 1123 685 solatia
1142 647 1298 687 mentis
1315 661 1326 698 ;

263 710 373 751 Cum
393 711 552 763 pariter
571 711 701 751 nobis
722 711 797 751 illa
816 711 980 764 tibique
1000 712 1140 753 dares.

204 778 373 832 Sponte
395 778 585 831 quidem,
612 792 689 830 per
710 791 841 830 seque
861 790 960 818 mea
979 783 1045 820 est
1064 779 1297 822 laudabilis
1316 794 1453 834 uxor3

258 843 502 886 Admonitu
523 845 677 885 melior
696 843 744 884 fit
763 847 905 884 tamen
925 845 1002 885 illa
1022 849 1112 887 tuo.

202 910 406 965 Namque
429 912 545 965 quod
568 911 835 952 Hermiones
857 911 1019 953 Castor
1038 913 1135 963 fuit,
1159 913 1326 955 Hector
1346 915 1447 965 Iuli,
1593 916 1648 957 15

259 978 360 1018 Hoc
380 991 457 1031 ego
477 983 517 1019 te
537 979 662 1019 laetor
683 979 879 1032 conjugis
900 992 997 1020 esse
1019 993 1142 1021 meae.

202 1043 331 1094 Quae,
352 1059 404 1085 ne
426 1045 652 1087 dissimilis
675 1047 754 1086 tibi
776 1047 830 1086 sit
850 1048 1085 1100 probitate,
1107 1048 1301 1100 laborat3

257 1111 402 1164 Seque
425 1113 487 1152 tui
507 1112 599 1152 vita
621 1113 846 1163 sanguinis
866 1127 962 1154 esse
985 1115 1157 1167 probat.

199 1177 328 1230 Ergo,
349 1179 465 1231 quod
486 1179 625 1220 fuerat
645 1180 832 1220 stimulis
852 1181 1024 1221 factura
1046 1181 1137 1220 sine
1158 1180 1274 1229 ullis,

255 1245 432 1286 Plenius
454 1251 676 1285 auctorem
696 1250 739 1285 te
758 1259 930 1299 quoque
950 1249 1080 1287 nacta
1099 1246 1223 1287 facit.
1590 1248 1646 1289 20

194 1341 314 1371 cordari
331 1342 388 1371 tui.
436 1342 533 1371 Prius
558 1342 718 1372 obliviscar
744 1342 876 1372 nominis
904 1343 976 1381 mei,
1000 1353 1091 1383 quam
1116 1353 1201 1374 umor
1222 1346 1294 1374 tuus
1316 1343 1442 1374 excedat
1467 1353 1531 1374 meo
1546 1346 1644 1376 corde.

194 1385 297 1423 Atque
311 1384 400 1422 prius
415 1384 582 1424 effabimus
597 1385 742 1424 spiritam
756 1385 788 1414 in
802 1388 924 1415 tenuem
939 1386 1054 1424 aerem,
1067 1395 1156 1425 quam
1165 1386 1274 1424 gratia
1286 1385 1423 1425 beneficii
1436 1386 1483 1415 tui
1494 1391 1646 1418 vanescat.

193 1426 275 1456 Dico
299 1436 444 1464 magnum
467 1425 611 1456 meritum
641 1428 793 1467 lacrymas
817 1427 923 1465 quibus
945 1427 1113 1466 spur-gebus
1127 1427 1258 1465 faciem,
1285 1438 1353 1457 cum
1374 1437 1441 1457 mea
1463 1431 1541 1458 esset
1555 1430 1646 1459 arida

191 1468 293 1498 dolore
308 1472 422 1498 coacto.
468 1469 548 1498 Dico
564 1478 708 1506 magnum
737 1469 880 1498 meritum
905 1469 1124 1498 consolationes
1145 1469 1247 1498 tristis
1272 1469 1379 1504 animi,
1406 1479 1474 1498 cum
1490 1470 1644 1508 praeberes

191 1511 264 1540 illas
278 1510 436 1547 tibi-iuxta
453 1514 482 1539 et
499 1511 595 1539 nobis.
643 1510 793 1548 Equidem
809 1519 874 1539 mea
889 1510 1000 1546 conjux
1016 1513 1060 1540 est
1076 1509 1153 1539 bona
1168 1511 1248 1539 ultro
1259 1513 1289 1539 et
1303 1519 1358 1548 per
1372 1519 1414 1547 se,
1436 1514 1573 1541 attamen
1589 1511 1643 1541 illa

182 1551 227 1591 fit
239 1552 423 1582 laudabilior
434 1555 484 1581 tao
500 1551 633 1580 consilio.
684 1551 822 1589 Namque
837 1552 915 1590 quod
941 1552 1051 1581 Castor
1065 1551 1133 1588 suit
1150 1551 1348 1589 Hermiones,
1365 1551 1484 1581 Hector
1501 1553 1573 1591 Iuli,
1586 1563 1642 1591 ego

190 1595 306 1631 gaudeo
323 1596 352 1623 te
368 1594 422 1622 hoc
435 1602 495 1622 esse
509 1603 581 1622 mea·
595 1592 702 1622 uxoris
716 1603 725 1628 ;
748 1602 814 1631 quoe
826 1593 982 1622 contendit
995 1602 1032 1623 ne
1047 1594 1088 1623 sit
1105 1593 1164 1622 tibi
1182 1593 1287 1632 dispar
1302 1593 1446 1632 moribus,
1462 1597 1493 1624 et
1508 1595 1641 1625 ostendit

191 1635 265 1665 vita>
278 1635 431 1674 probitate
447 1644 509 1665 esse
525 1635 571 1665 tui
585 1635 720 1673 generis.
769 1636 857 1669 Quod
883 1635 981 1673 igitur
1006 1639 1072 1665 erat
1089 1634 1218 1672 factura
1232 1636 1298 1666 sine
1313 1637 1372 1666 ullo
1386 1645 1476 1666 suasu
1484 1636 1569 1674 facit
1581 1647 1641 1667 me-

798 1707 1033 1718 eeeeeeeeeeee

190 1754 224 1780 et
246 1751 312 1781 ΜΞ.
330 1750 455 1780 Bersm.
484 1751 523 1780 Et
542 1759 601 1790 pro
623 1751 740 1780 Iste—5
766 1749 886 1780 Heius.
906 1760 948 1781 ex
973 1754 1052 1780 octo
1076 1754 1161 1781 vett.
1184 1750 1292 1781 edidit
1316 1750 1374 1781 mei
1396 1751 1520 1781 veniant
1546 1750 1638 1782 obliv.

190 1792 247 1822 sed
266 1797 334 1822 tum
362 1793 477 1822 Burni.
503 1797 616 1822 monet
641 1802 717 1822 mox
743 1794 906 1823 reddamus
927 1793 1105 1831 legendum
1129 1796 1278 1824 esse.—6
1300 1793 1370 1823 Pro
1391 1795 1481 1832 pulsa
1496 1797 1639 1833 quatuor

187 1834 265 1864 libri
291 1836 397 1874 lapsa‚·
431 1844 513 1864 unus
531 1837 711 1874 pressa—S
733 1835 814 1864 Tres
837 1835 914 1864 libri
927 1838 1012 1873 grat.
1027 1836 1121 1865 surda
1135 1835 1278 1865 aul—10
1305 1835 1406 1865 Barb.
1423 1844 1485 1874 pro
1500 1839 1638 1866 concreto

188 1876 325 1906 exhibet
339 1880 507 1915 perpetum
530 1881 566 1906 et
581 1877 659 1907 Jun.
677 1875 922 1913 censeam—13.
948 1879 987 1906 14
1011 1877 1073 1907 Per
1087 1886 1118 1907 se
1134 1887 1200 1906 meu
1219 1877 1261 1907 sit
1282 1877 1435 1906 Vossian.
1448 1886 1505 1915 per
1518 1886 1550 1906 se
1571 1887 1637 1907 mea

187 1927 253 1947 cum
263 1918 369 1948 Servii
381 1930 388 1948 z
401 1928 456 1958 per
468 1928 556 1957 seque
567 1919 640 1948 meis
654 1918 745 1948 Edit.
769 1918 899 1957 Gryph.
916 1928 990 1957 quae
1008 1918 1040 1947 in
1053 1919 1216 1957 margine,
1228 1929 1284 1957 per
1297 1922 1384 1957 teque
1400 1928 1465 1948 mea
1476 1928 1516 1948 es.
1540 1919 1636 1955 Mox,

186 1959 227 1989 sit
243 1963 345 1991 tumen
371 1960 507 1992 Junian.
525 1966 559 1990 et
575 1960 746 1990 Boxhorn.
773 1965 808 1989 et
832 1960 914 1990 edit.
936 1961 1067 1990 Bersm.
1094 1961 1233 1990 Mauris.
1260 1960 1387 1990 Histor.
1404 1960 1576 1990 Dominor.
1592 1960 1635 1990 de

187 2001 342 2032 Romano
358 2004 451 2040 citat,
468 2003 582 2042 Sponte
596 2003 716 2041 quidem
730 2011 785 2040 per
800 2011 830 2031 se
845 2012 910 2032 mea
923 2005 966 2031 est
989 2002 1169 2032 laudabilior
1179 2012 1267 2032 uxor.
1317 2002 1368 2032 Fit
1383 2004 1463 2032 tame
1479 2002 1635 2032 admonitu

187 2045 293 2073 melior
315 2045 379 2083 ipsa
397 2049 459 2082 tuo,
482 2045 614 2074 vitiose.
641 2045 834 2074 Barim—15
860 2043 926 2073 Alii
947 2043 1127 2083 Hermione,
1156 2045 1205 2074 vel
1229 2044 1424 2073 Hermiones.
1470 2044 1570 2083 Vulg.
1587 2044 1635 2076 Η.

185 2086 275 2115 Iulo:
298 2085 352 2116 Sa.
368 2086 412 2115 H.
434 2087 504 2121 illi;
527 2087 615 2116 unde
634 2086 752 2116 Heins.
787 2086 857 2122 Iuli,
883 2086 1050 2125 quomodo
1075 2085 1157 2125 Arg.
1173 2091 1208 2117 et
1225 2085 1344 2116 Comb.
1362 2095 1438 2115 cum
1463 2085 1634 2117 Twisden.

187 2132 221 2158 et
239 2128 425 2158 Ba1·1›.—17
450 2129 489 2158 R.
506 2129 544 2158 sit
571 2129 698 2167 pietate,
721 2127 864 2157 Iao—15
888 2128 996 2167 Μαι-ἕ.
1023 2128 1155 2158 Bersm.
1178 2128 1258 2158 vitta
1281 2136 1340 2166 pro
1364 2128 1525 2158 vitia—19
1548 2126 1633 2167 Arg.

185 2179 251 2209 quoe
268 2180 328 2209 pro
342 2172 517 2210 quod—20
543 2171 635 2200 Unus
652 2170 736 2200 liber
753 2169 879 2199 Fortius
892 2173 972 2200 auct.
991 2174 1026 2200 at
1049 2169 1249 2201 Feschianus
1266 2170 1336 2200 Hoc
1351 2169 1536 2200 hortatorem
1550 2172 1631 2200 te.—-

840 2253 980 2284 NOTAE

225 2319 244 2346 2
269 2317 387 2347 Parum
401 2316 534 2356 faustae]
561 2317 737 2350 Quiaideo
751 2318 877 2357 relega·
974 2318 1052 2358 Iuli]
1100 2319 1178 2357 Hie,
1209 2319 1325 2349 AEneae
1362 2318 1462 2358 filius,
1487 2321 1629 2348 matrem

185 2372 250 2396 tus.
930 2367 1048 2398 habuit
1077 2369 1239 2399 Creusam
1273 2368 1431 2399 Hectoris
1468 2375 1627 2404 sororem,

224 2420 243 2445 ὅ
271 2414 372 2454 Vana]
402 2415 470 2446 Per
486 2425 591 2446 meam
608 2416 819 2447 oblivionem.
930 2417 1082 2459 adeoque
1097 2419 1281 2448 Hectorem
1301 2419 1406 2457 ipsum
1416 2416 1627 2446 avunculum.

227 2467 265 2495 14
287 2465 472 2505 Admonitu]
513 2466 667 2496 Consiliis
687 2472 722 2497 et
738 2466 877 2497 hortati-
975 2471 1012 2497 16
1029 2468 1111 2506 Hoc]
1141 2467 1352 2497 Avunculum
1372 2475 1463 2504 ergo.

185 2512 317 2543 onibus.
973 2519 1013 2545 18
1044 2515 1130 2553 Vita]
1168 2515 1307 2553 Integra
1324 2518 1359 2543 et
1375 2512 1626 2552 liouesta‚scil.i·

229 2564 265 2591 15
291 2561 486 2603 Hermiones]
504 2566 552 2594 Ea
564 2564 628 2595 fuit
641 2566 781 2596 Helenae
794 2565 875 2602 filia,
931 2570 1002 2595 cet.

184 2611 280 2651 cujus
294 2620 375 2650 ergo
385 2613 520 2651 Castor,
531 2613 670 2645 Helenae
680 2614 798 2656 frater,
810 2614 876 2646 fuit
970 2617 1011 2643 20
1035 2612 1214 2651 Auctorem]
1255 2611 1321 2642 Qui
1347 2611 1470 2642 virtute
1495 2615 1552 2643 tua
1577 2611 1623 2642 illi

185 2661 382 2693 avunculus.
929 2671 1012 2694 meae
1031 2661 1126 2692 uxori
1139 2660 1248 2692 facem
1266 2659 1417 2701 praefers.
