1877 3193
248 146 362 188 2464
735 154 777 185 P.
809 153 967 184 ovmn
998 152 1210 183 NAsouis

253 252 349 293 Nec
370 254 515 292 tamen
535 254 582 290 ut
600 249 750 290 lauder
770 248 918 301 vigile,
941 259 1176 301 curamque
1195 247 1325 288 futuri

308 319 528 367 Nominis,
550 317 700 357 utilius
722 315 837 369 quod
857 315 1070 364 latuisset,
1094 327 1191 366 ago.

250 387 440 428 Detineo
460 385 618 426 studiis
639 385 846 432 animum,
865 382 1059 435 falloque
1082 382 1253 423 dolores
1271 395 1281 422 :

307 453 525 507 Experior
542 452 658 492 curis
677 455 718 492 et
734 450 836 491 dare
860 451 994 490 verba
1015 451 1137 491 meis.

253 521 372 572 Quid
394 521 542 574 potius
564 520 725 559 faciam
748 518 855 558 solis
878 518 1074 557 desertus
1095 518 1137 557 in
1158 518 1264 565 oris,

309 588 513 638 Quamve
534 587 662 627 malis
683 586 814 625 aliam
835 596 1029 637 quaerere
1051 596 1180 624 coner
1196 595 1325 637 opem
1342 584 1359 623 Ἰ

252 654 356 696 Sive
376 655 523 695 locum
546 659 725 705 spect03
755 653 882 691 locus
905 653 971 691 est
990 651 1264 701 inamabili83
1296 654 1338 691 et
1356 662 1444 702 quo

309 722 419 762 Esse
441 720 544 760 nihil
565 722 657 758 toto
677 718 843 758 tristius
862 718 965 756 orbe
986 721 1144 768 potest.

253 788 356 830 Sive
376 787 600 836 homines3
633 785 711 825 vix
732 789 830 824 sunt
849 783 1046 823 homines
1066 784 1150 823 hoc
1171 785 1344 824 nomine
1361 784 1477 837 digni
1496 797 1505 824 ε

310 854 542 906 Quamque
562 853 671 906 lupi,
695 864 829 892 saevae
850 851 952 903 plus
973 850 1158 891 feritatis
1179 850 1350 891 habent.

1645 449 1700 488 40

1648 784 1704 824 45

252 981 376 1020 evellar,
392 984 421 1012 et
444 990 547 1011 curam
574 980 666 1011 habeo
683 979 783 1018 samae
797 979 931 1017 sutura’,
956 990 1023 1020 quae
1049 980 1158 1011 melius
1181 980 1333 1011 latuisset.
1369 981 1477 1011 Moror
1502 981 1650 1019 animum,
1676 985 1706 1011 et

252 1024 369 1063 decipio
385 1033 535 1054 [erumnas
550 1023 675 1061 studiis,
700 1026 790 1062 atque
805 1033 896 1054 conor
916 1023 1070 1062 imponere
1085 1023 1161 1053 meis
1175 1023 1267 1054 caris.
1313 1023 1397 1058 Quid
1410 1024 1497 1063 prius
1511 1034 1601 1062 agam
1614 1024 1709 1054 desti-

255 1070 342 1097 tutus
354 1067 386 1096 in
400 1066 575 1105 regionibus
589 1066 674 1105 solis,
689 1068 803 1105 quodve
826 1066 1022 1096 lenimentum
1038 1066 1123 1095 nitar
1147 1066 1285 1096 invenire
1298 1065 1466 1097 oerwnuis?
1511 1066 1571 1096 Seu
1587 1066 1709 1096 intueor

254 1110 362 1148 locum,
377 1109 458 1139 locus
473 1111 517 1138 est
533 1109 664 1146 odiosus,
680 1112 710 1138 et
727 1118 783 1147 quo
798 1109 876 1138 nihil
889 1112 985 1147 potest
1004 1117 1065 1138 esse
1090 1109 1249 1146 lugubrius
1274 1109 1305 1138 in
1328 1112 1393 1139 toto
1415 1109 1536 1139 mundo.
1581 1107 1642 1138 Seu
1658 1107 1710 1138 ho-

254 1152 351 1181 miues
364 1161 374 1187 ;
396 1151 452 1181 vix
466 1154 536 1181 sunt
547 1150 680 1181 homines
693 1150 782 1189 digni
798 1151 852 1180 hoc
866 1151 974 1181 titulo:
999 1154 1088 1190 utque
1100 1151 1211 1181 hubent
1225 1151 1295 1191 plus
1319 1151 1451 1182 crudelis
1465 1150 1595 1189 ferociae
1619 1160 1709 1191 quum

863 1243 1096 1254 eeeeeeeeeeee

254 1308 338 1339 Tum
355 1318 405 1349 pr.
421 1307 464 1338 V.
488 1307 604 1338 Comb.
627 1307 692 1338 Ro.
716 1312 751 1338 et
773 1308 869 1338 multi
885 1307 939 1338 alii
953 1318 1027 1338 cum
1046 1312 1128 1339 vett.
1146 1309 1231 1339 Edd.
1251 1310 1602 1349 Caphaream...uquam,
1618 1309 1708 1350 quod

255 1356 291 1381 et
309 1351 428 1382 Heius.
443 1351 619 1390 rescripsit
635 1359 695 1390 pro
718 1351 805 1389 vulg.
837 1351 1207 1390 Capharea...aqua.—37
1232 1350 1300 1381 Alii
1325 1353 1395 1381 Non
1412 1354 1609 1382 tamem—39
1632 1352 1710 1382 Ple-

255 1393 353 1434 rique
381 1393 551 1430 meHores,
577 1397 665 1422 teste
694 1392 814 1423 Heins.
840 1394 979 1429 dolores;
1013 1394 1105 1432 vulg.
1130 1393 1341 1424 labores-210
1365 1394 1426 1424 Be.
1452 1394 1534 1425 verb.
1563 1395 1710 1424 malis.—

255 1438 295 1465 41
322 1436 415 1465 Olim
431 1434 609 1474 legebatur
626 1434 694 1471 fac.
715 1435 847 1464 desertis
869 1436 949 1464 solus
972 1435 1003 1464 z'n
1019 1435 1106 1471 oris;
1139 1435 1233 1466 Serv.
1250 1435 1333 1466 Cod.
1350 1435 1444 1466 dedit
1460 1437 1531 1466 solis
1556 1438 1712 1467 desertus.-

258 1478 300 1508 R.
314 1479 433 1507 deserto
449 1478 528 1506 solus
543 1477 575 1506 in
598 1476 687 1506 orbe.-
725 1477 804 1507 Jun.
831 1478 933 1515 lapsus
959 1478 992 1506 in
1014 1478 1172 1507 oria—42
1197 1478 1237 1507 R.
1266 1482 1300 1507 et
1318 1478 1451 1516 plurimi
1469 1479 1524 1508 alii
1541 1489 1633 1517 cogar
1648 1488 1708 1517 pro

256 1522 440 1550 conen—45
465 1519 547 1549 Mss.
561 1518 688 1548 Bersm.
705 1524 739 1548 et
756 1517 849 1549 Leid.
868 1518 941 1549 Sive
955 1518 1090 1549 homiues
1102 1522 1225 1558 δρα-(ω
1249 1520 1304 1549 vix
1317 1522 1385 1549 sunt
1401 1520 1454 1550 hoc
1469 1524 1636 1551 nom.-—-16
1648 1521 1709 1551 ΒΕ.

920 1611 951 1641 N
957 1610 1058 1641 OTAE

258 1689 400 1720 insulam
431 1689 647 1720 alluentibus.
716 1690 755 1719 Iu
783 1689 848 1720 illis
876 1699 957 1720 vero
1012 1691 1046 1720 in
1075 1691 1151 1721 luce
1178 1691 1338 1730 positum,
1372 1691 1435 1721 Nos
1456 1692 1489 1722 id
1513 1701 1605 1723 unum
1627 1692 1713 1724 nobis

260 1739 459 1770 Graecorum
477 1739 624 1778 plurimi,
642 1740 744 1780 Troja
765 1740 890 1778 diruta,
908 1750 958 1770 re-

259 1788 414 1827 deuntes,
424 1788 562 1828 Nauplii
574 1788 650 1819 dolo
660 1790 846 1829 perierunt.
858 1791 958 1821 Nam-

204 1873 208 1875 ,
260 1848 324 1879 que
340 1838 396 1869 ille
412 1848 471 1869 rex
489 1839 620 1878 insulae,
635 1850 710 1870 cum
728 1841 856 1881 Ulyssis
874 1851 958 1881 prae-

259 1888 375 1919 sertim
390 1888 545 1929 perfidia,
562 1890 775 1931 omniumque
794 1900 899 1931 prope
913 1891 959 1921 in-

255 1938 403 1978 justitia,
428 1939 645 1970 Palamedem
673 1940 777 1970 filium
802 1941 960 1972 interem-

262 1994 331 2020 tum
348 1989 534 2027 didicisset,
554 1995 591 2021 ut
608 1991 682 2031 ejus
706 1995 849 2022 mortem
865 1992 961 2022 ulcis-

262 2043 407 2078 ceretur,
444 2038 550 2070 facem
596 2040 660 2071 illis
703 2051 744 2071 ex
783 2042 961 2081 Caphareo

261 2092 377 2118 moute
401 2088 588 2119 editissimo
605 2094 708 2120 noctu
735 2091 905 2129 accendit,
923 2096 961 2122 ut

261 2146 378 2179 portus
391 2140 489 2170 fidem
503 2139 653 2170 faceret:
679 2152 743 2181 quo
760 2152 834 2172 cum
850 2153 961 2173 acces·

261 2189 393 2227 sissent,
420 2188 510 2218 inter
540 2190 705 2228 scopulos,
736 2191 791 2230 qui
824 2191 869 2221 ibi
895 2191 961 2221 fre-

263 2241 419 2278 quentes,
443 2237 645 2277 crebrosque
670 2239 832 2268 undarum
858 2241 960 2269 vorti-

263 2295 338 2325 ces,
348 2286 499 2326 plerique
513 2287 654 2317 lacerati
671 2292 760 2317 sunt.
805 2287 858 2317 Ad
877 2289 960 2318 illud

265 2339 377 2366 autem
407 2345 496 2366 nuuc
527 2335 568 2366 de
598 2345 633 2366 se
670 2336 806 2376 loquens
841 2337 960 2367 alludit

267 2386 370 2417 Naso.

308 2440 349 2467 38
384 2436 515 2476 Utilius]
560 2437 648 2469 Quia
673 2438 761 2467 nulla
789 2436 878 2468 fama
903 2442 959 2468 aut

265 2487 423 2518 invidiam
446 2491 503 2517 aut
516 2487 657 2517 Caesaris
671 2487 753 2517 iram
772 2487 803 2517 in
821 2497 856 2518 se
873 2487 959 2518 deri-

266 2541 390 2577 vasset,
403 2547 512 2578 neque
527 2538 706 2568 exulasset.

309 2591 350 2618 39
376 2588 526 2628 Detineo]
555 2588 585 2617 0
603 2597 717 2618 omues
735 2587 823 2618 istud
841 2587 867 2617 si
885 2597 959 2628 pos-

267 2641 342 2668 sent
358 2638 560 2678 intelligere,
576 2642 634 2668 aut
659 2637 812 2669 omuibus
830 2638 963 2669 luberet

267 2688 457 2728 exquirere,
472 2687 560 2729 quod
578 2692 690 2720 tamen
703 2692 754 2720 est
765 2692 832 2719 tani
845 2692 964 2729 aperta

1012 1750 1075 1771 esse
1091 1742 1169 1780 quod
1184 1742 1365 1781 cogitamus,
1378 1742 1485 1781 cuique
1501 1746 1630 1773 mentem
1645 1753 1715 1773 nos-

1013 1793 1093 1820 tram
1104 1791 1321 1829 concredimus,
1332 1800 1429 1832 quam
1443 1790 1587 1832 facilem,
1600 1802 1714 1833 quam-

1014 1851 1078 1881 que
1104 1841 1238 1871 beatam
1266 1841 1299 1871 in
1326 1842 1463 1872 aeternis
1489 1842 1589 1872 vitam
1615 1843 1715 1873 duce-

1014 1896 1103 1930 rent,
1120 1891 1176 1932 qui
1203 1891 1303 1922 tantis
1331 1891 1505 1922 conatibus
1530 1892 1563 1921 in
1592 1891 1713 1922 malam

1015 1951 1085 1971 reni
1116 1951 1189 1971 sese
1215 1946 1304 1972 totos
1330 1950 1390 1981 per
1416 1940 1609 1981 quisquilias
1636 1950 1711 1971 suas

1015 1992 1213 2032 protrahere
1231 1995 1479 2022 consueverunt
1495 1993 1500 2020 !

1056 2045 1097 2072 40
1121 2042 1209 2071 Dare
1227 2040 1333 2080 rerba]
1371 2040 1473 2070 Absit
1490 2050 1582 2079 vero,
1604 2040 1659 2071 ille
1676 2045 1715 2072 ut

1015 2091 1078 2122 sibi
1116 2092 1279 2132 imponat,
1315 2090 1371 2131 qui
1408 2090 1597 2129 gratissima
1634 2089 1712 2121 boni

1014 2141 1450 2182 specie,jiucundissimaque
1461 2141 1530 2170 veri
1542 2140 1714 2178 fruitione,

1015 2191 1105 2231 (quae
1123 2200 1187 2220 non
1218 2191 1429 2229 aliter-quam
1456 2190 1553 2228 longe
1580 2198 1598 2217 a
1622 2193 1714 2218 terra

1015 2243 1116 2279 atque
1133 2239 1287 2269 sensibus
1314 2239 1474 2278 consequi
1493 2239 1588 2276 licet,
1609 2238 1712 2269 medi-

1015 2288 1149 2328 tando,)
1172 2289 1339 2318 coelestem
1356 2289 1529 2328 praesumit
1546 2289 1661 2327 vitam,
1677 2294 1713 2320 et

1015 2348 1086 2368 sese
1128 2339 1343 2368 emeritorum
1390 2339 1553 2369 immiscet
1598 2340 1712 2372 choro.

1015 2387 1098 2417 Falli
1117 2392 1238 2427 putant
1264 2397 1320 2417 eos
1346 2389 1497 2428 plerique
1521 2389 1714 2429 Christiani,

1015 2437 1071 2478 qui
1089 2437 1147 2475 ita,
1164 2447 1311 2467 seorsum
1329 2448 1346 2467 a
1368 2438 1554 2478 corporeiS‚
1572 2443 1712 2470 aetatem

1015 2492 1133 2527 agunt.
1160 2488 1271 2517 Homo
1287 2498 1364 2518 veio
1377 2488 1540 2519 Etliuicus
1555 2489 1606 2519 vel
1623 2489 1712 2529 ipsas

1014 2547 1109 2568 curas
1147 2542 1249 2578 atque
1288 2548 1453 2569 aerumnas
1492 2548 1567 2570 suas
1603 2539 1712 2571 isthoc

1014 2592 1114 2628 pacto
1153 2587 1309 2626 decipere
1344 2597 1379 2619 se
1413 2598 1511 2628 posse
1548 2592 1711 2620 autumat.

1017 2637 1116 2670 Quod
1134 2647 1256 2669 verum.
