1877 3193
528 192 680 223 EPIST.
715 193 780 223 Ex
816 193 976 223 ΡοΝΤο
1011 193 1107 223 Lm.
1144 193 1208 224 iv.
1241 182 1283 224 8.
1522 185 1634 226 2713

185 286 304 328 Nam
324 285 456 327 modo
473 287 592 328 bella
611 289 736 341 geris,
757 290 949 330 numeris
970 289 1102 329 modo
1124 289 1259 330 verba
1278 287 1467 339 coerce&

242 354 462 408 Quodque
483 356 578 396 aliis
599 369 715 408 opus
735 360 814 406 est,
836 357 918 397 hoc
942 357 1020 396 tibi
1037 356 1164 397 ludus
1185 357 1278 398 erit.

184 421 331 475 thue
351 435 431 462 nec
452 422 508 462 ad
527 423 754 471 citharam,
771 435 848 462 nec
869 422 925 462 ad
946 434 1094 462 arcum
1118 424 1265 474 segnis
1286 421 1451 477 Apollo
1474 426 1558 473 est,
1580 424 1636 465 75

240 489 329 530 Sed
350 489 469 529 venit
490 489 544 528 ad
567 502 716 529 sacras
736 501 891 528 nervus
913 491 1090 539 uterque
1111 502 1264 529 manus
1282 504 1293 542 ;

183 555 257 596 Sic
279 555 360 596 tibi
377 568 454 595 nec
477 555 614 603 docti,
637 567 717 594 nec
739 554 892 593 desunt
912 553 1128 606 principis
1150 559 1264 595 artes
1283 570 1292 596 z

240 621 388 663 Mixta
409 621 486 661 sed
506 625 570 661 est
591 622 735 661 animo
758 634 856 662 cum
878 620 994 661 Jove
1017 621 1152 661 Musa
1172 626 1265 664 tuo.

184 689 299 739 Quae
323 689 529 742 quoniam
550 701 629 729 nec
650 688 731 728 nos
751 689 870 729 unda
890 689 1127 729 summovit
1149 689 1205 729 ab
1224 690 1316 740 illa,

238 756 418 809 Ungula
440 755 660 809 Gorgonei
684 769 817 809 quam
839 768 949 796 cava
968 755 1072 796 fecit
1090 756 1191 809 equi
1210 770 1220 807 3
1581 757 1637 798 80

181 822 344 872 Prosit,
369 835 591 877 opemque
612 822 719 863 ferat
740 823 991 863 communia
1011 835 1137 863 sacra
1155 823 1263 864 tueri
1283 838 1292 864 ε

237 889 385 944 Atque
407 890 546 930 isdem
571 889 728 931 studiis
754 890 1021 943 imposuisse
1042 903 1243 930 manum:

182 956 349 997 Littora
370 957 531 1010 pellitis
553 957 732 997 nimium
754 957 955 1010 subjecta
978 956 1168 997 Corallis

239 1023 302 1064 Ut
325 1024 501 1064 tandem
520 1037 665 1065 saevos
684 1023 978 1077 effugiamque
1001 1024 1138 1065 Getas
1157 1039 1167 1075 ;

183 1090 430 1145 Clausaque
451 1091 489 1130 si
510 1092 670 1132 misero
693 1092 837 1144 patria
857 1094 937 1140 est,
959 1097 1007 1131 ut
1026 1104 1161 1144 ponar
1181 1092 1224 1132 in
1244 1092 1349 1141 ullo,
1581 1095 1637 1135 85

238 1157 328 1207 Qui
350 1159 492 1198 minus
513 1157 718 1198 Ausonia
738 1157 876 1198 distet
897 1158 951 1197 ab
972 1158 1108 1208 Urbe,
1128 1158 1228 1199 loco
1247 1172 1256 1199 ε

176 1282 263 1318 potes
285 1278 354 1308 illos
382 1278 415 1308 in
441 1282 537 1309 totum
565 1279 715 1309 omittere.
761 1278 903 1318 Namque
931 1279 1086 1309 interdum
1114 1279 1202 1317 geris
1234 1279 1321 1319 bella,
1344 1289 1558 1320 nonnunquam
1587 1290 1636 1311 as-

178 1321 296 1359 tringis
324 1330 410 1350 voces
437 1321 595 1355 numeris;
634 1324 663 1350 et
688 1321 766 1360 quod
801 1324 846 1351 est
879 1321 1036 1359 negotium
1068 1321 1140 1351 aliis
1169 1324 1215 1351 est
1239 1321 1296 1351 tibi
1312 1321 1412 1359 jocus.
1474 1323 1519 1353 Et
1543 1323 1636 1353 sicuti

178 1363 287 1402 Apollo
304 1372 398 1402 neque
416 1363 508 1402 piger
523 1366 568 1393 est
595 1363 635 1392 ad
659 1363 822 1400 citharam,
848 1373 942 1403 neque
968 1365 1009 1394 ad
1035 1373 1153 1402 arcum,
1179 1365 1231 1394 sed
1256 1374 1366 1395 nervus
1386 1368 1511 1405 uterque
1534 1365 1638 1404 tangi-

179 1409 265 1435 tura
289 1405 386 1435 sacris
412 1404 574 1441 manibus,·
598 1406 645 1435 ita
672 1415 765 1445 neque
791 1406 885 1446 docti,
909 1416 1001 1445 neque
1025 1406 1185 1445 Principis
1200 1409 1284 1436 artes
1300 1407 1358 1436 tibi
1381 1408 1509 1444 desunt;
1532 1418 1636 1438 verum

179 1448 274 1478 Musa
300 1450 345 1478 est
365 1449 478 1485 juncta
506 1448 582 1478 Joct'
619 1448 652 1477 in
683 1451 783 1477 mente
812 1451 874 1478 tua.
936 1448 1014 1482 Qua»
1050 1448 1148 1477 Musa
1185 1449 1427 1487 quandoquidem
1453 1459 1546 1489 neque
1582 1460 1637 1480 nos

179 1491 294 1531 repulit
318 1490 356 1520 ab
384 1491 438 1520 illa
461 1500 550 1529 aqua,
577 1499 668 1528 quum
693 1491 811 1527 ungula
837 1499 912 1518 cava
938 1490 1007 1528 equi
1040 1489 1198 1527 Gorgonei
1233 1490 1367 1529 aperuit,
1389 1491 1481 1527 ,juvet
1507 1501 1574 1528 me,
1603 1495 1635 1522 et

178 1533 330 1563 auxilium
348 1531 485 1571 prffbeat
508 1532 680 1561 incumbere
702 1531 812 1561 iisdem
826 1530 935 1568 sacris,
961 1535 1052 1570 atque
1067 1532 1235 1561 admovisse
1251 1541 1374 1562 manum
1389 1533 1496 1562 iisdem
1511 1533 1634 1572 studiis,

179 1578 211 1604 ut
228 1575 354 1614 denique
369 1575 508 1604 recedam
531 1574 568 1603 ab
583 1573 646 1603 oris
670 1573 799 1603 nimium
825 1572 958 1602 subditis
975 1573 1109 1602 Corallis
1128 1573 1258 1612 pellibus
1278 1574 1406 1611 indutis,
1429 1578 1458 1604 et
1468 1574 1552 1612 feris
1570 1576 1634 1605 Go-

181 1617 232 1647 tis.
279 1617 394 1656 Atque,
422 1617 449 1646 si
471 1616 576 1655 patria
592 1619 637 1646 est
654 1615 822 1646 interdicta
847 1615 926 1645 mihi
952 1615 1084 1654 infelici,
1112 1619 1145 1645 ut
1166 1616 1291 1646 collocer
1308 1617 1340 1646 in
1356 1617 1477 1647 sedibus
1492 1627 1557 1657 quoe
1570 1618 1633 1648 sint

789 1688 1021 1700 eeeeeeeeeeee

181 1733 276 1763 maris
293 1735 581 1772 agnoscunt.-—72
600 1732 667 1763 Ha.
685 1735 741 1763 tot.
760 1733 897 1763 desinere
910 1733 1040 1764 itu—73
1061 1731 1100 1762 In
1118 1732 1230 1762 multis
1243 1731 1346 1762 editis
1363 1731 1439 1762 bella
1457 1742 1517 1772 pro
1532 1733 1635 1766 verba.

180 1778 263 1805 —m
288 1775 484 1806 Medonian.
504 1779 538 1806 et
562 1776 602 1806 P.
622 1776 710 1805 Dan.
725 1775 808 1805 labor
824 1785 886 1816 pro
899 1785 980 1815 opus.
1021 1776 1103 1805 Mox
1120 1775 1162 1804 V.
1178 1784 1252 1805 cum
1270 1774 1420 1814 plurimis
1437 1775 1510 1805 aliis
1526 1776 1633 1811 ludus,-

182 1818 269 1857 vulg.
285 1819 460 1848 lusus—75
486 1818 580 1848 Unus
596 1818 715 1848 Heins.
732 1828 796 1849 arc.
820 1819 922 1848 lentus
944 1818 1073 1848 A.—79
1096 1817 1175 1849 Jun.
1192 1817 1286 1847 Serv.
1304 1822 1338 1847 et
1355 1826 1404 1855 pr.
1426 1817 1487 1847 Ed.
1504 1827 1555 1846 vos
1572 1827 1632 1857 pro

180 1870 251 1891 nos.-
278 1865 312 1891 et
330 1866 399 1891 turn
416 1860 482 1890 duo
507 1860 586 1890 libri
610 1862 682 1891 und.
704 1861 835 1890 dimovit
852 1860 986 1891 alu—81
1013 1860 1106 1889 Serv.
1123 1864 1158 1889 et
1175 1864 1318 1899 quatuor
1336 1859 1393 1889 alii
1410 1868 1484 1888 cnm
1501 1859 1632 1889 Bersm.

183 1902 244 1933 Ed.
259 1912 339 1935 sacr.
353 1903 547 1934 tuenti.—85
578 1902 649 1932 Ullo
666 1904 818 1943 reposuit
838 1903 955 1933 Heius.
979 1912 1022 1933 ex
1043 1902 1132 1932 Mor.
1159 1911 1220 1942 pro
1234 1902 1322 1941 vulg.
1339 1902 1486 1931 illm-86
1513 1902 1632 1932 Muuae

826 1989 965 2021 NOTAE

183 2054 200 2074 a
219 2042 337 2074 Poetis
361 2046 540 2073 tractetur.
587 2042 690 2073 Haud
716 2053 776 2083 par
801 2053 878 2073 vero

182 2094 335 2135 sequitur
347 2093 452 2134 gloria
466 2094 668 2134 scriptorem
681 2098 714 2124 et
727 2099 878 2125 actorem

976 2044 1017 2071 70
1042 2041 1134 2081 Quoe]
1163 2041 1272 2079 Musa,
1290 2040 1430 2071 scilieet.

981 2091 1057 2130 Illa]
1089 2090 1205 2121 Fontis
1220 2090 1469 2131 Hippocrenes,
1485 2099 1583 2130 quem
1601 2090 1635 2120 in

181 2154 304 2175 rerum.

224 2197 264 2225 73
290 2194 437 2225 Numeris
462 2193 564 2234 modo]
601 2194 690 2225 Illud
719 2204 800 2225 vero
829 2199 880 2225 est

183 2253 298 2275 versus
315 2253 475 2284 pangere.

226 2296 265 2324 74
283 2293 406 2332 Ludus]
424 2293 540 2334 Atque
554 2293 585 2323 in
599 2303 639 2324 eo
653 2294 725 2324 laus
739 2303 879 2325 sumina.

224 2347 263 2376 75
290 2343 468 2383 Citharam]
506 2345 592 2376 Quae
609 2344 745 2375 musicae
767 2349 819 2375 est
834 2345 881 2374 in-

183 2398 419 2433 strumentum,
434 2404 501 2434 quo
518 2403 579 2433 per
594 2394 698 2424 otium
716 2395 854 2426 utimur.

226 2443 358 2483 Arcum]
401 2444 469 2476 Qui
494 2444 528 2475 in
551 2443 641 2475 bello
668 2455 762 2476 usum
787 2455 882 2476 sunm

185 2494 327 2527 obtinet.

226 2546 268 2574 76
285 2544 434 2583 Uterque]
451 2544 526 2576 Quo
537 2548 572 2575 et
583 2544 714 2576 cithara
728 2550 883 2576 movetur

185 2597 219 2624 et
236 2601 332 2622 arcus
345 2592 506 2622 tenditur.

228 2644 269 2672 78
292 2640 385 2680 Jove]
413 2641 488 2671 Hoc
505 2645 568 2679 est,
581 2642 749 2684 Principis
765 2649 800 2675 et
817 2645 881 2675 Im-

187 2691 355 2734 peratoris
372 2691 554 2729 prudentia
569 2696 604 2721 et
621 2697 693 2723 arte
711 2694 862 2733 politica.

230 2740 340 2782 Musa]
370 2739 515 2772 Poetica
530 2738 683 2773 facultas.

939 2142 1108 2171 Parnasso
1132 2145 1243 2171 monte
1266 2140 1335 2171 ictu
1363 2140 1459 2180 pedis
1483 2141 1634 2180 Pegasus

935 2201 1038 2233 equus
1055 2192 1162 2222 alatus
1179 2192 1324 2231 aperuit.

979 2245 1019 2271 80
1046 2241 1217 2280 Gorgonei]
1256 2241 1332 2273 Jaiu
1361 2240 1484 2281 saepius
1511 2241 1635 2271 alatum

935 2292 1028 2322 illum
1056 2300 1177 2332 equum
1210 2301 1252 2321 cx
1285 2291 1437 2321 Medusae
1465 2291 1634 2330 Gorgonis

938 2342 1100 2383 sanguine
1118 2347 1332 2382 procreatum
1347 2340 1450 2372 fuisse
1464 2339 1634 2371 admonui-

937 2402 1020 2423 mus.

978 2445 1017 2473 81
1045 2441 1240 2480 Communia]
1267 2441 1357 2477 Tibi,
1379 2450 1397 2470 ο
1419 2437 1634 2478 Germanice,

936 2492 1084 2532 miliique
1104 2492 1240 2522 Nasoni.

978 2544 1018 2572 84
1045 2539 1222 2580 Effitgiam]
1254 2538 1340 2568 Illud
1364 2542 1438 2568 erat
1461 2546 1525 2577 quo
1547 2547 1634 2568 com-

936 2591 1047 2622 munia
1064 2599 1158 2619 sacra
1173 2589 1235 2618 sibi
1253 2587 1410 2628 prodesse
1428 2586 1601 2626 cupiebat.

979 2643 1020 2670 86
1043 2639 1196 2677 Ausonia]
1219 2639 1321 2668 Roma
1333 2638 1458 2676 est‚cni
1472 2636 1513 2667 ab
1528 2636 1634 2668 Auso-

938 2690 1034 2720 nibus
1051 2688 1288 2727 antiquissimis
1303 2687 1411 2718 ltaliae
1427 2686 1557 2727 populis
1571 2686 1632 2719 hoc

939 2740 1055 2772 datum
1073 2747 1203 2770 nornen.
