1877 3193
553 191 705 223 EmsT.
739 191 806 221 Ex
841 191 998 222 PONTO
1030 191 1127 222 ΜΒ.
1157 193 1186 223 ι.
1217 182 1260 222 ’2.
1519 184 1631 226 2507

179 286 311 339 Saepe
331 297 484 340 precor
502 289 700 335 mortem,
722 290 905 327 mortem
928 299 1103 340 quoque
1121 286 1332 340 deprecor
1351 286 1482 337 idem,

239 352 309 392 Ne
329 366 425 392 mea
448 352 735 393 Sarmaticum
758 359 957 405 contegat
979 367 1083 394 ossa
1106 355 1261 394 solum.

181 419 291 460 Cum
315 421 443 468 subit,
467 418 656 471 Augusti
680 435 779 474 quae
802 423 859 461 sit
878 421 1135 471 clementia;
1169 421 1296 462 credo

239 487 396 527 Mollia
419 487 654 539 naufragiis
674 488 820 527 littora
839 499 971 538 posse
992 486 1102 527 dari.

182 553 294 594 Cum
315 554 441 594 video
461 566 592 606 quam
611 556 695 594 sint
718 566 814 594 mea
833 553 925 593 fata
946 553 1136 603 tenacia,
1155 554 1329 607 frangor
1346 568 1357 607 ;

238 621 434 674 Spesque
455 621 564 660 levis
584 634 742 672 magno
765 621 885 661 victa
904 621 1053 661 timore
1077 621 1219 663 cadit:

181 687 280 728 Nec
302 692 441 728 tamen
462 689 644 728 ulterius
665 689 903 742 quicquam
925 701 1111 740 sperove
1133 701 1359 741 precorve,

237 753 379 804 Quam
402 756 514 795 male
535 759 701 800 mutato
722 768 856 807 posse
875 767 1018 793 carere
1041 756 1152 794 loco.

177 819 269 861 Aut
287 821 384 870 hoc,
406 828 481 863 aut
499 823 606 863 nihil
624 827 706 871 est,
730 836 809 875 pro
832 835 899 861 me
923 826 1085 861 tentare
1104 820 1299 863 modeste

235 888 391 930 Gratia
411 891 527 943 quod
551 891 676 930 salvo
699 894 843 929 vestra
865 889 1029 942 pudore
1052 893 1198 942 queat.

177 954 381 1009 Suscipe,
403 957 622 998 Romanae
643 956 864 1006 facundia,
886 955 1100 1005 Maxime,
1122 956 1301 1009 linguae,

236 1023 442 1064 Difficilis
465 1037 610 1064 causae
632 1023 735 1063 mite
755 1023 1060 1076 patrocinium.

179 1089 258 1130 Est
277 1090 409 1139 mala,
429 1091 662 1131 confiteor:
695 1089 773 1130 sed
796 1095 839 1130 te
861 1090 976 1130 bona
998 1089 1075 1129 fiet
1096 1093 1263 1141 agente.

236 1156 372 1197 Lenia
391 1170 470 1209 pro
490 1158 650 1197 misera
670 1158 740 1197 fac
758 1157 891 1197 modo
912 1157 1044 1196 verba
1065 1157 1183 1208 fuga.

177 1221 335 1263 Nescit
354 1224 469 1263 enim
493 1223 659 1271 Caesar,
683 1223 885 1275 quamvis
907 1222 1027 1261 Deus
1050 1223 1195 1262 omnia
1215 1222 1342 1271 norit,

234 1288 426 1329 Ultimus
447 1289 518 1329 hic
535 1302 622 1342 qua
643 1290 701 1329 sit
722 1288 975 1329 conditione
991 1287 1131 1329 locus.

1578 355 1633 395 60

1579 689 1634 730 65

1578 1024 1631 1063 70

175 1407 265 1449 Soepe
280 1417 368 1439 voveo
381 1413 521 1448 mortem,
533 1410 614 1440 idem
624 1409 718 1441 etiam
733 1413 838 1440 averto
851 1409 994 1450 precibus
1007 1412 1137 1441 mortem
1150 1419 1160 1444 ‚·
1182 1419 1220 1440 ne
1234 1412 1319 1440 terra
1334 1408 1511 1440 Sarmatica
1523 1409 1633 1441 obruat

173 1460 239 1481 mea
253 1460 332 1481 ossa.
380 1452 459 1482 Cum
474 1453 642 1490 succurrit,
667 1456 781 1492 quanta
806 1453 848 1482 sit
872 1452 1033 1482 clementia
1062 1452 1211 1489 Augusti,
1237 1452 1374 1482 arbitror
1399 1453 1508 1482 littora
1529 1453 1634 1492 quieta

170 1501 257 1532 posse
269 1494 392 1524 concedi
416 1495 537 1525 nostris
552 1494 741 1533 naufragiis.
789 1496 865 1524 Cum
892 1495 1006 1533 aspicio
1030 1497 1176 1532 quantum
1194 1503 1259 1523 mea
1274 1503 1340 1523 sors
1355 1494 1396 1523 sit
1409 1494 1568 1534 pertinax,
1584 1496 1633 1525 de-

171 1536 299 1574 spondeo
315 1536 428 1574 am‘mo‚
452 1540 481 1566 et
507 1546 575 1576 spes
600 1536 674 1566 levis
697 1535 837 1566 vanescit
861 1539 1005 1574 superata
1030 1536 1151 1572 ingenti
1179 1539 1271 1566 metu.
1319 1536 1425 1574 Neque
1452 1539 1553 1566 tamen
1577 1539 1632 1567 aut

171 1586 260 1616 spero
287 1581 342 1608 aut
366 1588 441 1616 rogo
461 1579 622 1617 quicquam
637 1578 780 1616 amplius,
803 1587 891 1616 quam
915 1587 1001 1617 posse
1027 1587 1129 1607 carere
1144 1578 1205 1606 Ioco
1221 1577 1298 1608 male
1314 1581 1441 1607 mutato.
1486 1578 1551 1608 Aut
1566 1578 1633 1619 hoc,

174 1622 228 1648 aut
251 1619 330 1648 nihil
356 1623 412 1655 est,
428 1622 507 1658 quod
522 1621 630 1657 gratia
646 1623 747 1649 vestra
762 1619 857 1657 possit
875 1619 1012 1659 experiri
1026 1621 1192 1649 verecunde
1207 1620 1290 1649 salvo
1303 1621 1429 1658 pudore.
1474 1620 1630 1659 Maxime,

175 1660 346 1700 eloquentia
372 1662 488 1699 linguae
507 1662 668 1699 Romame,
683 1661 803 1701 suscipe
828 1662 925 1692 lenem
950 1661 1151 1697 defensionem
1175 1671 1294 1701 asperae
1309 1672 1418 1692 causce.
1467 1663 1524 1692 Est
1539 1663 1633 1702 mala,

173 1712 302 1741 agnosco
314 1713 325 1738 ‚·
348 1703 526 1742 verum—fiet
551 1704 640 1743 bona,
654 1707 685 1734 te
704 1703 895 1741 defendente.
945 1703 1056 1741 Profer
1081 1707 1202 1734 tantum
1226 1704 1316 1734 verba
1342 1705 1430 1734 mitia
1447 1703 1479 1733 in
1491 1704 1632 1743 gratiam

175 1744 278 1775 tristis
293 1745 395 1776 exilii.
445 1745 551 1777 Nescit
566 1746 647 1777 enim
664 1747 782 1786 Coesar,
807 1746 945 1786 quamvis
973 1747 1060 1777 Deus
1079 1747 1182 1776 omnia
1200 1750 1375 1785 cognoscat,
1391 1746 1475 1786 quali
1488 1750 1574 1777 statu
1588 1747 1631 1777 sit

783 1829 1016 1841 &mmm

174 1885 216 1914 60
231 1883 328 1915 Serv.
353 1884 425 1915 Neu
443 1894 521 1915 mea.
563 1885 648 1915 Mox
666 1885 831 1925 Excerpt.
847 1885 945 1916 Voss.
960 1887 1140 1925 comprimat
1155 1887 1318 1916 ossae—64
1343 1883 1437 1914 Leid.
1455 1883 1554 1914 brevis
1569 1893 1630 1923 pro

174 1925 345 1957 levia—66
369 1927 439 1957 Pro
455 1930 574 1958 mutato
594 1927 711 1959 Heius.
728 1929 845 1958 mallet
860 1929 1026 1957 mutando.-
1049 1928 1183 1968 quidam
1199 1931 1310 1957 autem
1323 1927 1476 1956 scribunt
1488 1935 1535 1956 me
1551 1928 1631 1965 tuto,

174 1968 387 2008 improbante
414 1969 620 2001 Heins.—69
653 1970 693 2000 In
720 1969 918 2010 quibusdam
946 1979 1042 2000 novae
1068 1971 1130 2000 hoc
1158 1969 1287 2008 Elegiae
1315 1968 1491 1998 exordium
1519 1971 1629 1998 est.—

175 2011 216 2041 ⁷2
241 2011 317 2042 Duo
333 2011 408 2042 libri
423 2021 479 2051 pro
495 2012 675 2051 missafac;
704 2012 794 2043 uude
813 2011 1041 2049 Heins.jussa.
1085 2012 1180 2042 Serv.
1193 2014 1260 2051 post
1279 2009 1629 2049 miseram...sugam.—-

828 2111 971 2143 NOTAE

215 2187 258 2216 59
280 2185 453 2226 Deprecor]
474 2186 640 2218 Precibus
656 2187 808 2218 amolior.

215 2237 258 2268 62
274 2235 479 2276 Naufragiis]
494 2237 732 2279 Metaphorice
748 2237 790 2268 de
803 2236 873 2268 exi-

173 2286 218 2318 lio
235 2296 294 2318 suo
311 2287 468 2328 loquitur.

217 2336 359 2377 Littora]
387 2337 546 2369 Reditum
573 2338 606 2369 in
633 2337 792 2379 patriam,
813 2340 872 2368 aut

175 2390 269 2418 certe
297 2388 411 2420 mitius
436 2390 542 2420 solum
568 2398 669 2430 quam
683 2387 872 2429 Scythiam,

174 2434 342 2477 intelligit.

218 2487 261 2516 66
284 2487 370 2518 Male
391 2489 524 2528 mutato]
564 2489 669 2521 Quasi
696 2487 874 2530 quodlibet

176 2533 293 2573 solum,
321 2537 420 2567 modo
444 2548 486 2568 ne
515 2538 724 2578 Scythicum,
752 2536 872 2569 Poetae

179 2589 311 2624 gratum
328 2585 442 2626 fuerit,
456 2588 552 2627 hujux
568 2593 698 2620 tantum
716 2588 872 2620 mutatio-

178 2635 302 2665 nemin
313 2634 417 2672 aliud,
430 2641 610 2677 utcumque
623 2640 758 2680 malum,
771 2639 870 2680 petit.

221 2687 262 2715 67
288 2683 373 2723 Hoc]
397 2685 479 2715 Loci
494 2686 647 2718 mutatio.

219 2735 262 2764 08
291 2733 417 2774 Vestra]
434 2734 516 2766 Eam
528 2734 679 2777 intelligo
694 2746 760 2777 qua
774 2737 872 2769 Max-

927 2186 1012 2216 imus
1039 2186 1215 2227 ceterique
1242 2185 1387 2217 Nasonis
1412 2185 1512 2217 amici
1537 2186 1625 2227 apud

925 2233 1118 2274 Augustum
1136 2235 1323 2275 pollebant.

969 2286 1108 2327 Pudore]
1134 2287 1352 2318 Verecundos
1366 2296 1439 2317 esse
1457 2286 1558 2317 decet
1571 2287 1628 2328 qui

926 2336 1053 2377 aliquid
1073 2343 1193 2377 petunt
1217 2347 1236 2368 a
1256 2338 1440 2377 Principe3
1463 2346 1505 2367 ne
1521 2336 1628 2376 magis

924 2386 1018 2417 illum
1046 2386 1235 2426 offendere,
1268 2398 1366 2428 quam
1399 2386 1514 2417 amicis
1550 2394 1627 2427 pro·

925 2435 1033 2474 desse,
1050 2437 1241 2467 videantur.

966 2489 1009 2518 ⁷0
1032 2486 1196 2528 Difficilis]
1211 2487 1302 2518 Quia
1320 2484 1361 2515 ab
1376 2483 1530 2523 Augusto
1546 2482 1626 2515 laeso

925 2535 1025 2567 venia
1042 2533 1267 2573 impetn-anda.

969 2586 1067 2624 Mite]
1083 2583 1180 2615 Quoi
1196 2583 1276 2612 mite
1295 2581 1442 2621 requirat
1455 2581 1626 2622 ingenium

927 2635 969 2666 ad
997 2635 1165 2665 Caesarem
1197 2630 1472 2670 demulcendum,
1495 2631 1573 2663 dein
1589 2635 1626 2664 et

926 2684 1062 2723 mitiget
1078 2681 1197 2713 Poeta:
1215 2681 1365 2712 exilium.

969 2736 1009 2765 71
1034 2731 1140 2773 Mala]
1164 2732 1312 2774 Propter
1331 2731 1500 2765 Caesarem
1519 2730 1624 2764 offen-
