1877 3193
239 141 351 184 2640
719 152 761 184 P.
794 152 952 183 ovmn
985 152 1197 183 NAsoms

240 247 441 289 Foemina
461 259 587 289 sacra
606 246 728 296 facit,
749 246 879 288 taedae
897 259 987 287 non
1007 249 1113 288 nota
1128 245 1294 300 jugali:
1630 248 1685 288 55

295 314 410 365 Quae
432 317 611 368 superat
632 313 861 367 Scythicas
881 314 1107 355 nobilitate
1126 326 1275 355 nurus.

236 381 440 423 Sacrifici
459 393 595 435 genus
615 384 695 431 est,
715 379 802 435 (sie
821 381 1045 423 instituere
1065 380 1276 436 priores,)

294 448 480 491 Advena
500 449 692 501 virgineo
714 460 856 489 caesus
876 451 924 490 ut
944 462 1048 491 ense
1069 449 1211 491 eadat.
1228 458 1231 459 ⁷

239 515 396 569 Regna
414 516 566 558 Thoas
585 516 751 566 habuit,
774 514 989 557 Maeotide
1005 517 1151 558 clarus
1167 517 1212 559 in
1232 528 1332 557 ora:

293 583 394 624 Nec
413 584 496 625 fuit
512 583 699 624 Euxinis
719 584 865 623 notior
886 583 993 623 alter
1013 583 1159 636 aquis.
1628 580 1685 622 60

238 650 426 703 Sceptra
444 654 611 691 tenente
628 649 722 697 illo,
743 648 935 701 liquidas
953 648 1110 690 fecisse
1130 661 1207 703 per
1227 661 1356 691 auras

295 716 463 758 Nescio
485 729 615 769 quam
637 715 791 755 dicunt
811 713 1068 765 Iphigenian
1083 716 1179 756 iter.

240 782 387 834 Quam
405 784 577 824 levibus
600 782 739 823 ventis
760 781 842 821 sub
863 780 979 820 nube
996 792 1075 832 per
1095 780 1197 821 a'era
1214 785 1383 825 vectam

294 849 494 890 Creditur
512 850 579 889 his
600 848 766 889 Phoebe
788 846 1047 900 deposuisse
1066 846 1192 888 locis.

236 915 484 956 Praefuerat
500 916 664 968 templo
684 915 845 955 multos
865 927 918 955 ea
936 914 1016 955 rite
1036 926 1113 966 per
1132 926 1286 964 annos,
1628 915 1686 955 65

293 982 442 1024 Invita
459 995 674 1036 peragens
696 983 833 1023 tristia
853 994 982 1022 sacra
1000 994 1129 1022 manu
1147 994 1157 1022 ;

237 1047 348 1091 Cum
368 1049 453 1090 duo
473 1049 652 1090 velifera
666 1049 853 1103 juvenes
874 1061 1033 1091 venere
1053 1048 1234 1100 carina;

294 1116 633 1169 Presseruntque
655 1130 735 1157 suo
754 1117 901 1159 littora
919 1121 1073 1158 nostra
1092 1116 1220 1170 pede.

236 1204 316 1234 color
330 1203 419 1234 rubet
434 1203 583 1241 infectum
598 1205 746 1243 sanguine
761 1215 892 1245 asperso.
924 1206 1037 1236 Puella
1051 1215 1109 1236 non
1124 1204 1249 1244 cognita
1258 1203 1327 1242 faci
1340 1202 1524 1244 connubiali,
1538 1213 1604 1245 quoe
1618 1203 1686 1234 vin-

235 1246 279 1277 cit
294 1246 454 1276 nobilitate
465 1246 582 1285 puellas
597 1246 771 1286 Scythicas,
786 1248 875 1278 habet
886 1258 989 1278 curam
1005 1248 1164 1288 sacrificii.
1212 1247 1319 1277 Genus
1333 1250 1377 1277 est
1392 1248 1484 1285 sacri,
1498 1250 1533 1278 ut
1547 1245 1688 1287 peregri-

235 1297 293 1318 nus
308 1287 487 1318 interemtus
498 1288 674 1327 procumbat
689 1290 788 1318 cultro
811 1290 949 1327 virgineo
962 1301 972 1320 .·
993 1293 1109 1320 veteres
1132 1290 1180 1319 ita
1204 1292 1383 1320 sanxerunt.
1431 1289 1529 1320 Thoas
1552 1288 1688 1320 illustris

235 1332 271 1360 in
285 1330 410 1369 regione
426 1330 575 1360 Maeottde
591 1330 691 1361 tenuit
703 1331 876 1371 imperium,
901 1340 995 1371 neque
1017 1331 1097 1361 alius
1115 1330 1185 1367 suit
1209 1330 1358 1360 illustrior
1380 1330 1414 1360 in
1435 1332 1521 1370 aquis
1536 1331 1686 1362 Euxini-⁹.

239 1373 318 1403 Cum
332 1372 383 1402 ille
395 1372 550 1411 potiretur
564 1375 696 1412 sceptro,
711 1374 798 1403 aiunt
814 1374 912 1404 nescio
928 1383 1019 1413 quam
1035 1372 1230 1412 Iphigeniam
1250 1372 1408 1402 advenisse
1424 1382 1482 1411 per
1495 1372 1597 1403 aerem
1604 1371 1686 1412 flui-

235 1416 319 1445 dum.
367 1414 467 1448 Quam
481 1415 577 1444 latam
589 1424 645 1454 per
659 1415 760 1445 a'e'rem
773 1415 827 1445 sub
842 1416 920 1446 nube
932 1415 1035 1446 ventis
1048 1413 1197 1445 velocibus
1211 1414 1318 1445 Diana
1332 1413 1448 1444 dicitur
1468 1414 1637 1454 deposuisse
1651 1415 1686 1444 in

236 1457 285 1486 his
299 1456 382 1486 locis.
428 1457 478 1485 Ea
501 1456 668 1494 praeposita
687 1456 796 1492 fuerat
818 1458 879 1486 rite
904 1457 1026 1486 delubro
1047 1466 1103 1495 per
1127 1457 1236 1486 multos
1257 1465 1362 1494 annos,
1376 1456 1529 1486 absolvens
1543 1456 1685 1495 lugubria

235 1498 387 1538 sacrificia
412 1507 503 1528 manu
526 1501 718 1538 repugnante
729 1508 741 1534 ‚·
763 1507 832 1529 cum
847 1499 905 1528 duo
919 1499 1123 1529 adolescentes
1137 1499 1320 1537 appulerunt
1332 1498 1405 1528 navi
1419 1497 1557 1538 velifera,
1581 1501 1610 1529 et
1625 1499 1688 1530 cal·

842 1569 1077 1582 eeeeeeeeeeee

236 1612 385 1654 quinque
408 1624 483 1645 cum
509 1615 586 1646 edd.
611 1616 778 1646 nonnullis
804 1615 1010 1654 asum—55
1034 1616 1121 1646 Sunt
1151 1614 1207 1656 qui
1229 1615 1358 1655 legant,
1379 1613 1439 1644 sed
1461 1614 1560 1653 male,
1591 1614 1684 1646 Taeda

234 1666 294 1687 non
305 1657 500 1696 natajugati‚
513 1657 545 1687 id
559 1661 621 1697 est,
632 1659 758 1698 nuptiis
770 1663 850 1689 nata
861 1668 927 1689 non
939 1659 1110 1699 legitimis,
1131 1658 1217 1689 Sunt
1230 1657 1364 1695 iterum,
1377 1657 1432 1697 qui
1443 1657 1603 1697 probent:
1620 1658 1686 1689 Tae-

234 1699 274 1728 da
285 1708 343 1728 non
358 1699 578 1738 nuptay'ugalz'.
616 1700 684 1730 Sed
700 1701 933 1741 manuscripta
947 1710 1081 1741 sequor,
1098 1710 1172 1741 quae
1190 1703 1225 1730 et
1241 1699 1348 1730 Aldus
1361 1703 1497 1731 secutus
1510 1703 1573 1731 est.
1588 1699 1685 1732 Fabr.

237 1741 347 1779 Nupta
363 1740 480 1772 decem
498 1746 648 1773 veteres:
675 1744 764 1773 taedoe
778 1747 924 1774 nonnata
951 1743 1083 1775 Sarrav.
1108 1742 1252 1783 Argent.
1279 1741 1444 1782 multique
1468 1742 1535 1774 alii.
1580 1742 1684 1783 Lege,

235 1783 325 1812 toedoe
339 1793 399 1813 non.
414 1786 508 1820 nata;
533 1789 568 1814 et
585 1784 639 1814 adi
657 1785 764 1815 Notas
781 1790 912 1816 nostras
930 1785 1028 1816 Rem.
1045 1785 1160 1816 Amor.
1183 1795 1231 1814 vs.
1247 1786 1321 1815 220.
1344 1784 1408 1815 nisi
1431 1785 1526 1815 malis
1550 1784 1682 1825 reponI,

234 1825 327 1855 tcedoe
351 1835 411 1855 non
436 1829 507 1856 vota
525 1827 643 1865 jugali.
680 1828 833 1858 Recurre
856 1827 898 1858 ad
925 1828 1035 1860 Notas
1062 1827 1161 1867 [Not.
1187 1827 1286 1866 Van]
1320 1827 1406 1857 Met.
1430 1834 1512 1858 xnl.
1541 1836 1590 1858 vs.
1605 1829 1682 1858 634.

239 1866 348 1898 Heius.
394 1867 488 1899 Tceda
502 1879 563 1899 non
584 1872 657 1899 nota
678 1869 779 1908 jugali
802 1873 965 1910 praestat:
990 1875 1029 1900 ut
1052 1872 1060 1886 ‘
1075 1873 1174 1900 notus
1191 1869 1289 1908 arte,’
1311 1870 1320 1885 ‘
1337 1868 1565 1909 improbitate’
1588 1873 1624 1900 et
1640 1869 1684 1899 si-

234 1909 328 1940 milia
344 1909 522 1945 dicuntur:
547 1911 609 1941 nisi
635 1913 723 1942 tcedoe
736 1912 857 1951 jugalis
879 1913 953 1953 quis
970 1913 1065 1951 velit,
1086 1916 1125 1943 ut
1140 1912 1260 1943 Horat.
1277 1910 1343 1942 Od.
1360 1920 1400 1942 11.
1423 1913 1454 1942 2.
1477 1911 1488 1928 ‘
1505 1914 1603 1942 notus
1616 1909 1683 1942 fra-

236 1952 327 1982 terni
341 1952 462 1984 animi.’
506 1953 630 1984 Posset
646 1958 681 1984 et
695 1957 769 1985 nota
784 1955 825 1985 ad
852 1956 861 1972 ⁴
878 1955 983 1987 sacra’
1007 1954 1138 1994 referri,
1160 1958 1198 1985 ut
1224 1953 1292 1984 sint
1318 1962 1412 1984 sacra
1434 1952 1476 1983 ad
1503 1962 1577 1994 quae
1603 1952 1683 1984 solis

234 1994 422 2035 virginibus
446 1995 556 2026 aditus
585 1997 640 2034 sit,
662 2000 698 2026 et
724 1997 799 2028 ideo
827 1998 943 2037 ignota
967 1997 1064 2028 taedae
1086 1997 1208 2038 jugali,
1230 1996 1263 2026 id
1292 2001 1356 2034 est,
1379 1994 1522 2026 foeminis
1548 1995 1685 2035 nuptis;

234 2036 327 2076 quod
344 2036 467 2076 probat
484 2048 533 2068 vs.
550 2040 600 2069 58.
624 2039 822 2070 Bzcr·m.——57
850 2040 1041 2079 Naugerius
1063 2044 1160 2071 notat
1177 2048 1249 2069 esse
1266 2039 1297 2068 in
1313 2037 1481 2068 nonnullis
1508 2037 1580 2068 Hoc
1599 2036 1684 2068 sacri

233 2087 304 2115 gen.
352 2079 435 2110 Mox
461 2080 595 2120 qnidam
626 2081 744 2121 scripti
770 2082 872 2114 instit.
897 2085 1135 2123 parentes.-61
1159 2082 1257 2112 Voss.
1283 2084 1388 2111 tenues
1409 2089 1470 2120 pro
1496 2079 1683 2119 liquidas.—

235 2121 278 2149 62
313 2119 397 2159 Arg.
424 2122 528 2151 dicant
557 2132 618 2161 pro
644 2123 844 2154 dicunt.—63
880 2125 965 2155 A'e'ra
993 2134 1035 2155 ex
1064 2124 1172 2155 Codd.
1200 2123 1371 2154 Fabricius
1396 2122 1558 2162 protulit3
1592 2121 1681 2159 vulg.

236 2170 369 2199 (equora.
392 2163 446 2192 Fr.
462 2163 576 2193 levibus
598 2166 705 2203 pennis
718 2165 772 2195 sub
789 2166 866 2196 nube
885 2176 941 2206 per
955 2167 1030 2197 aera
1045 2168 1207 2197 vect.—64
1230 2166 1308 2195 Duo
1333 2164 1409 2195 libri
1425 2164 1487 2194 ΡΙι.
1507 2162 1683 2193 destituisse

236 2202 375 2233 toa—65
400 2204 475 2235 Pol.
506 2209 542 2235 et
567 2204 633 2235 duo
651 2206 705 2235 alii
722 2207 786 2237 liaec
813 2217 873 2247 pro
890 2211 1020 2238 ein—67
1045 2207 1129 2247 Arg.
1145 2208 1304 2244 veligera;
1327 2206 1410 2236 alius
1426 2204 1537 2235 veloci:
1558 2203 1680 2235 Heius.

884 2281 1026 2311 NOTAE

278 2339 318 2366 55
343 2337 444 2368 Taedae
458 2338 531 2378 non]
569 2336 678 2378 Atque
704 2337 788 2368 adeo
815 2338 929 2377 virgo:
1026 2340 1067 2367 60
1090 2336 1201 2376 Aquis]
1234 2336 1275 2366 Id
1304 2339 1366 2374 est,
1392 2335 1525 2375 populis
1553 2334 1612 2376 qui
1635 2336 1677 2368 ad

236 2394 381 2426 namque
403 2396 477 2417 cum
503 2387 600 2417 taedis
623 2388 790 2418 celebrari
814 2388 929 2419 solitas
984 2396 1073 2417 mure
1092 2387 1258 2417 Euxinum
1276 2385 1387 2424 positi.

236 2435 372 2475 nuptias
386 2436 508 2476 saepius
533 2436 564 2466 in
581 2436 761 2468 Anioribus
777 2438 931 2469 diximus.
1027 2439 1064 2466 61
1101 2435 1237 2473 Fecisse]
1282 2435 1403 2466 Diana:
1441 2434 1677 2467 immolandam

279 2489 322 2517 56
343 2486 466 2527 Nurus]
497 2486 565 2518 Pro
589 2489 711 2528 puellis
737 2490 868 2529 positae,
895 2494 932 2521 ut
986 2485 1193 2526 Iphigeniam
1211 2496 1229 2515 a
1246 2486 1322 2515 Dea
1339 2495 1398 2524 per
1417 2485 1527 2515 aerem
1544 2485 1578 2515 in
1592 2485 1677 2517 Tau-

237 2535 343 2568 vides.
986 2536 1088 2565 ricam
1117 2535 1284 2573 regionem
1310 2533 1468 2573 delatam,
1492 2542 1593 2565 cerva.
1614 2545 1676 2577 pro

278 2588 319 2615 58
347 2585 511 2626 Virgineo]
539 2587 688 2627 Virginis
703 2587 909 2621 Sacerdotis,
984 2595 1024 2616 ea
1039 2595 1104 2615 ara:
1121 2585 1305 2624 supposita,
1319 2583 1351 2615 in
1368 2585 1508 2615 Metam.
1522 2585 1677 2617 vidimus.

279 2638 322 2666 50
343 2636 507 2677 Moeotide]
534 2636 588 2669 Ad
602 2639 754 2671 Maeotiin
773 2639 930 2681 paludem
1026 2639 1066 2667 64
1092 2636 1217 2675 Pham]
1243 2635 1369 2674 Diana,
1387 2635 1627 2666 Phoebisssoror·

239 2683 334 2717 sitin
1025 2689 1068 2717 66
1090 2685 1209 2726 Invita]
1251 2686 1378 2718 Parum
1404 2686 1527 2728 quippe
1555 2684 1675 2727 virgini
