1877 3193
269 140 384 187 2482
408 191 410 193 .

271 248 416 300 Adde,
439 245 559 303 quod
577 246 797 301 ingenium
817 247 950 298 longa
968 244 1167 297 rubigine
1186 244 1346 286 laesum

325 316 515 370 Torpet:
548 320 592 357 et
610 321 678 356 est
696 315 850 363 multo,
870 326 999 367 quam
1023 313 1105 354 fuit
1123 315 1240 363 ante,
1261 313 1421 354 minus.

270 382 461 433 Fertilis,
483 382 662 425 assiduo
685 382 723 422 si
745 394 830 422 non
851 389 1085 421 renovetur
1107 384 1268 427 aratro,

328 449 424 500 Nil,
446 452 528 491 nisi
549 464 648 491 eum
671 450 808 503 spinis
828 461 1020 500 gramen,
1042 448 1223 487 habebit
1241 459 1356 499 ager.

269 517 488 570 Tempore
511 519 584 571 qui
607 518 739 568 longo
762 516 942 565 steterit,
963 515 1078 555 male
1101 518 1257 564 curret,
1279 517 1322 555 et
1342 514 1450 555 inter

328 583 584 626 Carceribus
603 584 764 623 missos
785 582 963 623 ultimus
985 582 1067 623 ibit
1087 593 1240 634 equos.

269 650 470 691 Vertitur
489 651 532 690 in
553 655 744 690 teneram
765 650 939 699 cariem,
959 649 1167 702 rimisque
1188 648 1393 698 dehiscit,

328 718 378 758 Si
398 731 487 771 qua
509 718 579 757 diu
601 716 741 756 solitis
760 716 915 768 cymba
935 716 1101 756 vacarit
1120 716 1263 768 aquis.

272 784 349 825 Me
370 798 544 838 quoque
564 783 762 835 despero,
785 781 941 821 fuerim
961 794 1061 821 cum
1081 794 1249 834 parvus
1269 785 1312 822 et
1329 784 1441 831 ante,

332 852 418 900 Illi,
439 853 513 904 qui
533 851 711 898 fueram,
731 860 866 902 posse
886 847 1023 890 redire
1042 860 1206 901 parem.

272 918 482 959 Contudit
495 917 711 970 ingenium
731 916 945 970 patientia
964 915 1095 968 longa
1113 915 1311 956 laborum
1328 927 1339 958 ς

271 1028 275 1032 ,
330 985 388 1028 Et
404 997 509 1039 pars
530 984 695 1037 antiqui
711 996 872 1036 magna
891 983 1057 1036 vigoris
1077 983 1216 1023 abest.

753 152 797 184 P.
829 148 988 183 ovmn
1020 147 1238 180 NASONIS

1668 511 1725 554 25

1668 847 1725 888 30

272 1105 349 1144 qnod
360 1103 520 1143 ingenium
530 1102 669 1134 obtusum
677 1102 799 1133 diutina
809 1101 952 1141 rubigine
960 1102 1143 1141 languescit,
1151 1104 1180 1132 et
1191 1103 1236 1133 est
1247 1101 1342 1131 multo
1351 1100 1451 1131 minus
1459 1100 1619 1141 quamfuit
1625 1100 1725 1141 prius.

274 1150 409 1187 (l'ampus
414 1146 524 1184 ferax,
548 1146 575 1175 si
590 1155 648 1175 non
664 1149 826 1175 renovetur
842 1144 989 1182 indefesso
1004 1148 1121 1184 aratro,
1146 1143 1225 1174 nihil
1244 1143 1383 1183 proferet
1403 1147 1520 1183 proeter
1534 1142 1646 1174 herbas
1659 1153 1732 1176 cum

272 1190 378 1228 spinis,
423 1189 530 1228 Equus
545 1187 595 1226 qui
610 1188 760 1226 torpuerit
785 1187 874 1225 longo
890 1187 990 1226 spatio
1014 1187 1094 1216 mule
1114 1189 1228 1222 curret,
1252 1190 1283 1216 et
1305 1187 1424 1217 incedet
1439 1185 1567 1217 ultimus
1580 1186 1662 1216 inter
1677 1195 1727 1216 eos

273 1233 324 1271 (μα’
341 1230 442 1262 emissi
459 1230 585 1268 fuerint
600 1239 640 1259 ex
654 1229 819 1268 repagulis.
865 1228 901 1260 Si
918 1239 985 1267 quoe
1000 1229 1086 1258 navis
1100 1232 1154 1258 aut
1169 1229 1264 1258 linter
1286 1229 1340 1258 diu
1358 1228 1426 1267 suit
1441 1232 1532 1259 extra
1546 1238 1641 1268 aquas
1654 1228 1727 1263 soli,-

273 1278 333 1311 tas,
348 1276 486 1304 mutatur
501 1272 534 1302 in
542 1271 704 1309 friabilem
719 1271 844 1308 cariem,
867 1274 958 1309 atque
974 1270 1114 1309 aperitur
1128 1270 1229 1301 rimis.
1273 1270 1410 1309 Despezro
1425 1272 1531 1309 etiam,
1555 1279 1726 1310 quanquam

272 1321 301 1345 et
310 1316 428 1352 fuerim
443 1314 544 1345 tenuis
557 1316 661 1351 antea,
684 1323 732 1343 me
743 1322 831 1352 posse
836 1312 914 1353 fieri
933 1313 1078 1351 oequalem
1094 1312 1139 1342 illi
1154 1313 1206 1351 qui
1221 1311 1360 1348 fueram.
1406 1313 1544 1342 Diutina
1559 1312 1727 1342 tolerantia

270 1360 299 1390 ta
305 1359 406 1389 borum
422 1357 573 1389 hebetavit
584 1355 755 1395 ingenium,
768 1359 797 1386 et
809 1364 922 1394 magna
933 1363 1008 1394 pars
1016 1354 1146 1395 pristini
1158 1353 1275 1393 vigoris
1286 1354 1488 1384 desideratur.
1533 1354 1564 1384 F
1564 1357 1725 1393 requenter

879 1437 1114 1451 eeNMWO

274 1497 366 1527 Edit.
383 1498 418 1526 et
441 1493 576 1535 quidam
591 1492 733 1532 scripti;
757 1495 793 1522 et
822 1494 907 1522 vetat
920 1491 1006 1521 hoste
1021 1490 1107 1521 duo:
1135 1489 1238 1527 sorte,
1261 1490 1306 1520 At
1323 1493 1347 1520 t.
1361 1489 1427 1527 o.f.
1443 1493 1545 1526 vetum
1568 1500 1631 1522 esse
1643 1490 1727 1531 quie-

271 1543 338 1568 ium
356 1538 391 1569 C.
407 1536 444 1567 ab
458 1538 524 1567 inn.
541 1545 588 1567 me
603 1538 687 1565 vetat
702 1535 786 1564 hoste
801 1534 904 1564 locus:
930 1537 967 1563 ut
993 1532 1043 1563 bis
1069 1536 1206 1572 repetat
1232 1531 1320 1562 idem
1346 1532 1500 1570 verbum,
1518 1533 1606 1564 sicut
1630 1543 1724 1573 saepe

273 1581 369 1611 solet.
393 1580 587 1612 Barna—21
612 1578 655 1608 P.
684 1577 781 1606 multa
807 1585 869 1616 pro
898 1576 1001 1614 longa.
1045 1574 1130 1604 Tum
1157 1573 1288 1605 Arund.
1314 1574 1415 1613 rubig.
1438 1575 1578 1614 plenum,·
1602 1575 1723 1606 Heius.

271 1623 360 1663 eonj.
381 1623 579 1652 rosum-25
606 1619 769 1650 Nonnulli
786 1618 861 1649 libri
878 1627 945 1648 cum
966 1626 1025 1657 pro
1042 1617 1104 1656 qui.
1150 1616 1234 1646 Mox
1253 1616 1371 1656 scripti
1389 1621 1423 1647 et
1442 1616 1525 1647 editi
1540 1616 1638 1647 multi
1653 1619 1725 1649 mal.

271 1666 382 1704 currit,
393 1666 523 1695 et.—26
546 1663 614 1693 Alii
630 1662 689 1692 ibit
705 1663 893 1700 equus.—27
908 1660 987 1691 Non
1005 1660 1119 1700 placet
1134 1658 1198 1690 hoc
1216 1658 1392 1698 epitheton
1412 1657 1578 1698 [teneram]
1592 1663 1729 1690 :tetram

272 1707 495 1747 conjecerant
524 1705 684 1735 Heinsius
709 1708 744 1734 et
776 1703 949 1734 Francius.
977 1711 1039 1742 ego
1069 1700 1159 1732 aliud
1191 1701 1297 1732 adhuc
1329 1710 1462 1742 quaero:
1499 1710 1542 1731 an
1580 1701 1728 1734 tenuem?

272 1759 347 1788 φιλ·
372 1757 438 1779 vox
464 1756 555 1787 saepe
589 1756 665 1776 cum
692 1746 759 1776 alia
787 1748 995 1776 commutata
1021 1744 1203 1784 reperitur.
1244 1744 1370 1774 Hamb.
1400 1744 1541 1774 scabiem.
1565 1744 1725 1775 Bur-m.—

271 1795 312 1824 28
336 1791 403 1822 Alii
426 1789 523 1831 cymb.
553 1788 674 1819 vacabit
703 1788 755 1818 vel
785 1787 928 1818 vacavit:
952 1786 992 1817 P.
1024 1789 1184 1824 negotur;
1214 1790 1250 1816 et
1279 1786 1375 1817 Serv.
1405 1786 1622 1817 carebia—29
1643 1787 1726 1817 Des-

267 1844 341 1874 γει-ο
373 1832 490 1864 Heius.
524 1831 658 1871 recepit
688 1840 729 1860 ex
771 1839 824 1870 pr.
861 1829 936 1860 Pal.
971 1834 1007 1859 et
1043 1833 1186 1869 quatuor
1215 1829 1289 1859 aliis
1325 1838 1386 1869 pro
1419 1829 1509 1869 vulg.
1542 1829 1723 1868 despera.—

271 1880 310 1908 31
336 1875 463 1916 Scripti
490 1874 641 1906 nonnulli
668 1873 824 1909 laborum
848 1872 939 1912 vulg.
970 1872 1129 1903 dolorum.-
1153 1876 1189 1902 et
1217 1871 1278 1903 Be.
1304 1872 1550 1911 majorum—32
1574 1870 1731 1904 Quidam<

923 1968 1063 2004 NOTAE

268 2046 491 2078 irruentibus.
1066 2048 1106 2076 25
1134 2044 1293 2085 Tempore]
1330 2042 1516 2083 Aptissima
1543 2041 1608 2072 alia
1634 2049 1722 2072 com-

311 2100 352 2128 22
391 2097 513 2137 Minus]
550 2095 644 2127 Nihil
674 2106 755 2128 vero
790 2101 921 2127 tantum
954 2107 973 2127 a
1023 2096 1272 2135 parat103quae
1290 2093 1394 2133 magis
1407 2092 1515 2123 adhuc
1532 2101 1600 2122 rem
1617 2091 1721 2131 ipsam

268 2146 449 2177 scribendo
473 2145 621 2175 animum
647 2145 846 2177 dehortatur
871 2157 970 2187 quam
1023 2145 1128 2175 oculis
1159 2143 1309 2183 subjicit,
1332 2148 1369 2173 ut
1395 2141 1498 2173 facile
1515 2140 1647 2181 patebit
1672 2144 1722 2171 at-

271 2195 447 2225 tenuitatis
473 2193 693 2224 conscientia.
731 2195 808 2224 Non
825 2195 896 2224 siue
913 2204 969 2224 co·
1023 2194 1192 2224 tendenti.

269 2249 351 2275 natu
364 2243 464 2274 foetus
480 2251 556 2273 suos
569 2247 629 2272 aut
641 2243 791 2282 concipit
802 2247 859 2272 aut
872 2243 967 2273 emit-

269 2294 312 2324 tit
327 2302 420 2324 mens
445 2295 574 2329 nostra,
590 2291 647 2330 qui
674 2291 729 2322 ubi
755 2289 966 2321 t'rustraneus

269 2348 336 2381 est,
359 2342 414 2373 vel
437 2341 545 2372 minus
571 2340 723 2379 idoneus,
749 2341 798 2371 ita
821 2340 965 2372 maxime

269 2392 539 2425 cordatissimum
566 2400 732 2432 quemque
762 2391 804 2421 ab
829 2391 966 2433 incepto

268 2443 440 2474 demovet.

312 2495 352 2524 23
388 2490 532 2530 Fertilis]
567 2490 783 2530 Comparatio
807 2490 966 2530 elegans3

267 2542 368 2573 sicuti
398 2541 488 2573 enim
518 2550 598 2581 ager
636 2540 713 2570 dum
746 2540 891 2571 vertitur
924 2539 965 2571 ad

269 2592 427 2623 serendos
455 2590 586 2622 fructus
617 2590 767 2620 mitiores
796 2588 966 2630 componi-

272 2647 337 2679 tur,
367 2642 415 2671 ita
443 2641 614 2681 ingenium
642 2640 677 2670 in
705 2643 821 2682 partes
850 2648 965 2672 omnes

270 2690 433 2722 versando
445 2689 669 2724 foecundatur.

1064 2245 1104 2272 27
1127 2240 1284 2279 Vertitur]
1309 2239 1400 2269 Vere
1418 2239 1517 2269 dicit:
1544 2241 1578 2268 at
1591 2246 1656 2268 non
1673 2237 1721 2268 ita

1020 2290 1206 2329 respondet
1235 2288 1359 2327 ingenii
1383 2292 1513 2317 naturae
1540 2286 1606 2316 ista
1630 2296 1720 2318 eom-

1020 2340 1169 2380 paratio;
1194 2338 1252 2368 nisi
1270 2338 1342 2378 ejus
1358 2337 1480 2367 cariem
1494 2336 1620 2366 dixeris
1638 2337 1721 2367 vitia

1019 2389 1136 2430 quibus
1165 2398 1225 2428 per
1250 2388 1350 2418 otium
1378 2387 1615 2426 corrumpitur,
1631 2397 1721 2427 quae-

1020 2448 1085 2479 que
1111 2437 1323 2475 catervatim,
1348 2445 1424 2468 cunr
1454 2436 1535 2467 nihil
1559 2438 1642 2477 agit,
1670 2437 1719 2468 in-

1022 2492 1158 2527 gruunt.

1063 2539 1104 2567 29
1129 2536 1265 2576 Parvus]
1288 2536 1416 2567 Tenuis
1443 2535 1582 2576 ingenii.
1627 2534 1718 2567 Invi-

1021 2586 1109 2618 diam
1126 2596 1166 2617 ex
1182 2586 1341 2626 snperbia
1357 2585 1519 2616 declinat.

1061 2636 1163 2677 Ante]
1186 2636 1384 2680 Priusquam
1399 2634 1648 2669 calamitatibus
1661 2633 1719 2667 ob-

1021 2691 1125 2720 tutus,
