1877 3193
571 160 725 193 Ems'r.
760 161 827 192 Ex
862 161 1020 192 PON‘ro
1053 162 1150 194 ΜΒ.
1184 162 1239 194 11.
1269 152 1311 194 2.
1551 155 1665 197 2573

212 254 400 306 Felices,
420 255 583 310 quibus
603 257 683 299 hos
703 257 837 299 licuit'
854 261 1050 312 spectare
1069 258 1325 312 triumphOS,

270 323 329 364 Et
351 323 494 365 Ducis
514 338 585 365 ore
607 325 730 367 Deos
752 326 1051 380 aequiparante
1071 325 1174 367 frui.

212 390 276 432 At
293 391 397 432 mihi
417 391 689 434 Sauromatae
709 406 788 447 pro
811 393 1002 434 Caesaris
1024 406 1100 433 ore
1121 392 1313 442 videndi,
1612 392 1668 433 95

268 458 496 511 Terraque
520 460 647 512 pacis
667 460 812 512 inops,
834 459 1040 511 undaque
1060 459 1208 499 vincta
1228 459 1345 511 gelu.

214 525 263 565 Si
284 530 430 565 tamen
449 525 547 566 haec
569 525 711 574 audis,
733 528 776 565 et
796 537 888 565 vox
907 536 1006 564 mea
1026 525 1224 577 pervenit
1243 525 1357 564 istuc
1374 537 1386 576 3

268 591 335 633 Sit
354 595 427 632 tua
446 590 653 632 mutando
671 590 812 645 gratia
830 589 994 631 blanda
1015 591 1130 631 loco.

215 658 319 699 Hoc
338 661 462 712 pater
481 658 558 699 ille
577 660 696 708 tuus,
716 659 856 712 primo
876 658 981 699 mihi
1001 658 1146 699 cultus
1169 657 1226 698 ab
1247 669 1363 707 aevo,

271 724 320 766 Si
340 725 446 779 quid
463 725 596 767 habet
616 738 776 767 sensus
796 727 951 767 umbra
970 725 1149 776 diserta,
1169 724 1296 778 petit.
1585 727 1669 769 100

211 856 295 888 renti
309 856 394 888 venit
408 856 501 888 comis
516 857 678 888 decoratis.
722 857 818 888 Beati
845 856 952 897 quibus
977 865 1146 888 concessum
1169 858 1214 886 est
1229 865 1350 887 cernere
1365 855 1418 886 hos
1433 856 1616 896 triumphos,
1639 860 1670 888 et

209 900 348 940 gaudere
364 900 452 931 vultu
468 899 671 939 Imperatoris
695 898 792 930 simili
817 900 902 931 Diis.
948 899 992 930 At
1019 899 1212 929 Sauromatoe
1238 902 1310 929 sunt
1332 898 1410 928 milei
1439 900 1599 938 spectandi
1612 909 1669 939 pro

212 942 300 972 vultu
324 942 470 982 Caesaris,
485 946 513 972 et
530 943 618 973 tellus
633 943 734 973 nescia
745 942 843 982 pacis,
855 945 885 973 et
900 952 978 982 aqua
992 945 1148 981 compacta
1161 940 1275 979 glacie.
1320 941 1357 971 Si
1374 944 1476 971 tamen
1491 942 1581 971 audis
1595 941 1670 981 haec,

212 987 244 1014 et
256 984 349 1015 verba
374 992 444 1015 mett
463 985 647 1024 pertingunt
672 984 764 1024 istuc,
782 984 877 1022 furor
902 988 974 1015 tuus
994 985 1036 1014 sit
1052 984 1128 1014 lenis
1143 984 1183 1013 ad
1198 984 1446 1013 commutandum
1459 984 1567 1015 Iocum.
1611 984 1671 1014 Ille

212 1029 285 1057 tuus
293 1027 420 1066 genitor
436 1027 601 1058 honoratus
616 1037 635 1058 a
650 1037 697 1058 me
719 1027 757 1058 ab
771 1028 860 1058 annis
881 1027 1006 1068 teneris,
1026 1026 1053 1057 si
1069 1026 1180 1057 Manes
1195 1026 1327 1063 facundi
1344 1025 1453 1056 habent
1469 1025 1588 1065 aliquid
1603 1035 1670 1057 sen-

825 1111 1060 1123 eeeeeeeeeee

214 1174 398 1205 quanquam.
421 1165 542 1197 Heins.
564 1165 691 1198 insistit
707 1166 856 1206 vestigiis
875 1166 932 1196 Sa.
961 1165 1120 1203 Codicis;
1144 1169 1319 1206 mutatque
1347 1162 1508 1194 nillilnisi
1524 1173 1672 1203 quamque

215 1208 250 1237 in
266 1217 357 1247 quam
380 1217 457 1248 qua:
483 1218 557 1239 nam
574 1209 606 1238 in
633 1219 743 1248 super.
769 1219 817 1239 vs·
846 1209 950 1238 habet
977 1209 1098 1239 secuml.
1126 1208 1199 1245 erit,
1224 1217 1288 1237 non
1306 1207 1389 1242 eris;
1413 1205 1504 1246 quod
1534 1206 1672 1246 quidem

213 1254 313 1290 putat
327 1250 503 1289 superiora
526 1252 534 1268 ‘
552 1251 615 1280 His
631 1250 859 1281 Messallinus’
876 1249 1097 1280 confirmare:
1124 1259 1172 1280 vs.
1189 1249 1292 1288 igitur
1308 1249 1354 1278 sic
1372 1247 1562 1285 constituit,
1579 1247 1672 1277 Hanc

214 1292 290 1322 colet
305 1295 378 1322 ante
392 1292 484 1330 diem,
497 1302 585 1331 quam
602 1302 660 1331 qua
673 1294 755 1323 decr.
771 1293 822 1331 ⁸5⁶·
847 1292 989 1322 Minime
1002 1301 1084 1322 vero
1100 1290 1432 1331 praetermittendum
1449 1293 1563 1330 putat,
1582 1289 1673 1329 quod

213 1333 249 1363 in
266 1333 350 1372 Arg.
366 1337 544 1364 exaratum
561 1334 712 1365 occurrit
726 1344 876 1375 quaquam
891 1335 973 1364 decr.
987 1335 1124 1374 parenti.
1146 1334 1154 1349 ⁴
1168 1333 1259 1365 Quid
1273 1333 1318 1363 sit
1333 1335 1404 1363 ante
1419 1332 1500 1362 diem
1515 1332 1550 1362 in
1566 1331 1674 1362 Hein-

213 1375 308 1405 staua
323 1376 606 1416 interpretatione
624 1386 689 1408 non
713 1377 824 1408 video.
869 1377 1151 1408 Emendationem
1169 1380 1204 1407 et
1219 1385 1281 1417 ego
1299 1374 1451 1407 tentavi:
1477 1373 1537 1405 sed
1561 1374 1672 1404 vereri

213 1416 336 1457 fateor,
351 1422 389 1449 ut
410 1419 463 1449 vel
481 1418 615 1449 Heinsii
644 1420 696 1450 vel
712 1425 828 1451 nostra
844 1420 990 1450 lectione
1008 1419 1089 1450 satis
1114 1423 1208 1449 arcte
1219 1428 1302 1450 ,cum
1324 1417 1494 1457 prioribus
1510 1417 1584 1447 haec
1599 1425 1675 1447 con-

211 1460 364 1491 veniant.
408 1460 580 1501 Legebam
598 1468 725 1500 tamen,
742 1462 832 1500 Quis,
848 1462 901 1492 vel
919 1462 1021 1496 Quam
1046 1462 1128 1491 colat
1141 1464 1215 1491 ante
1237 1461 1327 1499 diem,
1343 1460 1463 1498 quicum
1478 1460 1600 1489 decreta
1612 1468 1674 1488 me-

211 1503 296 1533 renti
316 1502 420 1541 Venit,
434 1502 511 1542 lisa?
526 1504 644 1543 aliquis
661 1503 808 1535 fortasse
824 1503 929 1542 malit,
945 1512 1036 1541 quam
1048 1512 1118 1541 qua,
1132 1511 1192 1541 pro
1204 1503 1337 1540 quicum.
1368 1501 1424 1530 Sic
1442 1505 1555 1530 autem
1571 1500 1675 1530 inter·

212 1545 444 1584 pretabimur:
470 1545 553 1576 Quis
570 1545 658 1575 enim
672 1545 779 1584 magis
796 1548 977 1575 veneretur
993 1544 1082 1574 diem
1099 1544 1184 1573 hanc
1198 1542 1370 1573 Tiberiani
1387 1542 1561 1582 triumphi,
1573 1551 1673 1582 quam

211 1586 445 1625 Messalliuus,
463 1596 536 1617 cum
554 1596 621 1626 qua
636 1586 690 1616 die
707 1587 800 1617 venit
814 1586 845 1618 ei
861 1587 975 1617 laurea
988 1585 1084 1616 initio
1100 1584 1182 1615 belli
1200 1584 1351 1615 decreti?
1368 1585 1434 1622 vel,
1452 1584 1563 1615 Quam
1580 1584 1673 1614 enim

212 1628 322 1668 magis
340 1634 523 1659 veneretur
535 1628 624 1659 diem
638 1628 868 1667 Messallinus,
879 1638 979 1668 quam
995 1628 1094 1666 hanc,
1110 1637 1186 1667 qua,
1203 1637 1274 1665 seu,
1286 1627 1432 1667 quicum,
1454 1627 1542 1657 διε..)
1559 1630 1673 1665 potest

215 1670 318 1700 etiam
335 1670 415 1709 legi,
430 1670 524 1700 Hanc
547 1672 624 1701 colet
649 1680 741 1710 usque
755 1671 838 1701 diem
853 1670 987 1711 quicum,
1008 1673 1061 1709 ὅγε.
1086 1679 1163 1700 nam
1192 1669 1414 1699 animadverti
1440 1678 1533 1707 usque
1550 1672 1586 1698 et
1602 1671 1674 1698 ante

214 1712 248 1742 in
265 1712 360 1742 libris
377 1717 583 1752 permutata,
599 1718 636 1743 ut
653 1713 750 1754 Eleg.
768 1713 917 1754 praeced.
935 1721 981 1743 vs.
996 1712 1059 1743 60!
1082 1712 1201 1742 Auctor
1228 1711 1328 1742 Elect.
1347 1711 1443 1741 Eton.
1467 1711 1579 1741 Locus
1598 1719 1673 1750 per-

214 1754 354 1794 plexus:
373 1759 408 1785 et
420 1754 540 1785 durum
559 1755 694 1785 videtur
707 1755 797 1794 hunc,
814 1756 866 1786 vel
879 1753 1112 1795 hanc‚referre
1128 1754 1169 1784 ad
1184 1753 1367 1789 Tiberium,
1383 1753 1478 1793 cujus
1495 1752 1624 1783 mentio
1637 1752 1673 1783 in

213 1796 377 1836 proximis
395 1806 461 1827 non
477 1796 537 1834 fit;
567 1806 677 1837 neque
701 1797 783 1828 illud
799 1801 870 1828 ante
891 1798 973 1828 diem
996 1797 1167 1836 intelligo:
1194 1806 1270 1826 cum
1287 1801 1399 1826 autem
1431 1794 1674 1835 praecesserint

215 1838 282 1870 duo
298 1837 432 1879 fratres,
449 1849 532 1879 quos
547 1839 670 1870 similes
687 1840 822 1871 Castori
839 1846 875 1871 et
888 1839 1020 1871 Polluci
1037 1848 1108 1869 esse
1126 1839 1186 1877 ait,
1204 1843 1239 1868 et
1253 1837 1414 1868 Heinsius
1432 1836 1672 1867 Germanicum

215 1886 251 1912 et
268 1882 414 1912 Drusum
432 1882 616 1920 intelligat,
632 1882 759 1920 malim,
785 1882 853 1912 Hos
869 1882 955 1920 colis,
968 1885 1060 1921 alque
1075 1881 1185 1922 fidem,
1202 1890 1257 1920 per
1273 1889 1363 1919 quam
1384 1880 1505 1909 decreta
1522 1878 1671 1909 merenti:

214 1924 264 1954 Tu
282 1924 480 1955 Messalline
497 1925 578 1954 colis
594 1924 666 1963 hos,
683 1929 717 1954 et
735 1925 832 1954 simul
847 1923 962 1962 fidem,
978 1934 1044 1964 qua
1066 1922 1220 1953 meruisti
1249 1923 1408 1951 lauream.
1455 1921 1531 1951 Dies
1545 1920 1673 1960 etfides

215 1966 336 1997 millies
353 1977 372 1997 a
388 1966 533 1997 librariis
548 1965 707 1996 confusa:
734 1966 806 2003 sed,
822 1970 860 1996 ut
877 1975 992 1996 verum
1015 1964 1136 2002 fatear,
1160 1973 1238 1994 vera
1255 1963 1364 1993 adhuc
1383 1964 1484 1993 lectio
1501 1968 1537 1992 et
1554 1971 1671 1993 sensus

218 2009 413 2047 quaerenda.
437 2009 633 2039 Barna—>93
658 2008 713 2039 Sa.
729 2013 765 2039 et
778 2017 862 2038 unus
877 2008 919 2038 V.
933 2019 950 2037 ο
975 2017 1036 2047 pro
1053 2007 1204 2037 hos—96
1228 2005 1296 2035 Alii
1311 2005 1424 2043 juncta
1441 2014 1501 2045 pro
1514 2004 1673 2036 vincta.—

216 2052 257 2080 97
283 2051 457 2090 Meliores,
473 2056 561 2081 teste
593 2050 715 2081 Heius.
741 2050 828 2086 haec;
851 2049 907 2080 alii
931 2050 996 2080 Ιιοε.
1022 2050 1105 2079 Mox
1133 2048 1296 2087 Excerpt.
1324 2048 1419 2078 Voss.
1447 2056 1531 2086 perv.
1547 2047 1672 2077 illuc.—

217 2094 258 2123 98
283 2092 346 2124 Ed.
363 2093 494 2133 Gryph.
511 2092 564 2123 Sic
580 2096 656 2130 tua;
681 2097 715 2123 et
729 2093 857 2124 'l‘huam
884 2092 935 2123 Sit
960 2091 1031 2123 eibi.
1056 2092 1141 2121 Tum
1157 2091 1331 2130 Excerpta
1348 2089 1509 2130 Scaliger.
1532 2091 1650 2120 mutato
1664 2097 1676 2119 .·

874 2177 1013 2210 NOTAE

215 2252 308 2284 fecto
325 2256 522 2284 ornamenta
547 2252 765 2293 triumphalia
788 2252 831 2283 ab
847 2251 916 2283 Au-
1013 2255 1055 2284 94
1071 2251 1188 2291 Ducis]
1202 2252 1279 2282 Non
1295 2248 1452 2290 Augusti,
1466 2247 1524 2279 sed
1538 2246 1673 2279 Tiberii.

216 2308 314 2345 gusto
341 2303 550 2344 impetravit.
595 2304 682 2336 Quae
701 2313 752 2334 res
778 2312 820 2334 ex
836 2303 917 2334 Sue-
1013 2300 1254 2343 AEquiparante]
1272 2300 1371 2333 ,Iovis
1399 2299 1523 2340 quippe
1551 2299 1673 2329 ornatu

215 2355 308 2386 tonio
324 2359 360 2385 et
377 2354 485 2384 Dione
503 2353 758 2393 comprobatur.
971 2353 1137 2391 decorati,
1151 2358 1231 2393 toga
1257 2351 1360 2392 picta,
1383 2351 1575 2388 laureaque,
1599 2356 1674 2377 cur-

258 2405 342 2436 Ante
356 2405 451 2445 diem]
474 2404 564 2437 Quia
583 2404 719 2444 juvenis
736 2401 917 2434 admodum
971 2413 1077 2444 ruque
1105 2408 1224 2433 aurato
1243 2401 1343 2438 vecti,
1368 2398 1612 2437 triumphantes
1637 2395 1672 2425 in

218 2464 293 2485 cum
307 2455 446 2486 Tiberio
464 2454 697 2493 triumphavit.
973 2453 1180 2493 Capitolium
1197 2450 1436 2481 ascendebant.

261 2504 416 2543 Mercuri]
439 2504 706 2534 Prudentissime
722 2504 837 2535 addita
852 2513 917 2533 vox
1013 2505 1055 2533 98
1082 2501 1164 2539 Tua]
1189 2501 1266 2531 Qua
1282 2499 1387 2538 polles
1401 2496 1489 2536 apud
1508 2495 1671 2525 Caesares.

220 2550 298 2589 ista,
323 2561 366 2582 ne
392 2562 435 2582 ex
450 2553 582 2583 Tiberii
609 2553 726 2585 favore
746 2554 855 2585 minor
870 2554 917 2584 vi·
1016 2549 1185 2587 Mummio]
1210 2548 1322 2587 Atque
1346 2546 1430 2576 adeo
1448 2544 1584 2584 propius
1602 2543 1671 2574 Ro-

221 2599 361 2630 deretur
376 2600 566 2631 Messallini
579 2602 696 2633 virtus.
972 2611 1072 2639 mam,
1095 2605 1153 2629 aut
1170 2599 1200 2628 iu
1218 2598 1328 2627 locum
1357 2595 1537 2635 mitiorem,
1564 2599 1671 2626 trans-

264 2652 305 2680 93
323 2647 454 2687 Felices]
468 2650 570 2680 suum
588 2660 735 2683 amorem
748 2653 810 2684 hac
826 2661 917 2683 max·
972 2651 1076 2682 ferar.

223 2698 289 2732 ime
305 2699 460 2731 declarat
474 2699 720 2735 exclamatione
736 2703 858 2735 Poeta.
1014 2702 1056 2730 99
1072 2697 1147 2739 Ille]
1169 2694 1382 2737 Dignitatem
1394 2698 1498 2737 atque
1512 2703 1668 2726 reveren-
