1863 3193
225 160 339 203 2280
715 175 757 205 P.
789 174 947 204 evron
980 173 1193 205 NAsole

225 264 545 321 Quodcumque
573 269 780 321 attigerit,
803 270 840 310 si
860 282 947 321 qua
967 272 1035 309 est
1054 269 1259 311 studiosa
1279 270 1459 320 sinistri,

281 331 354 373 Ad
375 335 524 375 vitium
546 349 686 376 mores
707 338 887 377 instruet
909 337 1009 376 inde
1032 350 1150 378 suos.

226 399 442 441 Sumserit
464 402 681 454 Annales3
712 404 836 457 (nihil
857 408 923 443 est
943 404 1154 445 hirsutius
1174 404 1265 444 illis
1278 403 1312 458 ς)

284 467 423 509 Facta
444 470 499 510 sit
520 472 632 511 unde
652 483 806 524 parens
829 471 913 511 Ilia
931 484 1084 524 nempe
1106 472 1234 523 leget.

226 533 452 585 Sumserit,
474 538 716 578 AEneadum
740 539 924 590 genitrix
945 539 1021 578 ubi
1039 538 1210 591 prima3
1242 539 1446 591 requiret,

282 602 526 643 AEneadum
548 606 734 656 genitrix
751 606 865 644 unde
887 606 942 645 sit
963 606 1079 646 alma
1096 605 1264 646 Venus

224 668 473 723 Persequar
493 673 686 722 inferius,
705 672 860 726 (modo
884 674 923 713 si
942 674 1049 714 licet
1068 673 1218 713 ordine
1240 671 1381 725 ferri,)

281 735 422 777 Posse
442 751 597 779 nocere
618 739 771 779 animis
793 739 998 778 carminis
1018 752 1141 779 omne
1160 753 1311 791 genUS.

223 801 345 853 [Non
366 810 511 844 tamen
530 806 695 846 idcirco
716 805 877 845 crimen
897 805 1005 845 liber
1023 806 1162 845 omnis
1183 806 1376 846 habebit.

284 869 362 910 Nil
384 872 579 923 prodest,
602 871 721 924 quod
741 884 829 911 non
849 871 1008 910 laedere
1029 872 1172 922 possit
1192 871 1342 921 idem.]

225 935 331 987 Igne
355 937 461 989 quid
482 937 666 976 utilius?
699 937 737 976 si
759 936 858 989 quis
878 939 1021 975 tamen
1040 949 1160 976 urere
1191 939 1305 977 tecta

279 1002 533 1056 Comparat,
554 1004 742 1045 audaces
763 1003 935 1044 instruit
955 1003 1051 1056 igne
1068 1016 1242 1044 manus.

1589 469 1674 512 260

222 1127 313 1154 mate.
331 1123 367 1153 Si
382 1133 449 1163 quoe
464 1126 507 1153 est
520 1134 626 1154 amans
640 1124 767 1164 obliqui,
783 1126 986 1165 quodcumque
1003 1127 1207 1165 legerit,iude
1219 1126 1362 1157 instituet
1374 1135 1473 1156 mores
1483 1134 1552 1155 suos
1561 1125 1603 1155 ad
1613 1124 1673 1155 cri-

221 1175 300 1196 men.
320 1166 444 1204 ceperit
458 1166 592 1195 Annales
604 1177 615 1201 ;
629 1167 732 1204 (nihil
744 1170 786 1196 est
802 1168 939 1206 asperius
950 1168 1054 1205 illis;)
1066 1169 1213 1198 nimirum
1228 1170 1283 1199 illa
1299 1168 1415 1198 videbit
1428 1178 1468 1198 ex
1479 1177 1537 1207 quo
1553 1167 1614 1197 Ilia
1629 1164 1673 1197 §it

218 1208 306 1247 sacta
318 1211 429 1238 mater.
448 1208 572 1247 Ceperit
586 1208 707 1248 poema
719 1210 752 1238 in
764 1219 821 1248 quo
830 1211 930 1248 prima
939 1213 1038 1239 mater
1050 1211 1222 1240 AEneadum
1230 1221 1240 1246 ;
1255 1213 1339 1249 petet
1348 1220 1386 1240 ex
1397 1220 1454 1249 quo
1468 1213 1551 1240 alma
1572 1209 1674 1241 Venus

220 1250 262 1280 sit
279 1253 377 1279 mater
393 1251 575 1280 AEneadum.
626 1250 762 1280 Probabo
777 1250 920 1290 inferius,
934 1252 983 1291 (si
997 1252 1081 1281 modo
1095 1253 1268 1282 conceditur
1284 1252 1414 1291 singula
1431 1262 1490 1281 suo
1505 1252 1613 1283 ordine
1625 1261 1673 1282 re-

218 1292 337 1331 ferre,)
352 1302 438 1322 omne
450 1302 547 1330 genus
561 1293 706 1323 carminis
728 1302 812 1332 posse
827 1294 927 1324 obesse
941 1294 1062 1324 animis,
1108 1295 1181 1324 Non
1204 1295 1271 1324 ideo
1294 1298 1395 1324 tumen
1410 1295 1508 1323 omnis
1522 1294 1600 1324 liber
1615 1294 1676 1324 erit

218 1344 351 1373 pravus:
366 1334 552 1373 nihiljucat,
562 1336 641 1374 quod
650 1335 731 1365 idem
748 1345 807 1365 non
822 1340 913 1375 queat
927 1336 1037 1367 obesse.
1053 1337 1139 1371 Quid
1151 1340 1196 1366 est
1208 1337 1317 1367 utilius
1332 1334 1428 1374 igne?
1443 1336 1558 1375 Siquis
1571 1339 1674 1366 tamen

221 1377 360 1408 instituit
374 1377 534 1408 incendere
555 1378 668 1416 domos,
691 1377 820 1408 instruit
835 1388 942 1409 manus
956 1379 1136 1410 temerarius
1151 1380 1234 1417 igne.
1280 1378 1439 1409 Medicina
1458 1388 1673 1418 nonnunquam

833 1463 893 1474 ,eo-‘⁴
894 1462 1063 1473 ‘‘‘‘‘‘‘

222 1507 284 1535 258
310 1505 374 1537 Ms.
389 1506 521 1537 Bersm.
538 1516 613 1538 mor.
629 1507 758 1537 instruit
782 1507 973 1537 inda—259
991 1507 1049 1538 Pr.
1061 1507 1102 1539 V.
1117 1510 1162 1537 est
1177 1507 1335 1538 irrisimus
1350 1506 1393 1537 ill.
1412 1510 1447 1536 et
1464 1506 1518 1536 alii
1535 1515 1597 1545 pro
1612 1505 1675 1536 illis

220 1547 347 1577 liabent
371 1548 451 1578 istis.
476 1549 594 1579 Heius.
610 1549 696 1589 conj.
723 1549 823 1580 Sums.
839 1549 975 1580 Annales
1001 1550 1049 1587 (n.
1066 1559 1091 1580 e.
1117 1549 1164 1590 Ιι.)
1183 1550 1385 1580 Εηηῐ.-261
1414 1548 1480 1579 ΑΙίἰ
1496 1549 1676 1587 AEneadem,

221 1590 274 1619 vel
292 1590 463 1620 AEneidem.
487 1591 608 1621 Heius.
626 1592 714 1631 conj.
731 1593 950 1630 AEneadumg.
967 1592 1017 1622 cui
1035 1592 1233 1631 prinu—263
1257 1592 1339 1623 Jun.
1353 1596 1389 1622 et
1405 1601 1463 1621 sex
1486 1591 1541 1621 alii
1560 1591 1674 1621 Prose-

221 1641 296 1670 (μιαν
312 1632 371 1669 inf.
396 1633 478 1662 Mox
496 1634 590 1663 Leid.
607 1640 641 1664 et
660 1634 787 1665 Bersm.
803 1635 868 1665 ord.
885 1634 1071 1671 fari.—265
1098 1634 1277 1665 Distichon
1291 1638 1506 1674 suspectum:
1535 1643 1582 1663 vs.
1600 1635 1674 1663 243.

221 1673 329 1702 simile
345 1676 504 1704 carminis
530 1676 673 1707 initium.
698 1677 810 1707 Heius.
857 1677 935 1707 Non
953 1682 1020 1707 tam
1044 1676 1181 1707 facilem
1210 1687 1263 1707 me
1280 1686 1353 1707 esse
1376 1675 1484 1706 fateor
1501 1675 1533 1705 in
1560 1673 1673 1705 confo-

221 1715 351 1746 diendis
368 1717 527 1752 versibus,
544 1718 599 1747 ubi
618 1728 733 1748 sensus
747 1719 873 1757 optime
891 1719 971 1748 mihi
990 1723 1147 1749 constare
1164 1719 1322 1756 videtur;
1347 1724 1384 1749 ut
1402 1718 1468 1757 hic,
1484 1718 1510 1748 si
1526 1717 1673 1756 legatur,

223 1758 307 1787 Num
323 1761 425 1789 tamen
439 1759 553 1789 idcirco
566 1770 590 1790 c.
615 1761 637 1789 l.
664 1771 690 1790 o.
706 1761 736 1791 Ιι.
760 1761 808 1799 Si,
823 1771 934 1800 quoque
958 1762 1037 1800 quod
1058 1762 1196 1800 prodest,
1212 1762 1233 1792 l.
1260 1771 1290 1800 p.
1307 1761 1330 1792 i.
1354 1762 1363 1778 ⁴
1384 1761 1520 1797 Crimen
1537 1759 1672 1790 habere'

219 1800 437 1831 usitatissima
458 1800 584 1832 Ovidio
600 1802 747 1833 locutio:
773 1803 839 1833 vid.
857 1811 912 1833 111.
928 1802 1002 1833 Art.
1018 1806 1090 1834 454.
1104 1804 1219 1834 crimen
1232 1804 1311 1834 liber
1323 1803 1420 1833 omnis
1434 1802 1563 1832 liabetur
1576 1801 1672 1839 prim.

223 1841 311 1872 Edit.
340 1846 376 1872 ut
403 1843 538 1873 Merula
559 1844 663 1882 legit:
690 1849 805 1883 posset
831 1849 877 1882 et,
906 1846 933 1875 si
957 1847 1044 1876 modo
1067 1847 1147 1884 quod
1170 1847 1302 1885 prodest.
1327 1846 1552 1875 Erum—266
1575 1843 1671 1874 Unus

219 1884 304 1914 liber
329 1894 409 1915 urer.
436 1889 654 1917 castra—267
682 1887 749 1917 Pro
780 1889 945 1928 Comparat
971 1888 1028 1918 alii
1052 1888 1208 1928 Apparet,
1238 1888 1291 1918 vel
1320 1887 1476 1927 Coeperit:
1511 1886 1670 1916 Barthius

874 1970 1013 2002 NOTAE

220 2030 311 2060 Naso
327 2040 334 2059 :
373 2039 483 2071 neque
510 2041 588 2062 vero
617 2032 706 2073 quod
731 2030 917 2063 satisfaciat

219 2080 391 2120 quisquam
411 2081 563 2120 proferre
582 2083 699 2122 possit.
743 2082 811 2112 Vix
827 2082 916 2111 enim

218 2130 297 2168 ulla,
317 2135 497 2170 utcumque
521 2131 656 2170 sapiens
680 2136 715 2160 et
739 2131 916 2169 sapientis-

218 2180 312 2215 sima,
344 2179 488 2209 Nasonis
518 2178 620 2209 Artes
651 2179 757 2218 possit
787 2180 915 2218 legere,

218 2237 291 2266 quae
310 2237 374 2257 nou
390 2233 550 2266 corrupta
566 2228 727 2258 discedat.
763 2228 915 2267 Ipsemet

216 2277 297 2315 fuga
319 2278 379 2307 sibi
403 2278 435 2306 iu
453 2287 564 2308 amore
578 2278 819 2308 consulendum
843 2288 914 2309 esse

218 2328 340 2358 suasit:
368 2328 454 2357 vinci
469 2327 620 2366 adeoqu(¹
633 2328 740 2367 cupit,
753 2328 808 2367 qui
824 2329 913 2359 leno-

217 2378 328 2416 ciniis,
344 2387 418 2418 quae
434 2378 491 2408 ille
516 2377 629 2417 habet,
654 2379 801 2409 animum
818 2388 914 2408 suuni

216 2432 385 2459 attentum
402 2429 543 2467 praebet.

259 2481 322 2509 256
348 2478 470 2517 Potest]
497 2478 620 2508 Verum
634 2477 800 2518 equidem.
814 2477 913 2507 Cete-

218 2537 289 2558 rum
305 2538 369 2558 non
384 2527 489 2558 fucrit
513 2528 595 2558 illud
613 2528 739 2558 crimen
756 2527 914 2557 carminis

217 2578 345 2616 scripti,
361 2578 418 2607 sed
433 2578 557 2617 ingenii
576 2578 733 2617 legentis.
749 2578 821 2607 'l‘ua
834 2587 913 2607 vero

215 2628 263 2657 ita
279 2627 456 2664 adornata,
469 2632 506 2657 ut
522 2638 561 2657 eo
573 2628 645 2667 ipso
659 2632 807 2658 mentem
822 2627 913 2659 delc-

218 2677 314 2708 uiuut
331 2676 418 2716 quod
435 2676 524 2707 illam
542 2681 693 2716 tangant.

259 2729 323 2756 258
347 2722 497 2764 Instruet]
529 2724 557 2756 A
574 2725 758 2766 contrario,
772 2725 912 2759 scilicet.

1013 2035 1076 2063 259
1100 2031 1282 2071 Hirsutius]
1327 2030 1478 2062 Hori-ido
1509 2030 1597 2061 enim
1630 2040 1670 2062 ac

971 2081 1085 2121 prisco
1099 2090 1224 2122 genere
1233 2081 1408 2118 sermonis,
1419 2080 1517 2111 nullis
1529 2079 1672 2120 deliciis,

970 2132 1089 2169 scripti
1104 2132 1253 2162 Annales
1271 2131 1427 2162 Romani.

1012 2182 1074 2208 260
1099 2181 1175 2219 Ilia]
1219 2182 1303 2212 Quae
1331 2181 1425 2219 virgo
1450 2180 1598 2211 Vestalis
1625 2189 1668 2211 ex

970 2227 1084 2258 Marte
1103 2228 1279 2258 Romulum
1294 2232 1329 2258 et
1345 2229 1485 2258 Remum
1498 2229 1625 2267 genuit.

1011 2279 1071 2306 261
1101 2277 1164 2307 Ubi
1186 2276 1304 2315 primu]
1345 2277 1509 2307 Sumserit
1535 2277 1670 2317 librum,

970 2326 1004 2355 iu
1021 2336 1087 2366 quo
1105 2327 1212 2366 prima
1228 2331 1335 2356 mater
1357 2326 1553 2357 AEueadum.
1593 2327 1666 2358 Ma-

970 2376 1059 2405 ronis
1098 2375 1181 2405 dicit
1224 2375 1409 2405 Aine-idem.
1475 2376 1667 2408 Somniasse

970 2424 1104 2454 videtur
1119 2425 1286 2464 interpres
1302 2426 1364 2455 hoc
1382 2426 1413 2455 iu
1431 2426 1515 2456 loco.

1012 2477 1073 2504 202
1116 2475 1217 2514 l'rule]
1263 2474 1289 2504 A
1322 2474 1407 2514 quo?
1444 2475 1598 2505 nimirum
1624 2476 1666 2507 ab

970 2524 1117 2555 Anchise
1132 2535 1138 2554 :
1172 2530 1209 2555 ut
1221 2525 1297 2555 iiiuc
1311 2530 1491 2563 cognoscat
1505 2526 1667 2565 quaelibet

967 2585 1008 2605 ex
1035 2575 1201 2605 adulterio
1225 2580 1318 2605 ortos
1344 2575 1568 2605 Romanorum
1591 2585 1668 2616 pro·

967 2634 1072 2655 ceres».
1117 2624 1216 2656 Quod
1242 2634 1283 2654 au
1309 2625 1391 2655 satis
1412 2628 1510 2655 caute
1536 2624 1664 2658 dictum

966 2673 1070 2707 fuerit
1086 2674 1158 2705 aliis
1168 2674 1390 2715 judicandum
1409 2674 1574 2718 relinquo.
