1877 3193
204 158 320 199 2792

206 263 310 314 Aut,
329 264 452 305 velut
473 263 717 312 Etracffles,
738 276 896 316 magno
917 266 982 304 ter
1001 264 1056 304 ab
1076 262 1273 305 Hercule
1293 264 1489 318 quintus,

692 170 734 199 Ρ.
767 166 925 198 OVIDH
960 167 1173 199 NASONIS

1574 263 1659 305 295

264 331 418 373 Caesus
440 333 483 371 in
504 334 763 371 immensum
784 331 1018 384 projiciare
1039 331 1213 371 fretum.

207 399 313 449 Aut,
335 405 382 440 ut
402 399 711 453 Amyntiaden,
732 399 846 452 turpi
867 399 1050 439 dilectus
1070 412 1216 441 amore

264 467 430 516 Oderit,
452 472 494 508 ct
514 480 635 508 saevo
656 467 853 508 vulneret
873 479 975 506 ense
996 479 1119 519 puer.

208 533 305 576 Nec
326 535 403 577 tibi
426 535 513 575 fida
531 535 670 587 magis
687 534 860 575 misceri
882 535 1047 586 pocula
1067 533 1252 586 possint,

266 602 412 653 Quam
435 603 510 655 qui
533 603 754 653 cornigero
776 601 828 640 de
849 601 963 641 Jove
983 605 1113 641 natus
1135 605 1239 642 erat.

1578 601 1663 644 300

207 669 335 710 More
357 670 429 710 vel
450 671 637 710 intereas
659 668 779 721 capti
801 680 1044 720 suspensus
1066 667 1239 719 Achaei,

265 736 356 786 Qui
379 737 507 777 miser
529 735 720 775 aurifera
740 738 850 775 teste
873 735 1079 788 pependit
1099 748 1229 788 aqua.

208 804 300 844 Aut
318 809 368 844 ut
388 801 625 843 Achillidae
649 806 833 855 cognato
849 803 1021 842 nomine
1036 803 1198 843 clarum

269 872 505 925 Opprimat
524 871 671 911 hostili
691 871 837 922 tegula
850 871 974 924 jacta
993 883 1141 910 manu.

207 981 357 1021 sangnine
372 991 463 1019 soevo,
487 981 539 1011 secl
564 990 623 1011 non
647 982 684 1011 cle
707 981 813 1012 nihilo.
858 980 970 1021 Atque,
986 981 1065 1012 sicut
1083 981 1257 1020 Etracides,
1274 981 1398 1021 quintus
1413 980 1451 1011 ab
1468 980 1602 1012 Hercule
1617 982 1664 1012 ler

206 1034 331 1063 magno,
355 1027 507 1055 mactatus
532 1024 736 1063 praecipiteris
758 1025 791 1054 in
813 1028 932 1054 vastum
957 1034 1052 1055 mare.
1104 1024 1159 1055 Vel
1180 1034 1256 1064 puer
1278 1027 1400 1054 amatus
1414 1024 1548 1055 obscoeno
1563 1034 1665 1055 umore

206 1070 377 1106 aversetur,
392 1070 421 1097 et
438 1066 605 1106 interficiat
619 1066 726 1105 gladio
734 1065 819 1104 fer-0,
835 1070 868 1097 ut
890 1067 1112 1107 Amyntiaden.
1162 1068 1268 1107 Neque
1281 1068 1390 1106 pocula
1406 1067 1507 1106 magis
1521 1069 1590 1098 tuta
1606 1067 1665 1097 tibi

205 1111 323 1149 possint
346 1111 454 1149 parari
470 1119 559 1148 quum
576 1109 624 1138 illi
642 1110 696 1149 qui
711 1113 796 1139 ortus
811 1113 878 1140 erat
903 1119 943 1140 ex
957 1111 1035 1140 Jove
1050 1109 1212 1146 cornifero.
1262 1111 1315 1140 Vel
1333 1119 1442 1149 pereas
1456 1119 1617 1149 suspensus
1631 1110 1665 1140 in

207 1154 330 1183 modum
346 1153 455 1182 Achoez·
470 1152 564 1191 capti,
588 1152 641 1191 qui
665 1151 776 1189 infelix
801 1153 945 1192 pependit
961 1162 1039 1192 aqna
1055 1151 1194 1190 (turifera
1210 1154 1297 1183 teste.
1348 1152 1402 1183 Vel
1416 1153 1521 1191 tegula
1535 1151 1666 1192 impulsa

211 1205 301 1226 manu
323 1194 443 1232 infensa
468 1199 502 1225 tc
529 1196 645 1225 occidat
669 1198 703 1225 ut
727 1195 882 1235 insignem
905 1195 1027 1226 nomine
1041 1198 1171 1235 cognato
1185 1195 1361 1226 Achillz'dae.
1407 1195 1514 1235 Neque
1529 1204 1597 1225 ossa
1612 1198 1670 1225 tuav

820 1268 1057 1279 eeeeeeeeeeee

208 1312 377 1341 tua—295
402 1310 449 1340 Ac
476 1311 557 1339 velut
582 1309 701 1348 scripti
728 1312 763 1339 et
790 1309 874 1338 editi
899 1310 1056 1349 quidam:
1081 1314 1235 1341 ceterum
1262 1320 1385 1349 magna
1408 1312 1463 1341 hic
1487 1310 1666 1351 scripturas

212 1353 359 1383 varietas
381 1357 455 1383 est:
480 1353 546 1382 Ant
570 1355 605 1381 ut
630 1351 778 1381 Eratides
802 1352 923 1382 Franc.
952 1355 987 1382 et
1007 1352 1140 1382 Sarrav.
1163 1354 1228 1382 Aut
1250 1356 1284 1382 ut
1311 1352 1529 1388 Ethicatides,·
1552 1353 1618 1383 Aut
1632 1356 1667 1383 ut

211 1395 408 1434 Heraclides,
427 1394 619 1432 Etlzalrides,
646 1393 809 1431 Eradines,
834 1394 1043 1430 Ecetraeides,
1068 1394 1266 1432 ΕυΙιαὶτ-ἱάεε,
1283 1394 1482 1425 Clzetradites
1505 1394 1580 1425 alii:
1606 1394 1667 1425 sed

210 1439 244 1467 in
263 1447 328 1468 uno
352 1438 513 1467 Etratitles
529 1445 603 1465 cum
630 1435 691 1464 hac
708 1434 844 1465 Glossa.
888 1436 897 1451 ‘
917 1435 1090 1465 Etr-atides
1115 1441 1190 1465 erat
1207 1436 1240 1465 in
1258 1436 1343 1465 libro
1369 1437 1477 1466 Basili
1495 1435 1666 1477 Aquilini:

210 1479 405 1517 Etradides,
421 1478 510 1512 unde
528 1476 746 1507 Democritus
773 1476 992 1515 Herculhies,
1005 1477 1140 1507 cuidam
1157 1477 1320 1516 genitalia
1345 1477 1497 1508 membra
1520 1479 1666 1510 recidit:

210 1531 367 1562 caesaque
394 1521 547 1551 membra
571 1519 635 1549 sibi
662 1528 764 1549 causa
791 1518 887 1549 fuere
912 1519 1016 1550 necis.
1062 1519 1215 1550 Statillus
1235 1519 1373 1550 Amanti
1388 1519 1476 1551 filius
1499 1521 1632 1552 occisus
1649 1531 1670 1553 a

212 1564 329 1595 Celmo
358 1574 476 1604 puero,
493 1571 592 1603 quem
612 1560 768 1591 amabat!
815 1561 946 1594 Quibus
974 1561 1096 1592 similia
1120 1562 1225 1593 habet
1248 1562 1421 1603 Zarottus,
1437 1572 1479 1592 ex
1495 1563 1616 1603 glossa,
1631 1568 1671 1596 ut

212 1607 412 1638 verosimile.
461 1607 561 1636 Forte
589 1603 766 1643 scripserit
785 1604 984 1645 Eurycrates,
1001 1604 1057 1645 qui
1084 1604 1174 1635 inter
1201 1604 1418 1644 Heraclidas,
1436 1605 1548 1645 Reges
1564 1606 1670 1637 Lace-

212 1649 410 1687 daemonios,
442 1649 578 1688 quintus
611 1647 762 1677 decimus
794 1646 835 1677 ab
868 1646 1019 1677 Hercule
1050 1647 1253 1678 nominatur.
1298 1647 1378 1678 Vid.
1409 1648 1552 1679 Meursii
1583 1649 1667 1689 Reg.

214 1693 340 1723 Lacon.
363 1702 393 1722 c.
419 1694 468 1721 12.
494 1690 558 1720 Sed
581 1689 623 1720 de
647 1689 717 1728 ejus
741 1693 851 1719 morte
875 1689 955 1719 nihil
979 1689 1059 1719 mihi
1083 1694 1230 1720 constat.
1254 1690 1474 1721 &rm—296
1496 1691 1577 1721 Duo
1593 1691 1671 1722 libri

213 1736 299 1765 imm.
322 1734 518 1774 proecipitere
535 1732 690 1770 stu—297
716 1730 784 1761 Alii
810 1731 1036 1771 Amintiadem‚
1061 1732 1115 1762 vel
1141 1732 1472 1763 Amerinorum—298
1494 1732 1565 1763 Pro
1590 1743 1670 1764 saevo

214 1778 302 1807 alter
328 1777 405 1807 Pet.
430 1777 645 1806 scaeva—301
680 1773 783 1804 Multi
809 1774 928 1814 scripti
954 1784 1030 1805 cum
1055 1775 1146 1814 vulg.
1176 1774 1264 1805 Edd.
1293 1776 1398 1805 Morte
1425 1784 1487 1815 pro
1523 1776 1671 1807 More.—

213 1822 275 1850 302
300 1819 395 1850 Unus
411 1817 532 1848 Heins.
551 1817 614 1852 Qui
630 1827 670 1847 m.
683 1816 867 1856 aetharigem
882 1820 959 1847 leste
977 1827 1010 1857 p.
1035 1827 1064 1848 α.
1110 1816 1208 1847 Alius
1225 1817 1328 1848 etiam
1350 1816 1496 1855 Eurifera
1513 1827 1572 1857 pro
1587 1819 1670 1848 auri-

207 1862 290 1899 fera.
314 1861 433 1892 Heius.
451 1859 583 1900 recepit
599 1863 676 1889 teste
700 1868 742 1889 ex
765 1858 902 1898 scriptis
929 1859 1143 1900 potioribus3
1167 1859 1270 1900 aliqui
1297 1863 1400 1895 reste;
1423 1864 1458 1890 at
1474 1859 1507 1889 in
1525 1859 1670 1900 vulgatis

215 1905 421 1936 triste-303
446 1902 515 1935 Alii
540 1902 694 1933 scribunt
713 1901 913 1942 Achillidem,
941 1902 996 1933 vel
1018 1901 1330 1934 Achilleiden.—304
1355 1902 1449 1934 Unus
1465 1902 1582 1933 Heius.
1605 1903 1671 1933 De-

875 1988 1015 2020 NOTAE

216 2069 292 2090 nom
317 2057 512 2090 Promethei
530 2057 690 2089 ebibebat
704 2056 826 2099 aquila,
842 2068 916 2100 quae

217 2112 247 2140 in
263 2112 413 2141 Caucaso
429 2113 543 2140 monte
556 2107 736 2148 religatum
753 2108 830 2139 ideo
846 2112 917 2139 toi·-

218 2161 345 2200 qucbat
375 2159 465 2199 quod
495 2160 606 2198 ignem
642 2159 789 2190 aetherea
818 2160 917 2191 domo

216 2208 446 2244 subduxisset,
461 2213 519 2238 ant
533 2209 710 2239 Palladem
723 2210 916 2241 amavisset.

260 2262 322 2290 295
348 2256 528 2295 Etracides]
550 2257 634 2289 Quis
656 2257 710 2288 hic
728 2257 833 2289 fuerit
849 2268 917 2289 non

218 2309 308 2339 scio:
333 2307 393 2338 sed
408 2315 519 2347 neque
537 2307 710 2346 permagni
727 2307 881 2338 interest.

261 2360 323 2389 297
340 2355 565 2397 Amyntiaden]
582 2355 763 2396 Philippus
779 2360 843 2395 est,
858 2366 917 2387 rex

222 2407 464 2446 Macedonum,
498 2405 657 2446 Amyntae
687 2405 789 2445 filins,
818 2416 918 2448 quem

220 2457 407 2489 Pausanias
445 2456 656 2496 adolescens,
694 2457 799 2487 iratus
825 2456 916 2498 quod

222 2510 347 2540 frustra
376 2508 418 2539 de
449 2512 566 2547 stupro
600 2507 644 2538 ab
672 2506 791 2538 Attalo
821 2508 916 2539 illato

221 2558 310 2598 apud
337 2558 429 2589 illum
446 2561 656 2597 quereretur,
678 2557 779 2588 immo
795 2560 831 2588 et
845 2557 919 2588 irri-

222 2609 374 2646 deretur,
391 2607 527 2638 tandem
545 2605 708 2637 confodit.

266 2662 327 2688 300
354 2659 415 2691 Qui
430 2656 605 2695 cornigero]
626 2655 858 2687 Alexandrum
875 2656 923 2687 di·

223 2710 270 2740 cit
308 2716 476 2746 maguum,
515 2707 686 2748 multoque
721 2707 922 2749 stultiorem,

973 2058 1029 2099 qui
1054 2058 1151 2090 Jovis
1178 2058 1377 2089 Hammonis
1404 2056 1470 2089 dici
1497 2060 1533 2090 et
1556 2058 1671 2090 haberi

972 2109 1079 2140 voluit
1094 2108 1193 2140 filius.
1228 2109 1329 2140 Hunc
1346 2118 1427 2140 vero
1444 2118 1575 2139 veneno
1591 2118 1673 2139 non-

971 2159 1055 2190 nulli
1072 2158 1248 2200 Antipatri
1264 2168 1362 2190 suasu
1384 2159 1556 2190 sublatum
1569 2158 1673 2190 tradi—

972 2209 1106 2240 derunt.

1015 2262 1075 2290 301
1100 2258 1225 2298 Achaei]
1250 2257 1555 2288 Andromachifuit
1570 2255 1672 2296 filius,

972 2307 1030 2345 qui
1047 2317 1123 2338 cum
1147 2308 1336 2337 universam
1353 2307 1400 2336 cis
1414 2307 1558 2336 Taurum
1581 2315 1674 2336 mon-

973 2358 1042 2385 tem
1057 2355 1171 2386 Asiani
1188 2356 1328 2394 imperio
1341 2363 1400 2384 suo
1417 2360 1562 2394 regeret,
1576 2365 1595 2385 a
1609 2356 1672 2386 Bo-

974 2403 1041 2434 lide
1067 2409 1103 2435 et
1129 2404 1293 2444 Cambylo
1319 2404 1485 2443 proditus,
1500 2409 1536 2435 et
1551 2405 1593 2435 ad
1621 2415 1671 2436 re-

975 2464 1051 2493 gem
1073 2453 1278 2485 Antiochum
1305 2454 1486 2495 adductus,
1511 2456 1672 2487 crudelis-

972 2505 1054 2535 simo
1083 2504 1251 2544 supplicio
1275 2514 1339 2534 non
1367 2505 1466 2545 longe
1482 2516 1501 2536 a
1527 2506 1672 2538 Pactolo

971 2553 1084 2589 fluvio,
1102 2559 1203 2594 atque
1227 2553 1311 2584 adeo
1337 2554 1392 2585 illo
1417 2559 1516 2595 teste,
1531 2556 1674 2588 interiit.

974 2605 1060 2636 Rem
1076 2610 1182 2636 totam
1200 2610 1313 2635 narrat
1326 2604 1501 2645 Polybius.

1017 2657 1079 2686 302
1094 2654 1261 2694 Aur-isera]
1280 2655 1438 2685 Pactolus
1449 2655 1537 2685 euim
1555 2655 1672 2696 Lydiae

974 2705 1095 2738 fluvius
1110 2715 1229 2738 arenas
1246 2705 1370 2738 dicitur
1386 2707 1510 2738 vehere
1526 2715 1655 2738 aureas.
1673 2715 1679 2721 ‘
