1863 3193
215 119 327 161 2270
701 129 740 158 P.
775 127 934 158 ovrnu
967 126 1181 158 NAsoms

215 223 366 277 Atque
386 236 439 264 ea
457 223 522 264 sic
542 223 672 276 lapsa
691 226 774 271 est,
796 226 844 263 ut
863 234 1049 274 surgere,
1072 222 1110 262 si
1130 221 1259 263 modo
1279 222 1380 265 laesi

273 290 564 332 Ematuruerit
583 288 773 329 Caesaris
794 290 872 338 ira,
895 292 1040 341 queat.

216 358 356 412 Cujus
375 359 419 399 in
438 362 595 398 eventu
614 370 759 410 poenae
781 357 1009 397 clementia
1027 359 1148 396 tanta
1168 360 1248 406 est,
1577 356 1665 398 125

272 425 335 466 Ut
350 425 476 465 fuerit
496 429 641 467 nostro
662 425 800 465 lenior
820 424 895 465 illa
914 429 1063 465 metu(

213 492 319 534 Vita
335 493 437 534 data
457 496 538 543 est,
561 494 753 544 citraque
774 504 923 531 necem
944 494 1018 532 tua
1039 490 1235 532 constitit
1255 491 1333 542 ira,

271 558 310 600 O
335 560 562 613 Princeps,
584 573 716 614 parce
738 560 899 599 viribus
920 572 997 599 use
1018 559 1122 599 tuis.

214 626 398 679 Insuper
417 626 647 675 accedunt,
669 630 709 666 te
726 638 813 665 non
833 625 1064 674 adimente,
1086 628 1277 677 paternae

268 692 517 747 (Tanquam
536 694 628 734 vita
649 684 1011 745 parummuneris
1032 689 1170 743 esset)
1200 702 1320 744 opes.
1579 689 1663 731 130

214 759 312 801 Nec
328 774 425 801 mea
446 761 622 801 decreto
640 760 857 800 damnasti
876 759 1001 799 facta
1020 758 1208 799 Senatus
1227 772 1236 799 z

270 826 368 868 Nec
389 840 486 868 mea
506 828 667 867 selecto
683 827 833 880 judice
849 828 978 880 jussa
997 827 1102 878 fuga
1120 829 1201 865 est.

211 893 429 933 Tristibus
447 894 645 934 invectus
665 893 809 932 verbis
839 892 922 945 (ita
942 892 1150 945 Principe
1172 888 1368 944 dignum)

268 959 401 1000 Ultus
422 972 469 1000 es
491 959 700 1008 offensas,
721 963 769 999 ut
789 958 928 1008 decet,
946 959 1041 1011 ipse
1063 962 1177 999 tuas.

210 1024 352 1075 Adde,
375 1025 491 1079 quod
513 1026 718 1075 edictum,
738 1027 943 1079 quamvis
966 1027 1154 1066 immane
1174 1026 1434 1078 minaxque,
1576 1025 1661 1067 135

268 1091 475 1132 Attamen
493 1092 538 1131 in
559 1105 707 1144 poenae
728 1093 901 1131 nomine
921 1093 1018 1131 lene
1039 1092 1141 1132 fuit.

212 1157 389 1211 Quippe
410 1158 641 1210 relegatus,
662 1171 751 1199 non
774 1158 892 1206 exul,
916 1157 1040 1197 dicor
1060 1157 1105 1196 in
1127 1157 1227 1197 illo:

266 1225 498 1278 Parcaque
518 1225 706 1267 fortunae
730 1229 829 1266 sunt
850 1225 956 1265 data
976 1225 1113 1265 verba
1130 1236 1255 1264 meae.

208 1334 259 1363 sed
275 1343 394 1372 magno.
438 1332 541 1372 Atque
557 1343 591 1363 ea
605 1333 649 1363 sic
654 1332 753 1372 jacet,
776 1336 809 1363 at
822 1332 917 1372 possit
931 1331 1079 1370 excitari,
1101 1332 1129 1361 si
1145 1332 1229 1361 modo
1245 1330 1294 1361 ira
1311 1331 1445 1361 Caesaris
1458 1331 1568 1371 offensi
1582 1342 1661 1364 rese-

208 1376 302 1406 derit.
350 1374 446 1413 Cujus
461 1376 620 1406 clementia
635 1379 679 1406 est
695 1379 784 1406 tanta
810 1375 840 1404 in
864 1377 972 1405 eventu
996 1384 1104 1413 poenae,
1127 1377 1159 1404 at
1187 1374 1241 1403 illa
1259 1373 1363 1410 suerit
1378 1373 1485 1404 mitior
1501 1379 1603 1405 nostro
1619 1377 1661 1406 tz'-

208 1427 301 1448 more.
352 1417 426 1448 Vita
439 1419 514 1447 data
529 1422 587 1455 est,
601 1420 630 1448 et
647 1418 695 1447 ira
710 1421 764 1448 tua
779 1417 919 1448 constitit
933 1417 1013 1446 citra
1028 1417 1151 1453 eoedem,
1167 1427 1183 1444 o
1203 1415 1362 1455 Ρνίηοερε,
1377 1425 1428 1446 use
1444 1418 1597 1448 moderate
1606 1428 1660 1458 po-

209 1462 318 1490 testate
334 1462 399 1490 tua.
445 1460 625 1490 Facultates
638 1463 778 1499 paternae
801 1460 925 1499 insuper
940 1459 1107 1497 adduntur,
1134 1462 1163 1489 te
1178 1468 1237 1488 non
1253 1459 1388 1497 tollente,
1402 1458 1488 1498 quasi
1502 1459 1568 1490 rita
1583 1465 1661 1492 esset

205 1501 353 1539 exig-aum
381 1503 504 1532 donum.
554 1503 659 1541 Neque
694 1501 849 1532 damnasti
877 1511 944 1532 mea
972 1504 1042 1531 acta
1073 1501 1225 1531 sententia
1251 1500 1406 1536 Senatus;
1443 1511 1537 1540 neque
1560 1512 1660 1534 meum

205 1544 333 1574 exilium
356 1547 399 1574 est
426 1545 579 1574 decretam
596 1544 702 1581 Judiee
716 1545 834 1575 selecto.
880 1544 928 1574 Tn
950 1543 1014 1583 ipse
1037 1543 1175 1574 invectus
1196 1544 1312 1582 asperis
1334 1543 1428 1573 dictis
1452 1544 1534 1573 altas
1554 1554 1597 1583 es,
1624 1549 1660 1576 ut

206 1586 301 1624 (lecet,
322 1585 452 1623 injurias
470 1589 559 1616 tuas.-
582 1587 628 1616 ita
643 1588 771 1625 dig-num
795 1585 957 1624 Principe.
1003 1586 1106 1623 Adde,
1128 1587 1206 1626 qaod
1223 1586 1411 1624 mandatum,
1427 1586 1549 1617 tametsi
1565 1590 1660 1618 atrox

207 1631 237 1657 et
264 1628 381 1665 minax,
406 1631 541 1658 attamen
558 1628 629 1665 suit
655 1629 728 1660 mite
755 1628 788 1659 in
812 1629 934 1659 nomine
959 1629 1114 1669 supplicii.
1161 1630 1278 1668 Nempe
1292 1628 1378 1658 dicor
1407 1629 1572 1667 relegatus,
1599 1639 1659 1660 non

207 1670 278 1700 exul
300 1669 334 1700 in
357 1669 431 1707 illo5
453 1673 483 1701 et
507 1680 615 1710 pauca?
640 1681 724 1702 voees
744 1674 816 1702 sant
841 1671 1009 1710 assignatae
1029 1672 1107 1702 sorti
1122 1681 1208 1702 meze.
1255 1671 1384 1702 Nullum
1399 1671 1520 1710 quidem
1541 1671 1659 1712 snppli-

993 1754 1048 1764 m

206 1805 368 1837 Francius
394 1806 598 1847 Quanquam‚·
621 1807 706 1837 alius
721 1807 809 1838 liber
832 1808 933 1847 Atque
944 1817 979 1837 ea
990 1808 1122 1846 collapsa
1145 1809 1310 1838 est—124
1335 1807 1401 1837 Ms.
1418 1806 1548 1838 Bersm.
1566 1807 1658 1838 Ema-

205 1848 329 1884 turari;
364 1849 450 1880 Mor.
482 1854 517 1880 et
546 1854 615 1880 tres
642 1850 914 1886 Permaturaerit;
939 1859 1021 1880 unus
1038 1849 1321 1884 Praematza·ue1=z't;
1344 1849 1418 1879 Pal.
1450 1849 1657 1882 Ematurarit.

205 1891 311 1920 —126
335 1891 429 1921 Leid.
464 1891 590 1922 Venerit
615 1895 649 1922 ut
676 1896 771 1923 nostr.
816 1892 899 1923 Mox
923 1893 977 1922 illa
1002 1901 1045 1923 ex
1072 1891 1263 1922 melioribus
1289 1890 1441 1929 reposuit
1457 1890 1576 1922 Heius.
1593 1900 1656 1931 pro

206 1931 294 1970 vulg.
323 1932 395 1968 ira‚·
418 1942 494 1963 nam
527 1934 536 1950 ‘
552 1933 610 1963 ira'
637 1943 714 1964 mox
746 1936 1089 1974 praecesserat.-131
1117 1933 1205 1963 Mor.
1230 1943 1296 1962 mea
1312 1932 1434 1970 jndicio
1460 1933 1562 1963 damn.
1587 1933 1656 1965 Ms-

206 1971 335 2004 Bersm.
358 1979 471 2005 secreto
492 1977 595 2006 damn.
610 1975 684 2011 fata
712 1976 746 2007 S.
772 1977 853 2007 Lov.
879 1978 1000 2007 decreto
1023 1977 1188 2007 damnatur
1209 1975 1275 2004 vita
1296 1976 1430 2004 s.—132
1454 1974 1521 2004 Pro
1546 1976 1655 2006 selecto

206 2015 237 2044 in
255 2016 337 2046 Mss.
353 2016 481 2048 Bersm.
499 2023 533 2048 et
548 2018 635 2048 Edd.
653 2018 784 2058 Gryph.
801 2024 835 2049 et
852 2019 924 2048 aliae
940 2019 1176 2048 secreta-133
1203 2016 1415 2046 Busiidianus
1430 2026 1449 2047 a
1467 2017 1505 2047 P.
1521 2017 1654 2055 dignus:

206 2057 325 2088 Heius.
342 2060 428 2098 conj.
454 2070 489 2090 ac
507 2061 545 2090 P.
562 2060 676 2096 dignis.
720 2062 729 2077 ⁴
749 2061 818 2090 Cur
833 2070 897 2089 non
912 2063 941 2090 et
958 2060 998 2091 P.
1013 2059 1128 2098 (lignis,
1144 2063 1180 2089 ut
1197 2058 1245 2089 ita
1265 2058 1274 2074 ‘
1290 2059 1402 2089 tristes
1420 2059 1564 2091 Caesaris
1578 2060 1654 2091 lite-

205 2099 274 2137 rae,'
296 2100 373 2130 Tac.
394 2101 480 2131 Anu.
507 2110 555 2130 vt.
572 2103 624 2131 40.
648 2101 700 2129 vel
725 2104 760 2130 at
784 2102 820 2130 Ρ.
845 2102 986 2139 dignum,
1010 2100 1286 2141 quemadmodum
1305 2101 1418 2131 inuno
1436 2101 1520 2133 Cod.
1546 2106 1654 2133 extat.

205 2140 261 2171 Ita
275 2141 377 2171 Pom.
401 2152 423 2171 1.
439 2146 468 2172 2.
484 2145 513 2172 3.
537 2143 545 2157 ‘
563 2146 600 2171 ut
628 2142 760 2172 seilicet
785 2143 883 2172 exuie
908 2142 1068 2180 dignum!
1097 2143 1204 2173 Barm.
1251 2143 1352 2173 Multi
1379 2144 1480 2173 etiam
1502 2144 1654 2175 scribunt

203 2182 333 2220 dignum
349 2187 436 2212 est.—
453 2186 509 2212 135
525 2183 661 2213 Immune
675 2183 790 2214 Heius.
806 2183 900 2213 dedit
917 2194 957 2213 ex
976 2193 1023 2222 pr.
1039 2183 1112 2212 Pol.
1125 2188 1159 2213 et
1171 2188 1242 2222 opt.
1258 2184 1331 2214 Pal.
1346 2194 1405 2223 pro
1419 2185 1507 2223 vulg.
1520 2185 1650 2216 immite.

205 2226 309 2254 -137
332 2224 388 2254 Pr.
404 2225 549 2255 I’alaic.
566 2225 603 2254 ab
622 2224 810 2255 arba—138
826 2225 863 2255 In
881 2225 1025 2263 vulgatis
1039 2224 1253 2255 scribebatur
1271 2226 1402 2265 Parcaq.
1420 2226 1501 2262 fort.
1523 2231 1594 2258 sunt
1607 2227 1651 2258 ibi

205 2266 286 2297 verb.
302 2276 386 2297 mere.
414 2267 458 2298 1).
478 2268 591 2297 Heius
607 2277 649 2297 ex
665 2267 817 2307 piurimis
830 2268 963 2306 scriptis
975 2267 1106 2308 profert
1122 2266 1182 2297 tibi
1194 2277 1253 2307 pro
1271 2267 1331 2298 ibi.-
1355 2273 1390 2298 et
1406 2278 1493 2298 corr.
1510 2269 1650 2309 Pancaq.

197 2307 280 2345 sort.
303 2313 372 2339 sant
397 2309 439 2339 z'ln‘
466 2310 544 2341 verb.
570 2319 652 2340 meze.
676 2310 735 2341 Pr.
763 2310 805 2341 V.
828 2315 863 2341 et
889 2310 955 2341 duo
985 2310 1042 2340 alii
1066 2310 1204 2349 Parvaq.
1232 2309 1378 2350 quinque
1405 2315 1489 2341 vett.
1516 2311 1650 2352 Paucaq.

853 2406 883 2438 N
890 2405 991 2437 OTAE

206 2475 315 2498 sorum
333 2472 547 2508 paupertate.
952 2469 1109 2510 Equestri
1131 2469 1262 2507 ordine,
1279 2470 1330 2500 vel
1347 2470 1502 2501 Tribunis
1519 2471 1646 2504 aerariis

248 2520 307 2549 125
333 2519 443 2559 Cujus]
468 2519 622 2560 Augusti.
951 2520 1200 2562 seligebantnr:
1223 2521 1390 2551 nonenim
1408 2521 1495 2552 idem
1513 2531 1647 2563 semper

247 2569 308 2597 132
331 2568 460 2608 Secreto]
474 2571 483 2586 ⁴
496 2569 621 2600 Selecti
637 2568 789 2601 Judices'
807 2569 895 2601 dice·
951 2570 1032 2600 ordo
1051 2570 1186 2609 praefuit
1205 2570 1513 2610 rebusjridicandis.

206 2613 329 2646 bantur
346 2616 380 2654 ii,
397 2617 454 2656 qui
479 2628 497 2647 a
524 2618 734 2650 Praetoribus
750 2618 898 2659 urbanis,
995 2622 1055 2651 137
1081 2620 1179 2659 Exul]
1199 2621 1342 2651 Exilium
1357 2627 1408 2653 est
1424 2627 1646 2663 perpetuum3

205 2665 315 2706 iisque
334 2665 471 2706 juratis,
489 2668 543 2698 vel
564 2678 606 2700 ex
630 2669 818 2709 Senatorio,
845 2670 898 2701 vel
952 2669 1132 2711 Relcgatio
1149 2670 1190 2702 ad
1208 2675 1351 2712 tempus.
