1863 3193
217 180 333 224 2354
709 193 753 224 P.
786 193 944 224 ovmn
978 190 1193 223 NAsoNrs

217 285 280 328 At
300 299 397 328 cum
419 285 558 327 tristis
576 286 728 340 hyems
750 286 995 339 squalentia
1015 285 1199 338 protulit
1220 299 1314 336 ora,

274 354 497 407 Terraque
519 366 761 394 marmoreo
783 353 972 394 candida
991 353 1111 393 facta
1131 354 1231 405 gelu
1252 359 1342 396 est:
1616 356 1671 397 10

218 421 355 475 [Dum
378 425 503 474 patet
523 425 564 461 et
586 421 756 461 Boreas
777 426 820 462 et
839 421 914 461 nix
936 419 1105 473 injecta
1125 421 1207 460 sub
1230 419 1366 461 Arcto
1384 435 1395 473 ;

277 487 389 528 Τ11111
412 489 547 540 liquet
566 489 644 528 has
666 493 814 540 gentes
836 501 919 528 axe
940 492 1145 528 tremente
1167 487 1339 540 premi]

221 556 316 596 Nix
334 556 481 608 jacet:
512 560 556 596 et
570 556 739 609 jactam
759 568 837 595 nec
858 554 933 594 Sol
955 555 1179 607 pluviaeve
1201 555 1450 595 resolvunt:

283 623 465 663 Indurat
486 623 673 671 Boream,
695 625 1044 675 perpetuamque
1065 621 1182 662 facit.

218 688 349 743 Ergo,
372 690 446 730 ubi
467 690 649 730 delicuit
664 689 857 729 nondum
878 690 1010 742 prior,
1032 689 1171 729 altera
1189 688 1311 729 venit
1329 702 1338 729 ε
1624 688 1680 729 15

276 756 332 797 Et
354 756 464 797 solet
483 757 526 796 in
547 755 691 796 multis
710 756 832 795 bima
850 768 1028 795 manere
1047 755 1170 796 locis.

220 823 454 876 Tantaque
475 822 684 863 commoti
705 821 774 862 vis
795 824 860 862 est
875 819 1125 873 Aquilonis,
1147 824 1194 860 ut
1213 822 1325 862 altas

277 891 440 943 AEquet
460 890 592 929 humo
614 893 768 937 turres,
791 891 994 940 tectaque
1013 892 1139 941 rapta
1158 887 1282 928 ferat.

222 957 421 998 Pellibus
445 962 488 998 et
505 956 613 996 sutis
637 958 785 996 arcent
803 955 917 995 male
938 955 1101 1007 frigora
1121 955 1294 996 braccis
1311 968 1321 1006 ;

278 1023 454 1077 Oraque
476 1023 528 1063 de
550 1026 643 1064 toto
665 1036 847 1077 corpore
871 1023 965 1063 sola
985 1026 1151 1076 patent,
1624 1022 1681 1063 20

223 1140 394 1178 horridum,
420 1142 449 1169 et
466 1139 556 1169 tellus
572 1138 661 1175 facta
679 1142 722 1169 est
738 1138 807 1168 alba
831 1140 904 1176 gelu
927 1138 1110 1169 durissimo.-
1135 1141 1164 1169 εἰ
1180 1139 1253 1169 dum
1278 1138 1391 1178 Aquilo
1418 1137 1624 1176 exspatiatur,
1651 1141 1681 1168 et

220 1183 278 1212 nix
293 1182 430 1212 immissa
455 1181 510 1211 sub
541 1182 634 1217 Ursa,
660 1184 724 1210 ium
749 1184 865 1210 certum
888 1183 933 1210 est
965 1181 1020 1210 hus
1050 1181 1188 1211 nationes
1213 1181 1321 1220 urgeri
1343 1181 1410 1220 polo
1429 1179 1565 1219 frigido.
1611 1180 1682 1211 Nix

214 1224 300 1261 jacet
314 1234 323 1259 ;
347 1227 376 1253 et
389 1232 483 1262 neque
498 1223 564 1261 Sol,
579 1226 633 1252 ant
656 1223 771 1261 pluvia?
797 1221 999 1261 liquefaciunt
1017 1223 1206 1258 immissam,·
1231 1223 1343 1262 Aquilo
1359 1226 1507 1260 coarctat,
1523 1226 1553 1253 et
1577 1223 1682 1253 reddit

218 1269 409 1306 perpetuam.
453 1266 609 1305 Adeoque,
635 1274 703 1294 cum
728 1266 860 1295 nondum
881 1264 966 1303 prior
992 1266 1124 1295 resoluta
1149 1268 1205 1300 est,
1231 1267 1332 1296 altera
1358 1266 1537 1301 inducitur,·
1560 1268 1590 1295 et
1605 1266 1682 1296 solet

218 1311 357 1349 perstare
374 1308 493 1338 biennis
507 1308 539 1337 in
561 1307 665 1337 multis
692 1307 778 1337 Iocis.
827 1307 869 1336 Et
894 1306 1028 1345 impetus
1044 1307 1155 1337 Boreae
1179 1310 1224 1337 est
1242 1311 1357 1345 tantus,
1376 1311 1409 1337 ut
1426 1311 1563 1346 exoequet
1581 1311 1682 1337 turres

222 1352 297 1390 solo,
312 1354 341 1381 ct
356 1350 478 1388 auferat
499 1351 601 1379 domos
615 1349 764 1379 sublatas.
811 1349 917 1388 Neque
932 1348 1012 1379 satis
1026 1349 1186 1387 prohibent
1195 1349 1323 1387 frigora
1336 1349 1466 1389 pellibus
1480 1353 1511 1378 et
1519 1349 1683 1386 femorali-

223 1393 275 1423 hus
290 1394 391 1430 παῖς,-
413 1396 442 1422 et
457 1393 520 1422 sola
528 1391 630 1429 facies
643 1392 764 1422 detecta
779 1394 824 1422 est
848 1401 886 1422 ex
902 1394 966 1422 toto
988 1401 1121 1431 corpore.
1166 1392 1256 1431 Saepe
1277 1392 1377 1422 crines
1398 1391 1514 1430 agitati
1541 1394 1682 1431 strepunt

839 1464 1072 1476 eeeeeeeeeeee

222 1511 253 1539 9.
279 1511 317 1538 10
343 1508 412 1538 Nix.
429 1507 568 1538 habitare
585 1508 683 1538 multi
701 1512 848 1547 veteres,
872 1512 907 1538 et
933 1518 995 1538 nox
1022 1508 1109 1546 duo;
1134 1517 1209 1538 nam
1236 1507 1278 1539 de
1302 1508 1378 1539 nive
1404 1517 1481 1538 mox
1507 1507 1685 1548 sequitnr3

223 1551 326 1581 etiam
342 1550 385 1580 de
399 1551 522 1588 Borea,
553 1559 612 1580 seu
642 1550 823 1590 Aquilone.
867 1549 970 1588 Piget
997 1550 1150 1580 diversas
1177 1551 1339 1581 lectiones
1369 1550 1564 1588 corradere,
1593 1550 1682 1590 quod

224 1593 414 1632 complures
431 1592 517 1623 siut:
544 1592 624 1623 mihi
651 1593 740 1623 enim
769 1596 878 1623 totum
903 1592 1074 1623 distichon
1102 1602 1165 1632 pro
1191 1593 1381 1624 adulterino
1408 1597 1472 1623 est.
1518 1592 1681 1623 Proximo

225 1640 338 1665 tamen
367 1644 463 1665 versu
480 1645 542 1675 pro
556 1639 643 1674 patet
660 1644 786 1675 lepono
804 1635 898 1675 liquet
915 1644 958 1665 ex
979 1635 1126 1676 quinque
1144 1635 1300 1675 scriptis;
1325 1639 1378 1666 est
1394 1635 1483 1666 enim
1499 1634 1615 1665 odiosa
1630 1643 1683 1664 re-

225 1677 356 1717 petitio.
381 1678 492 1708 Heius.
538 1679 743 1718 Corruptum
770 1687 843 1708 esse
870 1687 1002 1708 versum
1024 1676 1127 1709 facile
1151 1678 1314 1716 concedo,
1338 1687 1405 1708 non
1431 1682 1545 1708 tamen
1569 1677 1683 1707 statim

227 1720 442 1758 ejiciendum,
458 1724 494 1750 et
517 1724 613 1751 certe
629 1730 692 1750 non
709 1720 922 1759 improbabili
937 1720 1137 1760 conjectura
1153 1720 1231 1751 olim
1248 1720 1410 1751 Heinsius
1427 1719 1681 1757 emendaverat,

229 1762 306 1792 'I'mn
317 1762 436 1801 paviter
451 1762 577 1802 Boreas,
590 1766 619 1792 et
630 1773 690 1792 nox
702 1762 905 1793 habitaresub
917 1762 1032 1793 Arcto:
1050 1762 1238 1793 uthabitare
1253 1773 1313 1803 pro
1327 1762 1446 1792 habitat
1463 1762 1506 1792 sit
1523 1762 1683 1801 positum,

227 1803 318 1843 quod
335 1809 448 1834 tamen
466 1804 594 1841 durius,
622 1805 700 1845 quia
716 1814 793 1834 mox
814 1805 909 1844 lzquet
925 1805 980 1835 has
992 1808 1102 1844 gentes
1127 1806 1303 1845 sequitur·
1297 1830 1303 1836 .
1329 1806 1385 1835 nix
1403 1805 1527 1843 jactata
1544 1803 1680 1844 plurimi

226 1846 330 1876 (·diti.
323 1856 330 1862 ·
355 1847 489 1884 subJ'ecta
506 1847 661 1877 Leidens.
689 1847 812 1886 agitata
838 1847 987 1886 Moreti,
979 1858 986 1864 ·
1011 1851 1086 1878 tunc
1101 1848 1248 1878 statimur
1265 1848 1402 1878 Boream
1420 1847 1568 1885 Reuius,
1561 1858 1567 1864 ·
1593 1845 1682 1876 forte

225 1898 288 1928 pro
309 1889 466 1927 patimur.-
487 1898 541 1919 nos
565 1889 707 1920 habitare
729 1889 784 1920 sub
808 1893 897 1920 antro
918 1899 1013 1920 unus.
1059 1889 1176 1923 Quid?
1200 1890 1227 1920 si
1252 1890 1538 1930 legeretu1,Tum
1561 1888 1683 1927 pariter

226 1931 363 1969 Borean,
387 1934 417 1961 et
439 1934 556 1962 noctem
579 1931 721 1963 habitare
741 1932 796 1962 sub
812 1933 922 1970 Arcto,
942 1931 1126 1972 Tumliquet
1149 1933 1205 1963 has
1230 1936 1338 1972 gentes
1353 1941 1412 1963 axe
1427 1932 1480 1970 rig
1460 1933 1550 1961 «rente
1565 1930 1683 1970 premi,-

223 1973 293 2011 v‚el
310 1983 368 2004 axe
382 1973 550 2011 fremente,
566 1975 678 2005 ventis
694 1978 729 2005 et
745 1975 924 2014 procellis:
946 1978 1105 2014 premente
1126 1975 1227 2015 premi
1250 1975 1387 2007 Junian.
1416 1978 1452 2005 et
1456 1954 1583 2004 eservii
1606 1972 1684 2005 cod.

226 2015 285 2046 sed
301 2016 363 2046 hoc
380 2020 430 2047 est
444 2016 617 2047 hariolari.
664 2017 851 2057 Eleganter
866 2026 946 2047 vero
962 2028 1024 2048 nox
1041 2021 1076 2048 et
1091 2017 1212 2048 Boreas
1231 2017 1373 2047 habitare
1388 2016 1441 2046 sub
1457 2019 1543 2046 arcto
1566 2015 1682 2046 dicun-

228 2062 294 2097 tur,
315 2058 392 2098 quia
407 2059 563 2099 perpetui
581 2069 641 2098 per
657 2064 762 2090 totam
778 2060 931 2108 hyemem
959 2059 1006 2090 ibi
1032 2060 1238 2090 sentiuntur.
1285 2059 1338 2090 Sic
1365 2059 1407 2089 ad
1434 2058 1493 2088 illa
1509 2057 1683 2098 Propertii

227 2103 385 2132 11.9.17.
417 2101 427 2116 ‘
445 2101 537 2133 Quid
554 2101 611 2131 tibi
634 2101 825 2153 jucundum
843 2102 942 2132 siccis
957 2101 1113 2132 habitare
1136 2102 1303 2134 medullis.
1306 2102 1315 2114 '
1351 2101 1563 2132 Passeratius
1580 2100 1684 2131 (locet

227 2142 377 2172 homines
394 2147 428 2173 et
445 2152 498 2172 res
522 2143 530 2159 ‘
547 2141 729 2180 hal)itar‚e’
752 2153 827 2182 quae
844 2148 980 2174 manent
995 2145 1063 2181 diu,
1081 2148 1115 2174 et
1132 2148 1301 2184 perpetuo
1325 2149 1401 2174 sunt
1419 2144 1451 2173 in
1469 2143 1580 2184 aliquo
1595 2143 1688 2180 Ιοεο,

229 2189 387 2224 tanquam
417 2183 531 2213 sedem
559 2166 736 2222 posuerint
760 2185 852 2214 illic:
891 2184 939 2213 sic
964 2186 972 2200 ‘
998 2186 1029 2214 in
1055 2187 1168 2216 culina
1193 2187 1355 2216 habitate'
1383 2187 1524 2215 petr-‚on
1548 2194 1624 2224 cap.
1649 2187 1683 2214 2.

229 2226 425 2255 Enim-13
451 2224 541 2255 Editi
558 2224 692 2264 quidam
717 2235 776 2255 non
800 2235 862 2264 pro
887 2229 1033 2255 nea—15
1060 2227 1217 2257 Quatuor
1244 2227 1321 2256 libri
1349 2228 1399 2257 ub.
1426 2227 1562 2266 defluxit
1589 2227 1681 2256 nond.

228 2266 361 2297 Deinde
383 2266 526 2297 totidem
549 2267 604 2297 alt.
629 2266 823 2297 σπῆι-16
848 2266 950 2297 Multi
967 2267 1038 2297 bina
1053 2276 1114 2306 pro
1132 2267 1235 2303 bima;
1260 2269 1406 2308 quinque
1433 2268 1550 2298 bmuna.
1594 2268 1682 2298 Tum

228 2308 384 2350 quaedam
401 2308 487 2339 Edd.
501 2308 607 2346 jacere
623 2310 678 2339 loc.
704 2313 739 2339 at
756 2314 840 2339 vett.
857 2312 1074 2339 manera—IS
1099 2310 1139 2339 P.
1158 2312 1268 2349 teceaq.
1285 2313 1366 2340 mota
1380 2310 1535 2347 feru—19
1550 2310 1682 2341 Ber-sm.

229 2361 290 2390 pro
318 2360 386 2382 var.
415 2351 494 2382 lect.
518 2351 567 2381 hic
592 2352 737 2391 satisque,
765 2351 832 2388 vel,
855 2351 889 2381 in
903 2351 1002 2382 sutis.-
1026 2350 1143 2382 Heius,
1160 2353 1292 2382 monuit
1317 2352 1501 2383 Gruterum
1524 2353 1681 2383 mannase

228 2394 299 2424 hinc
314 2394 470 2433 sniisque‚·
493 2398 632 2424 notante
650 2394 766 2424 Burni.
791 2394 800 2410 ‘
827 2393 898 2424 hinc
925 2403 987 2433 pro
1015 2393 1091 2424 ideo
1108 2393 1127 2424 :'
1152 2393 1207 2424 alii
1234 2395 1384 2424 nonnulli
1413 2395 1553 2424 hirsutis.
1598 2395 1681 2425 Mox

230 2437 307 2467 ηιαίε
333 2446 375 2467 ex
404 2446 488 2467 corr.
518 2436 635 2467 Heius.
665 2446 725 2476 pro
751 2437 841 2476 vulg.
867 2437 1046 2466 malm—20
1072 2437 1153 2467 Lov.
1174 2437 1213 2467 de
1238 2440 1322 2467 tento
1344 2447 1426 2476 corp.
1450 2437 1567 2467 Burm.
1592 2437 1682 2477 conj.

884 2521 1027 2555 NOTAE

274 2588 314 2616 10
339 2585 529 2626 Marmorea]
554 2586 662 2618 Duro.
1027 2591 1065 2619 12
1093 2587 1268 2626 Tremcnte]
1295 2587 1414 2618 Ventis
1431 2596 1606 2618 concusso.

275 2638 310 2665 ll
338 2635 422 2665 Dum
439 2636 539 2676 potet]
562 2637 685 2678 Inepte
703 2637 928 2669 adulterinum
1026 2641 1063 2668 15
1083 2636 1195 2676 Prior]
1209 2636 1289 2675 Nix,
1304 2637 1376 2667 scil.
1392 2636 1573 2676 superioris
1591 2635 1680 2666 anni.

231 2685 320 2715 iatud
336 2684 502 2716 distichon
519 2687 584 2717 huc
602 2687 822 2719 inculcatum.
1025 2691 1066 2719 18
1082 2689 1210 2728 AEquel]
1227 2689 1357 2718 Ventus
1375 2697 1497 2727 nempe
1513 2686 1569 2728 qni
1586 2686 1679 2716 nives

274 2736 384 2776 Putet]
402 2736 531 2778 Aperto
547 2749 666 2780 campo
683 2741 907 2782 exspatiatur.
980 2737 1058 2771 hinc
1075 2738 1153 2770 inde
1171 2738 1204 2769 iu
1221 2738 1370 2769 cumulos
1385 2738 1491 2779 cogit,
1507 2736 1596 2768 idem
1613 2739 1681 2766 tur-
