<?xml version="1.0" encoding="UTF-8"?>
<!DOCTYPE html PUBLIC "-//W3C//DTD XHTML 1.0 Transitional//EN"
    "http://www.w3.org/TR/xhtml1/DTD/xhtml1-transitional.dtd">
<html xmlns="http://www.w3.org/1999/xhtml" xml:lang="en" lang="en">
 <head>
  <title>
</title>
<meta http-equiv="Content-Type" content="text/html;charset=utf-8" />
  <meta name='ocr-system' content='tesseract 3.04.00' />
  <meta name='ocr-capabilities' content='ocr_page ocr_carea ocr_par ocr_line ocrx_word'/>
</head>
<body>
  <div class='ocr_page' id='page_1' title='image "./operaomniaexedit05oviduoft/operaomniaexedit05oviduoft_0319.png"; bbox 0 0 1877 3193; ppageno 0'>
   <div class='ocr_carea' id='block_1_1' title="bbox 541 172 1624 215">
    <p class='ocr_par' dir='ltr' id='par_1_1' title="bbox 541 172 1624 215">
     <span class='ocr_line' id='line_1_1' title="bbox 541 172 1624 215; baseline 0.004 -5"><span class='ocrx_word' id='word_1_1' title='bbox 541 179 694 211; x_wconf 75' lang='lat' dir='ltr'>EP18&#39;1&#39;.</span> <span class='ocrx_word' id='word_1_2' title='bbox 729 180 795 210; x_wconf 79' lang='lat' dir='ltr'>Ex</span> <span class='ocrx_word' id='word_1_3' title='bbox 830 180 987 211; x_wconf 74' lang='lat' dir='ltr'>PoN&#39;ro</span> <span class='ocrx_word' id='word_1_4' title='bbox 1020 181 1117 212; x_wconf 76' lang='lat' dir='ltr'>mn.</span> <span class='ocrx_word' id='word_1_5' title='bbox 1150 182 1182 212; x_wconf 90' lang='lat'>1.</span> <span class='ocrx_word' id='word_1_6' title='bbox 1212 172 1254 212; x_wconf 82' lang='lat'>4.</span> <span class='ocrx_word' id='word_1_7' title='bbox 1507 172 1624 215; x_wconf 74' lang='lat'><strong>2523</strong></span> 
     </span>
    </p>
   </div>
   <div class='ocr_carea' id='block_1_2' title="bbox 169 274 1632 1336">
    <p class='ocr_par' dir='ltr' id='par_1_2' title="bbox 169 274 1632 1336">
     <span class='ocr_line' id='line_1_2' title="bbox 173 274 1330 330; baseline -0.004 -8"><span class='ocrx_word' id='word_1_8' title='bbox 173 278 326 322; x_wconf 88' lang='lat' dir='ltr'>Cernis</span> <span class='ocrx_word' id='word_1_9' title='bbox 345 280 391 318; x_wconf 91' lang='lat' dir='ltr'>ut</span> <span class='ocrx_word' id='word_1_10' title='bbox 411 276 455 317; x_wconf 90' lang='lat' dir='ltr'>in</span> <span class='ocrx_word' id='word_1_11' title='bbox 477 276 597 316; x_wconf 87' lang='lat' dir='ltr'>duris</span> <span class='ocrx_word' id='word_1_12' title='bbox 617 274 682 329; x_wconf 86' lang='lat' dir='ltr'>(et</span> <span class='ocrx_word' id='word_1_13' title='bbox 701 276 804 329; x_wconf 91' lang='lat' dir='ltr'>quid</span> <span class='ocrx_word' id='word_1_14' title='bbox 822 277 936 318; x_wconf 88' lang='lat' dir='ltr'>bove</span> <span class='ocrx_word' id='word_1_15' title='bbox 953 277 1121 318; x_wconf 88' lang='lat' dir='ltr'><strong>firmius</strong></span> <span class='ocrx_word' id='word_1_16' title='bbox 1137 274 1180 330; x_wconf 62' lang='grc' dir='ltr'>Τ)</span> <span class='ocrx_word' id='word_1_17' title='bbox 1209 276 1330 318; x_wconf 82' lang='lat' dir='ltr'>arvis</span> 
     </span>
     <span class='ocr_line' id='line_1_3' title="bbox 228 343 1171 398; baseline -0.001 -11"><span class='ocrx_word' id='word_1_18' title='bbox 228 346 377 387; x_wconf 86' lang='lat' dir='ltr'>Fortia</span> <span class='ocrx_word' id='word_1_19' title='bbox 397 348 619 385; x_wconf 88' lang='lat' dir='ltr'>taurorum</span> <span class='ocrx_word' id='word_1_20' title='bbox 642 356 828 397; x_wconf 86' lang='lat' dir='ltr'>corpora</span> <span class='ocrx_word' id='word_1_21' title='bbox 848 343 1022 396; x_wconf 88' lang='lat' dir='ltr'>frangat</span> <span class='ocrx_word' id='word_1_22' title='bbox 1041 357 1171 398; x_wconf 87' lang='lat' dir='ltr'>opus.</span> 
     </span>
     <span class='ocr_line' id='line_1_4' title="bbox 172 412 1307 465; baseline -0.003 -10"><span class='ocrx_word' id='word_1_23' title='bbox 172 414 287 465; x_wconf 86' lang='lat' dir='ltr'>Quae</span> <span class='ocrx_word' id='word_1_24' title='bbox 306 423 524 464; x_wconf 90' lang='lat' dir='ltr'>nunquam</span> <span class='ocrx_word' id='word_1_25' title='bbox 545 422 684 450; x_wconf 87' lang='lat' dir='ltr'>vacuo</span> <span class='ocrx_word' id='word_1_26' title='bbox 706 412 841 452; x_wconf 86' lang='lat' dir='ltr'>solita</span> <span class='ocrx_word' id='word_1_27' title='bbox 861 416 928 452; x_wconf 89' lang='lat' dir='ltr'>est</span> <span class='ocrx_word' id='word_1_28' title='bbox 949 425 1122 452; x_wconf 87' lang='lat' dir='ltr'>cessare</span> <span class='ocrx_word' id='word_1_29' title='bbox 1143 412 1307 461; x_wconf 88' lang='lat' dir='ltr'>novali,</span> 
     </span>
     <span class='ocr_line' id='line_1_5' title="bbox 229 478 1227 521; baseline -0.002 0"><span class='ocrx_word' id='word_1_30' title='bbox 229 480 466 521; x_wconf 85' lang='lat' dir='ltr'><strong>Fructibus</strong></span> <span class='ocrx_word' id='word_1_31' title='bbox 489 478 683 518; x_wconf 84' lang='lat' dir='ltr'>assiduis</span> <span class='ocrx_word' id='word_1_32' title='bbox 702 478 823 518; x_wconf 85' lang='lat' dir='ltr'>lassa</span> <span class='ocrx_word' id='word_1_33' title='bbox 845 478 1036 518; x_wconf 84' lang='lat' dir='ltr'>senescit</span> <span class='ocrx_word' id='word_1_34' title='bbox 1056 478 1227 519; x_wconf 89' lang='lat' dir='ltr'>humus.</span> 
     </span>
     <span class='ocr_line' id='line_1_6' title="bbox 172 544 1628 598; baseline -0.003 -8"><span class='ocrx_word' id='word_1_35' title='bbox 172 547 370 596; x_wconf 86' lang='lat' dir='ltr'>Occidet,</span> <span class='ocrx_word' id='word_1_36' title='bbox 386 545 441 586; x_wconf 86' lang='lat' dir='ltr'>ad</span> <span class='ocrx_word' id='word_1_37' title='bbox 465 544 580 584; x_wconf 90' lang='lat' dir='ltr'>Circi</span> <span class='ocrx_word' id='word_1_38' title='bbox 600 545 639 584; x_wconf 88' lang='lat' dir='ltr'>si</span> <span class='ocrx_word' id='word_1_39' title='bbox 659 544 756 597; x_wconf 91' lang='lat' dir='ltr'>quis</span> <span class='ocrx_word' id='word_1_40' title='bbox 779 545 1017 584; x_wconf 86' lang='lat' dir='ltr'>certamina</span> <span class='ocrx_word' id='word_1_41' title='bbox 1037 557 1225 598; x_wconf 88' lang='lat' dir='ltr'>semper,</span> <span class='ocrx_word' id='word_1_42' title='bbox 1571 544 1628 585; x_wconf 89' lang='grc'>15</span> 
     </span>
     <span class='ocr_line' id='line_1_7' title="bbox 229 612 1136 666; baseline -0.007 -10"><span class='ocrx_word' id='word_1_43' title='bbox 229 615 336 656; x_wconf 91' lang='lat' dir='ltr'>Non</span> <span class='ocrx_word' id='word_1_44' title='bbox 356 612 620 654; x_wconf 85' lang='lat' dir='ltr'>intermissis</span> <span class='ocrx_word' id='word_1_45' title='bbox 642 612 860 662; x_wconf 88' lang='lat' dir='ltr'>cursibus,</span> <span class='ocrx_word' id='word_1_46' title='bbox 882 612 964 653; x_wconf 87' lang='lat' dir='ltr'>ibit</span> <span class='ocrx_word' id='word_1_47' title='bbox 983 625 1136 666; x_wconf 82' lang='lat' dir='ltr'>equus.</span> 
     </span>
     <span class='ocr_line' id='line_1_8' title="bbox 174 679 1267 734; baseline -0.004 -10"><span class='ocrx_word' id='word_1_48' title='bbox 174 683 322 724; x_wconf 87' lang='lat' dir='ltr'>Firma</span> <span class='ocrx_word' id='word_1_49' title='bbox 343 681 399 722; x_wconf 87' lang='lat' dir='ltr'>sit</span> <span class='ocrx_word' id='word_1_50' title='bbox 418 682 492 722; x_wconf 91' lang='lat' dir='ltr'>illa</span> <span class='ocrx_word' id='word_1_51' title='bbox 512 680 634 730; x_wconf 88' lang='lat' dir='ltr'>licet,</span> <span class='ocrx_word' id='word_1_52' title='bbox 657 681 848 721; x_wconf 85' lang='lat' dir='ltr'>solvetur</span> <span class='ocrx_word' id='word_1_53' title='bbox 862 681 908 721; x_wconf 88' lang='lat' dir='ltr'>in</span> <span class='ocrx_word' id='word_1_54' title='bbox 929 694 1104 734; x_wconf 88' lang='lat' dir='ltr'>aequore</span> <span class='ocrx_word' id='word_1_55' title='bbox 1125 679 1267 729; x_wconf 86' lang='lat' dir='ltr'>navis,</span> 
     </span>
     <span class='ocr_line' id='line_1_9' title="bbox 230 746 1269 801; baseline -0.001 -12"><span class='ocrx_word' id='word_1_56' title='bbox 230 748 342 799; x_wconf 85' lang='lat' dir='ltr'>Quae</span> <span class='ocrx_word' id='word_1_57' title='bbox 359 760 585 801; x_wconf 91' lang='lat' dir='ltr'>nunquam</span> <span class='ocrx_word' id='word_1_58' title='bbox 605 746 784 800; x_wconf 90' lang='lat' dir='ltr'>liquidis</span> <span class='ocrx_word' id='word_1_59' title='bbox 803 748 924 788; x_wconf 87' lang='lat' dir='ltr'>sicca</span> <span class='ocrx_word' id='word_1_60' title='bbox 945 748 1109 788; x_wconf 82' lang='lat' dir='ltr'>carebit</span> <span class='ocrx_word' id='word_1_61' title='bbox 1126 747 1269 800; x_wconf 74' lang='lat' dir='ltr'>aquis.</span> 
     </span>
     <span class='ocr_line' id='line_1_10' title="bbox 170 814 1295 869; baseline -0.001 -13"><span class='ocrx_word' id='word_1_62' title='bbox 170 815 248 857; x_wconf 91' lang='lat' dir='ltr'>Me</span> <span class='ocrx_word' id='word_1_63' title='bbox 269 828 441 869; x_wconf 85' lang='lat' dir='ltr'>quoque</span> <span class='ocrx_word' id='word_1_64' title='bbox 462 815 663 855; x_wconf 88' lang='lat' dir='ltr'>debilitat</span> <span class='ocrx_word' id='word_1_65' title='bbox 685 814 819 854; x_wconf 86' lang='lat' dir='ltr'>series</span> <span class='ocrx_word' id='word_1_66' title='bbox 841 815 1054 855; x_wconf 87' lang='lat' dir='ltr'>immensa</span> <span class='ocrx_word' id='word_1_67' title='bbox 1070 815 1295 865; x_wconf 84' lang='lat' dir='ltr'>malorum,</span> 
     </span>
     <span class='ocr_line' id='line_1_11' title="bbox 224 881 1623 935; baseline 0.001 -12"><span class='ocrx_word' id='word_1_68' title='bbox 224 882 340 924; x_wconf 89' lang='lat' dir='ltr'>Ante</span> <span class='ocrx_word' id='word_1_69' title='bbox 359 896 501 923; x_wconf 88' lang='lat' dir='ltr'>meum</span> <span class='ocrx_word' id='word_1_70' title='bbox 521 886 695 935; x_wconf 89' lang='lat' dir='ltr'>tempus</span> <span class='ocrx_word' id='word_1_71' title='bbox 717 881 833 933; x_wconf 85' lang='lat' dir='ltr'>cogit</span> <span class='ocrx_word' id='word_1_72' title='bbox 852 886 896 921; x_wconf 90' lang='lat' dir='ltr'>et</span> <span class='ocrx_word' id='word_1_73' title='bbox 915 894 1013 922; x_wconf 86' lang='lat' dir='ltr'>esse</span> <span class='ocrx_word' id='word_1_74' title='bbox 1035 894 1194 923; x_wconf 87' lang='lat' dir='ltr'>senem.</span> <span class='ocrx_word' id='word_1_75' title='bbox 1568 882 1623 925; x_wconf 71' lang='lat'>20</span> 
     </span>
     <span class='ocr_line' id='line_1_12' title="bbox 171 948 1388 1003; baseline 0.002 -13"><span class='ocrx_word' id='word_1_76' title='bbox 171 948 277 992; x_wconf 87' lang='lat' dir='ltr'>Otia</span> <span class='ocrx_word' id='word_1_77' title='bbox 296 962 459 1003; x_wconf 90' lang='lat' dir='ltr'>corpus</span> <span class='ocrx_word' id='word_1_78' title='bbox 482 949 630 1000; x_wconf 82' lang='lat' dir='ltr'>alunt3</span> <span class='ocrx_word' id='word_1_79' title='bbox 663 949 836 989; x_wconf 90' lang='lat' dir='ltr'>animus</span> <span class='ocrx_word' id='word_1_80' title='bbox 857 962 1032 1003; x_wconf 90' lang='lat' dir='ltr'>quoque</span> <span class='ocrx_word' id='word_1_81' title='bbox 1053 950 1252 1003; x_wconf 87' lang='lat' dir='ltr'>pascitur</span> <span class='ocrx_word' id='word_1_82' title='bbox 1272 950 1360 991; x_wconf 88' lang='lat' dir='ltr'>illis</span> <span class='ocrx_word' id='word_1_83' title='bbox 1379 965 1388 992; x_wconf 93' lang='lat'>:</span> 
     </span>
     <span class='ocr_line' id='line_1_13' title="bbox 227 1017 1247 1071; baseline 0 -13"><span class='ocrx_word' id='word_1_84' title='bbox 227 1017 497 1058; x_wconf 90' lang='lat' dir='ltr'>Immodicus</span> <span class='ocrx_word' id='word_1_85' title='bbox 519 1020 669 1057; x_wconf 86' lang='lat' dir='ltr'>contra</span> <span class='ocrx_word' id='word_1_86' title='bbox 690 1018 831 1070; x_wconf 82' lang='lat' dir='ltr'>carpit</span> <span class='ocrx_word' id='word_1_87' title='bbox 851 1022 1085 1071; x_wconf 87' lang='lat' dir='ltr'>utrumque</span> <span class='ocrx_word' id='word_1_88' title='bbox 1106 1017 1247 1058; x_wconf 89' lang='lat' dir='ltr'>labor.</span> 
     </span>
     <span class='ocr_line' id='line_1_14' title="bbox 170 1082 1359 1137; baseline 0.001 -14"><span class='ocrx_word' id='word_1_89' title='bbox 170 1082 350 1136; x_wconf 83' lang='lat' dir='ltr'>Aspice,</span> <span class='ocrx_word' id='word_1_90' title='bbox 368 1085 410 1124; x_wconf 89' lang='lat' dir='ltr'>in</span> <span class='ocrx_word' id='word_1_91' title='bbox 430 1085 509 1124; x_wconf 86' lang='lat' dir='ltr'>has</span> <span class='ocrx_word' id='word_1_92' title='bbox 531 1090 677 1137; x_wconf 82' lang='lat' dir='ltr'>partes</span> <span class='ocrx_word' id='word_1_93' title='bbox 699 1084 819 1137; x_wconf 92' lang='lat' dir='ltr'>quod</span> <span class='ocrx_word' id='word_1_94' title='bbox 841 1085 1004 1124; x_wconf 84' lang='lat' dir='ltr'>venerit</span> <span class='ocrx_word' id='word_1_95' title='bbox 1025 1085 1192 1124; x_wconf 88' lang='lat' dir='ltr'>AEsone</span> <span class='ocrx_word' id='word_1_96' title='bbox 1214 1087 1359 1134; x_wconf 83' lang='lat' dir='ltr'>natus,</span> 
     </span>
     <span class='ocr_line' id='line_1_15' title="bbox 228 1148 1146 1203; baseline -0.001 -12"><span class='ocrx_word' id='word_1_97' title='bbox 228 1148 376 1200; x_wconf 83' lang='lat' dir='ltr'>Quam</span> <span class='ocrx_word' id='word_1_98' title='bbox 395 1151 569 1192; x_wconf 87' lang='lat' dir='ltr'>laudem</span> <span class='ocrx_word' id='word_1_99' title='bbox 589 1164 615 1191; x_wconf 93' lang='lat' dir='ltr'>a</span> <span class='ocrx_word' id='word_1_100' title='bbox 631 1164 726 1190; x_wconf 86' lang='lat' dir='ltr'>sera</span> <span class='ocrx_word' id='word_1_101' title='bbox 745 1151 1001 1203; x_wconf 84' lang='lat' dir='ltr'>posteritate</span> <span class='ocrx_word' id='word_1_102' title='bbox 1022 1151 1146 1190; x_wconf 88' lang='lat' dir='ltr'>ferat.</span> 
     </span>
     <span class='ocr_line' id='line_1_16' title="bbox 169 1216 1632 1269; baseline 0 -11"><span class='ocrx_word' id='word_1_103' title='bbox 169 1216 234 1258; x_wconf 81' lang='lat' dir='ltr'>At</span> <span class='ocrx_word' id='word_1_104' title='bbox 253 1218 378 1258; x_wconf 86' lang='lat' dir='ltr'>labor</span> <span class='ocrx_word' id='word_1_105' title='bbox 397 1218 514 1258; x_wconf 94' lang='lat' dir='ltr'>illius</span> <span class='ocrx_word' id='word_1_106' title='bbox 534 1220 683 1257; x_wconf 89' lang='lat' dir='ltr'>nostro</span> <span class='ocrx_word' id='word_1_107' title='bbox 704 1217 932 1269; x_wconf 89' lang='lat' dir='ltr'>leviorque</span> <span class='ocrx_word' id='word_1_108' title='bbox 952 1217 1201 1269; x_wconf 87' lang='lat' dir='ltr'>minorque:</span> <span class='ocrx_word' id='word_1_109' title='bbox 1326 1218 1334 1229; x_wconf 89' lang='grc'><strong>”</strong></span> <span class='ocrx_word' id='word_1_110' title='bbox 1575 1216 1632 1259; x_wconf 76' lang='grc'>25</span> 
     </span>
     <span class='ocr_line' id='line_1_17' title="bbox 227 1283 1310 1336; baseline -0.002 -12"><span class='ocrx_word' id='word_1_111' title='bbox 227 1283 277 1324; x_wconf 91' lang='lat' dir='ltr'>Si</span> <span class='ocrx_word' id='word_1_112' title='bbox 297 1284 426 1324; x_wconf 91' lang='lat' dir='ltr'>modo</span> <span class='ocrx_word' id='word_1_113' title='bbox 445 1296 532 1324; x_wconf 91' lang='lat' dir='ltr'>non</span> <span class='ocrx_word' id='word_1_114' title='bbox 554 1296 703 1324; x_wconf 80' lang='lat' dir='ltr'>verum</span> <span class='ocrx_word' id='word_1_115' title='bbox 724 1284 896 1324; x_wconf 86' lang='lat' dir='ltr'>nomina</span> <span class='ocrx_word' id='word_1_116' title='bbox 915 1295 1072 1336; x_wconf 78' lang='lat' dir='ltr'>magna</span> <span class='ocrx_word' id='word_1_117' title='bbox 1093 1286 1310 1336; x_wconf 87' lang='lat' dir='ltr'>premunt.</span> 
     </span>
    </p>
   </div>
   <div class='ocr_carea' id='block_1_3' title="bbox 166 1395 1635 1778">
    <p class='ocr_par' dir='ltr' id='par_1_3' title="bbox 166 1395 1635 1778">
     <span class='ocr_line' id='line_1_18' title="bbox 167 1395 1633 1447; baseline 0.002 -18"><span class='ocrx_word' id='word_1_118' title='bbox 167 1401 252 1430; x_wconf 81' lang='lat' dir='ltr'>terat</span> <span class='ocrx_word' id='word_1_119' title='bbox 267 1399 344 1429; x_wconf 88' lang='lat' dir='ltr'>dura</span> <span class='ocrx_word' id='word_1_120' title='bbox 359 1408 488 1438; x_wconf 80' lang='lat' dir='ltr'>corpora</span> <span class='ocrx_word' id='word_1_121' title='bbox 504 1398 592 1429; x_wconf 86' lang='lat' dir='ltr'>boum</span> <span class='ocrx_word' id='word_1_122' title='bbox 615 1399 648 1430; x_wconf 83' lang='lat' dir='ltr'>in</span> <span class='ocrx_word' id='word_1_123' title='bbox 671 1399 788 1447; x_wconf 82' lang='lat' dir='ltr'>rigidis</span> <span class='ocrx_word' id='word_1_124' title='bbox 803 1399 908 1438; x_wconf 86' lang='lat' dir='ltr'>agris.-</span> <span class='ocrx_word' id='word_1_125' title='bbox 930 1401 961 1429; x_wconf 82' lang='lat' dir='ltr'>et</span> <span class='ocrx_word' id='word_1_126' title='bbox 983 1398 1056 1439; x_wconf 80' lang='lat' dir='ltr'>quid</span> <span class='ocrx_word' id='word_1_127' title='bbox 1075 1398 1196 1436; x_wconf 83' lang='lat' dir='ltr'>fortius</span> <span class='ocrx_word' id='word_1_128' title='bbox 1221 1395 1316 1429; x_wconf 64' lang='lat' dir='ltr'>bore?</span> <span class='ocrx_word' id='word_1_129' title='bbox 1364 1398 1460 1429; x_wconf 82' lang='lat' dir='ltr'>Terra</span> <span class='ocrx_word' id='word_1_130' title='bbox 1475 1409 1542 1439; x_wconf 83' lang='lat' dir='ltr'>quae</span> <span class='ocrx_word' id='word_1_131' title='bbox 1556 1410 1633 1432; x_wconf 78' lang='lat' dir='ltr'>nun-</span> 
     </span>
     <span class='ocr_line' id='line_1_19' title="bbox 168 1441 1633 1482; baseline 0.001 -10"><span class='ocrx_word' id='word_1_132' title='bbox 168 1451 260 1481; x_wconf 83' lang='lat' dir='ltr'>quarn</span> <span class='ocrx_word' id='word_1_133' title='bbox 273 1442 429 1472; x_wconf 74' lang='lat' dir='ltr'>consuerit</span> <span class='ocrx_word' id='word_1_134' title='bbox 453 1442 607 1482; x_wconf 80' lang='lat' dir='ltr'>quiescere</span> <span class='ocrx_word' id='word_1_135' title='bbox 621 1445 762 1472; x_wconf 66' lang='lat' dir='ltr'>vervacto</span> <span class='ocrx_word' id='word_1_136' title='bbox 778 1442 875 1481; x_wconf 83' lang='lat' dir='ltr'>inani,</span> <span class='ocrx_word' id='word_1_137' title='bbox 897 1441 1016 1479; x_wconf 66' lang='lat' dir='ltr'>defessa</span> <span class='ocrx_word' id='word_1_138' title='bbox 1031 1441 1196 1471; x_wconf 78' lang='lat' dir='ltr'>veterascit</span> <span class='ocrx_word' id='word_1_139' title='bbox 1213 1441 1369 1479; x_wconf 82' lang='lat' dir='ltr'>frugibus</span> <span class='ocrx_word' id='word_1_140' title='bbox 1383 1442 1549 1481; x_wconf 80' lang='lat' dir='ltr'>perpetuis.</span> <span class='ocrx_word' id='word_1_141' title='bbox 1595 1443 1633 1474; x_wconf 73' lang='lat' dir='ltr'>Si</span> 
     </span>
     <span class='ocr_line' id='line_1_20' title="bbox 167 1466 1633 1524; baseline 0.001 -10"><span class='ocrx_word' id='word_1_142' title='bbox 167 1484 236 1524; x_wconf 81' lang='lat' dir='ltr'>quis</span> <span class='ocrx_word' id='word_1_143' title='bbox 261 1494 354 1524; x_wconf 83' lang='lat' dir='ltr'>equus</span> <span class='ocrx_word' id='word_1_144' title='bbox 378 1486 499 1515; x_wconf 83' lang='lat' dir='ltr'>accedet</span> <span class='ocrx_word' id='word_1_145' title='bbox 523 1494 641 1524; x_wconf 83' lang='lat' dir='ltr'>semper</span> <span class='ocrx_word' id='word_1_146' title='bbox 667 1485 705 1514; x_wconf 89' lang='lat' dir='ltr'>ad</span> <span class='ocrx_word' id='word_1_147' title='bbox 729 1485 839 1524; x_wconf 78' lang='lat' dir='ltr'>proelia</span> <span class='ocrx_word' id='word_1_148' title='bbox 867 1466 966 1522; x_wconf 67' lang='lat' dir='ltr'>⁷Circi,</span> <span class='ocrx_word' id='word_1_149' title='bbox 990 1483 1129 1514; x_wconf 80' lang='lat' dir='ltr'>cursibus</span> <span class='ocrx_word' id='word_1_150' title='bbox 1152 1493 1211 1513; x_wconf 87' lang='lat' dir='ltr'>non</span> <span class='ocrx_word' id='word_1_151' title='bbox 1237 1483 1437 1521; x_wconf 82' lang='lat' dir='ltr'>intermissis,</span> <span class='ocrx_word' id='word_1_152' title='bbox 1467 1485 1633 1517; x_wconf 84' lang='lat' dir='ltr'>occumbet.</span> 
     </span>
     <span class='ocr_line' id='line_1_21' title="bbox 171 1508 1631 1566; baseline 0 -9"><span class='ocrx_word' id='word_1_153' title='bbox 171 1526 273 1557; x_wconf 76' lang='lat' dir='ltr'>Navis</span> <span class='ocrx_word' id='word_1_154' title='bbox 288 1537 356 1566; x_wconf 79' lang='lat' dir='ltr'>quoe</span> <span class='ocrx_word' id='word_1_155' title='bbox 371 1536 523 1566; x_wconf 84' lang='lat' dir='ltr'>nunquam</span> <span class='ocrx_word' id='word_1_156' title='bbox 539 1528 630 1556; x_wconf 83' lang='lat' dir='ltr'>arida</span> <span class='ocrx_word' id='word_1_157' title='bbox 645 1526 761 1555; x_wconf 81' lang='lat' dir='ltr'>carebit</span> <span class='ocrx_word' id='word_1_158' title='bbox 777 1527 864 1564; x_wconf 85' lang='lat' dir='ltr'>aquis</span> <span class='ocrx_word' id='word_1_159' title='bbox 881 1508 1008 1565; x_wconf 76' lang='lat' dir='ltr'>fluidis,</span> <span class='ocrx_word' id='word_1_160' title='bbox 1033 1535 1202 1565; x_wconf 80' lang='lat' dir='ltr'>quanquam</span> <span class='ocrx_word' id='word_1_161' title='bbox 1227 1525 1268 1555; x_wconf 77' lang='lat' dir='ltr'>sit</span> <span class='ocrx_word' id='word_1_162' title='bbox 1294 1525 1393 1555; x_wconf 82' lang='lat' dir='ltr'>solida</span> <span class='ocrx_word' id='word_1_163' title='bbox 1417 1529 1448 1555; x_wconf 92' lang='lat' dir='ltr'>et</span> <span class='ocrx_word' id='word_1_164' title='bbox 1464 1525 1537 1556; x_wconf 85' lang='lat' dir='ltr'>bene</span> <span class='ocrx_word' id='word_1_165' title='bbox 1551 1537 1631 1557; x_wconf 86' lang='lat' dir='ltr'>com-</span> 
     </span>
     <span class='ocr_line' id='line_1_22' title="bbox 166 1567 1634 1609; baseline 0.001 -10"><span class='ocrx_word' id='word_1_166' title='bbox 166 1572 260 1608; x_wconf 79' lang='lat' dir='ltr'>pacta</span> <span class='ocrx_word' id='word_1_167' title='bbox 274 1569 433 1608; x_wconf 81' lang='lat' dir='ltr'>aperietur</span> <span class='ocrx_word' id='word_1_168' title='bbox 447 1569 479 1599; x_wconf 86' lang='lat' dir='ltr'>in</span> <span class='ocrx_word' id='word_1_169' title='bbox 496 1569 585 1598; x_wconf 85' lang='lat' dir='ltr'>mari.</span> <span class='ocrx_word' id='word_1_170' title='bbox 637 1568 765 1597; x_wconf 74' lang='lat' dir='ltr'>Tractus</span> <span class='ocrx_word' id='word_1_171' title='bbox 780 1569 875 1598; x_wconf 83' lang='lat' dir='ltr'>etiam</span> <span class='ocrx_word' id='word_1_172' title='bbox 890 1567 1030 1608; x_wconf 81' lang='lat' dir='ltr'>infinitus</span> <span class='ocrx_word' id='word_1_173' title='bbox 1053 1577 1259 1597; x_wconf 70' lang='lat' dir='ltr'>(erumnarum</span> <span class='ocrx_word' id='word_1_174' title='bbox 1284 1577 1330 1597; x_wconf 83' lang='lat' dir='ltr'>me</span> <span class='ocrx_word' id='word_1_175' title='bbox 1348 1568 1490 1607; x_wconf 83' lang='lat' dir='ltr'>frangit,</span> <span class='ocrx_word' id='word_1_176' title='bbox 1505 1572 1533 1598; x_wconf 88' lang='lat' dir='ltr'>et</span> <span class='ocrx_word' id='word_1_177' title='bbox 1549 1570 1634 1609; x_wconf 81' lang='lat' dir='ltr'>cogit</span> 
     </span>
     <span class='ocr_line' id='line_1_23' title="bbox 169 1609 1634 1652; baseline 0.001 -11"><span class='ocrx_word' id='word_1_178' title='bbox 169 1620 232 1641; x_wconf 82' lang='lat' dir='ltr'>esse</span> <span class='ocrx_word' id='word_1_179' title='bbox 247 1620 344 1641; x_wconf 85' lang='lat' dir='ltr'>senem</span> <span class='ocrx_word' id='word_1_180' title='bbox 361 1615 432 1641; x_wconf 84' lang='lat' dir='ltr'>unte</span> <span class='ocrx_word' id='word_1_181' title='bbox 448 1620 547 1641; x_wconf 85' lang='lat' dir='ltr'>meum</span> <span class='ocrx_word' id='word_1_182' title='bbox 574 1613 701 1649; x_wconf 76' lang='lat' dir='ltr'>tempus.</span> <span class='ocrx_word' id='word_1_183' title='bbox 750 1609 916 1640; x_wconf 75' lang='lat' dir='ltr'>Relaxatio</span> <span class='ocrx_word' id='word_1_184' title='bbox 928 1610 1016 1648; x_wconf 77' lang='lat' dir='ltr'>foret</span> <span class='ocrx_word' id='word_1_185' title='bbox 1032 1620 1165 1650; x_wconf 52' lang='lat' dir='ltr'>carpum</span> <span class='ocrx_word' id='word_1_186' title='bbox 1188 1620 1271 1640; x_wconf 85' lang='lat' dir='ltr'>mens</span> <span class='ocrx_word' id='word_1_187' title='bbox 1295 1610 1389 1640; x_wconf 85' lang='lat' dir='ltr'>etiam</span> <span class='ocrx_word' id='word_1_188' title='bbox 1415 1610 1552 1652; x_wconf 71' lang='lat' dir='ltr'>reficitur</span> <span class='ocrx_word' id='word_1_189' title='bbox 1568 1612 1634 1642; x_wconf 86' lang='lat' dir='ltr'>illa.</span> 
     </span>
     <span class='ocr_line' id='line_1_24' title="bbox 172 1653 1635 1693; baseline 0.002 -11"><span class='ocrx_word' id='word_1_190' title='bbox 172 1653 202 1683; x_wconf 88' lang='lat' dir='ltr'><em>E</em></span> <span class='ocrx_word' id='word_1_191' title='bbox 217 1654 371 1683; x_wconf 82' lang='lat' dir='ltr'>contrario</span> <span class='ocrx_word' id='word_1_192' title='bbox 386 1653 471 1683; x_wconf 86' lang='lat' dir='ltr'>labor</span> <span class='ocrx_word' id='word_1_193' title='bbox 485 1653 600 1683; x_wconf 82' lang='lat' dir='ltr'>nimius</span> <span class='ocrx_word' id='word_1_194' title='bbox 614 1653 745 1682; x_wconf 76' lang='lat' dir='ltr'>absumit</span> <span class='ocrx_word' id='word_1_195' title='bbox 767 1656 936 1693; x_wconf 82' lang='lat' dir='ltr'>utrumque.</span> <span class='ocrx_word' id='word_1_196' title='bbox 989 1653 1067 1683; x_wconf 83' lang='lat' dir='ltr'>Vide</span> <span class='ocrx_word' id='word_1_197' title='bbox 1091 1663 1180 1692; x_wconf 84' lang='lat' dir='ltr'>quam</span> <span class='ocrx_word' id='word_1_198' title='bbox 1199 1653 1333 1692; x_wconf 80' lang='lat' dir='ltr'>gloriam</span> <span class='ocrx_word' id='word_1_199' title='bbox 1339 1653 1432 1693; x_wconf 78' lang='lat' dir='ltr'>filius</span> <span class='ocrx_word' id='word_1_200' title='bbox 1447 1655 1572 1685; x_wconf 77' lang='lat' dir='ltr'>AEsonz&#39;s</span> <span class='ocrx_word' id='word_1_201' title='bbox 1587 1665 1635 1686; x_wconf 85' lang='lat' dir='ltr'>re-</span> 
     </span>
     <span class='ocr_line' id='line_1_25' title="bbox 168 1695 1635 1735; baseline 0.001 -10"><span class='ocrx_word' id='word_1_202' title='bbox 168 1698 271 1735; x_wconf 83' lang='lat' dir='ltr'>portet</span> <span class='ocrx_word' id='word_1_203' title='bbox 286 1695 324 1725; x_wconf 87' lang='lat' dir='ltr'>ab</span> <span class='ocrx_word' id='word_1_204' title='bbox 344 1695 457 1725; x_wconf 84' lang='lat' dir='ltr'>ultima</span> <span class='ocrx_word' id='word_1_205' title='bbox 470 1695 664 1734; x_wconf 82' lang='lat' dir='ltr'>posteritate,</span> <span class='ocrx_word' id='word_1_206' title='bbox 689 1697 767 1735; x_wconf 84' lang='lat' dir='ltr'>quod</span> <span class='ocrx_word' id='word_1_207' title='bbox 782 1695 941 1726; x_wconf 75' lang='lat' dir='ltr'>accesserit</span> <span class='ocrx_word' id='word_1_208' title='bbox 966 1697 1005 1725; x_wconf 85' lang='lat' dir='ltr'>ad</span> <span class='ocrx_word' id='word_1_209' title='bbox 1021 1696 1096 1726; x_wconf 82' lang='lat' dir='ltr'>istas</span> <span class='ocrx_word' id='word_1_210' title='bbox 1115 1705 1194 1725; x_wconf 87' lang='lat' dir='ltr'>oras.</span> <span class='ocrx_word' id='word_1_211' title='bbox 1239 1697 1284 1726; x_wconf 82' lang='lat' dir='ltr'>At</span> <span class='ocrx_word' id='word_1_212' title='bbox 1299 1695 1384 1725; x_wconf 86' lang='lat' dir='ltr'>labor</span> <span class='ocrx_word' id='word_1_213' title='bbox 1398 1696 1480 1726; x_wconf 84' lang='lat' dir='ltr'>illius</span> <span class='ocrx_word' id='word_1_214' title='bbox 1495 1699 1524 1727; x_wconf 91' lang='lat' dir='ltr'>et</span> <span class='ocrx_word' id='word_1_215' title='bbox 1539 1697 1635 1727; x_wconf 81' lang='lat' dir='ltr'>levior</span> 
     </span>
     <span class='ocr_line' id='line_1_26' title="bbox 171 1738 1635 1778; baseline 0.002 -10"><span class='ocrx_word' id='word_1_216' title='bbox 171 1741 202 1768; x_wconf 86' lang='lat' dir='ltr'>et</span> <span class='ocrx_word' id='word_1_217' title='bbox 218 1738 316 1768; x_wconf 88' lang='lat' dir='ltr'>minor</span> <span class='ocrx_word' id='word_1_218' title='bbox 340 1741 458 1777; x_wconf 85' lang='lat' dir='ltr'>nostro,</span> <span class='ocrx_word' id='word_1_219' title='bbox 469 1738 496 1768; x_wconf 82' lang='lat' dir='ltr'>si</span> <span class='ocrx_word' id='word_1_220' title='bbox 511 1739 619 1768; x_wconf 80' lang='lat' dir='ltr'>saltem</span> <span class='ocrx_word' id='word_1_221' title='bbox 643 1738 767 1769; x_wconf 82' lang='lat' dir='ltr'>nomina</span> <span class='ocrx_word' id='word_1_222' title='bbox 788 1739 939 1778; x_wconf 78' lang='lat' dir='ltr'>proeclara</span> <span class='ocrx_word' id='word_1_223' title='bbox 964 1749 1023 1769; x_wconf 85' lang='lat' dir='ltr'>non</span> <span class='ocrx_word' id='word_1_224' title='bbox 1051 1738 1183 1768; x_wconf 80' lang='lat' dir='ltr'>obruunt</span> <span class='ocrx_word' id='word_1_225' title='bbox 1208 1738 1384 1770; x_wconf 75' lang='lat' dir='ltr'>veritatem.</span> <span class='ocrx_word' id='word_1_226' title='bbox 1428 1738 1487 1770; x_wconf 83' lang='lat' dir='ltr'>Ille</span> <span class='ocrx_word' id='word_1_227' title='bbox 1502 1739 1635 1771; x_wconf 83' lang='lat' dir='ltr'>venitin</span> 
     </span>
    </p>
   </div>
   <div class='ocr_carea' id='block_1_4' title="bbox 784 1821 1020 1832">
    <p class='ocr_par' dir='ltr' id='par_1_4' title="bbox 784 1821 1020 1832">
     <span class='ocr_line' id='line_1_27' title="bbox 784 1821 1020 1832; baseline 0 -1"><span class='ocrx_word' id='word_1_228' title='bbox 784 1821 1020 1832; x_wconf 51' lang='lat'>“““““““““</span> 
     </span>
    </p>
   </div>
   <div class='ocr_carea' id='block_1_5' title="bbox 172 1874 1636 2214">
    <p class='ocr_par' dir='ltr' id='par_1_5' title="bbox 172 1874 1636 2214">
     <span class='ocr_line' id='line_1_28' title="bbox 174 1874 1633 1916; baseline 0.002 -11"><span class='ocrx_word' id='word_1_229' title='bbox 174 1874 379 1915; x_wconf 86' lang='lat' dir='ltr'>Bersm.fido</span> <span class='ocrx_word' id='word_1_230' title='bbox 397 1884 457 1915; x_wconf 85' lang='lat' dir='ltr'>pro</span> <span class='ocrx_word' id='word_1_231' title='bbox 475 1875 663 1915; x_wconf 66' lang='lat' dir='ltr'>Pylio—12</span> <span class='ocrx_word' id='word_1_232' title='bbox 688 1876 1056 1914; x_wconf 67' lang='lat' dir='ltr'>Quatuorlilnifrang.</span> <span class='ocrx_word' id='word_1_233' title='bbox 1073 1886 1167 1912; x_wconf 83' lang='lat' dir='ltr'>onus‚·</span> <span class='ocrx_word' id='word_1_234' title='bbox 1196 1886 1255 1906; x_wconf 80' lang='lat' dir='ltr'>sex</span> <span class='ocrx_word' id='word_1_235' title='bbox 1283 1881 1318 1907; x_wconf 83' lang='lat' dir='ltr'>et</span> <span class='ocrx_word' id='word_1_236' title='bbox 1345 1877 1506 1916; x_wconf 59' lang='lat' dir='ltr'>Fareerpt.</span> <span class='ocrx_word' id='word_1_237' title='bbox 1534 1876 1633 1908; x_wconf 89' lang='lat' dir='ltr'>Voss.</span> 
     </span>
     <span class='ocr_line' id='line_1_29' title="bbox 172 1917 1635 1957; baseline 0 -9"><span class='ocrx_word' id='word_1_238' title='bbox 172 1917 380 1949; x_wconf 51' lang='lat' dir='ltr'>humus—14</span> <span class='ocrx_word' id='word_1_239' title='bbox 408 1917 522 1948; x_wconf 82' lang='lat' dir='ltr'>Heius.</span> <span class='ocrx_word' id='word_1_240' title='bbox 540 1927 616 1948; x_wconf 87' lang='lat' dir='ltr'>cnm</span> <span class='ocrx_word' id='word_1_241' title='bbox 642 1918 811 1949; x_wconf 71' lang='lat' dir='ltr'>&#39;l&#39;wisdem</span> <span class='ocrx_word' id='word_1_242' title='bbox 839 1924 873 1949; x_wconf 85' lang='lat' dir='ltr'>et</span> <span class='ocrx_word' id='word_1_243' title='bbox 892 1919 1000 1949; x_wconf 79' lang='lat' dir='ltr'>altero</span> <span class='ocrx_word' id='word_1_244' title='bbox 1026 1919 1155 1948; x_wconf 87' lang='lat' dir='ltr'>Thnan.</span> <span class='ocrx_word' id='word_1_245' title='bbox 1183 1918 1299 1949; x_wconf 75' lang='lat' dir='ltr'>mallet</span> <span class='ocrx_word' id='word_1_246' title='bbox 1324 1919 1481 1957; x_wconf 76' lang='lat' dir='ltr'>Frugibus</span> <span class='ocrx_word' id='word_1_247' title='bbox 1495 1919 1635 1949; x_wconf 79' lang='lat' dir='ltr'>assid.—</span> 
     </span>
     <span class='ocr_line' id='line_1_30' title="bbox 174 1960 1635 2001; baseline 0.001 -11"><span class='ocrx_word' id='word_1_248' title='bbox 174 1963 214 1990; x_wconf 82' lang='lat'>1¹7</span> <span class='ocrx_word' id='word_1_249' title='bbox 241 1961 279 1991; x_wconf 94' lang='lat' dir='ltr'>In</span> <span class='ocrx_word' id='word_1_250' title='bbox 297 1960 429 1991; x_wconf 88' lang='lat' dir='ltr'>dnobus</span> <span class='ocrx_word' id='word_1_251' title='bbox 447 1961 489 1990; x_wconf 88' lang='lat' dir='ltr'>V.</span> <span class='ocrx_word' id='word_1_252' title='bbox 507 1961 574 2000; x_wconf 85' lang='lat' dir='ltr'>ipsa</span> <span class='ocrx_word' id='word_1_253' title='bbox 591 1970 652 2000; x_wconf 88' lang='lat' dir='ltr'>pro</span> <span class='ocrx_word' id='word_1_254' title='bbox 667 1960 732 1992; x_wconf 82' lang='lat' dir='ltr'>illa.</span> <span class='ocrx_word' id='word_1_255' title='bbox 757 1961 875 1992; x_wconf 80' lang='lat' dir='ltr'>Heins.</span> <span class='ocrx_word' id='word_1_256' title='bbox 891 1961 931 1991; x_wconf 91' lang='lat' dir='ltr'>ad</span> <span class='ocrx_word' id='word_1_257' title='bbox 948 1960 1062 1991; x_wconf 84' lang='lat' dir='ltr'>Amor.</span> <span class='ocrx_word' id='word_1_258' title='bbox 1083 1970 1121 1990; x_wconf 89' lang='lat'>11.</span> <span class='ocrx_word' id='word_1_259' title='bbox 1146 1964 1176 1991; x_wconf 85' lang='lat'>6.</span> <span class='ocrx_word' id='word_1_260' title='bbox 1196 1964 1245 1991; x_wconf 72' lang='lat'>1-1.</span> <span class='ocrx_word' id='word_1_261' title='bbox 1262 1963 1344 1992; x_wconf 83' lang='lat' dir='ltr'>citat</span> <span class='ocrx_word' id='word_1_262' title='bbox 1361 1961 1468 1991; x_wconf 87' lang='lat' dir='ltr'>Firma</span> <span class='ocrx_word' id='word_1_263' title='bbox 1482 1965 1635 2001; x_wconf 80' lang='lat' dir='ltr'>tenaxque</span> 
     </span>
     <span class='ocr_line' id='line_1_31' title="bbox 173 2002 1634 2043; baseline 0.001 -11"><span class='ocrx_word' id='word_1_264' title='bbox 173 2002 256 2033; x_wconf 80' lang='lat' dir='ltr'>licet.</span> <span class='ocrx_word' id='word_1_265' title='bbox 280 2003 418 2034; x_wconf 89' lang='lat' dir='ltr'>Deinde</span> <span class='ocrx_word' id='word_1_266' title='bbox 436 2004 476 2033; x_wconf 88' lang='lat' dir='ltr'>V.</span> <span class='ocrx_word' id='word_1_267' title='bbox 492 2013 549 2043; x_wconf 64' lang='grc' dir='ltr'><em>(ει).</em></span> <span class='ocrx_word' id='word_1_268' title='bbox 563 2003 773 2043; x_wconf 56' lang='lat' dir='ltr'>puppis—19</span> <span class='ocrx_word' id='word_1_269' title='bbox 798 2004 954 2033; x_wconf 75' lang='lat' dir='ltr'>Malorum</span> <span class='ocrx_word' id='word_1_270' title='bbox 982 2003 1100 2034; x_wconf 73' lang='lat' dir='ltr'>Heius.</span> <span class='ocrx_word' id='word_1_271' title='bbox 1123 2003 1216 2033; x_wconf 84' lang='lat' dir='ltr'>dedit</span> <span class='ocrx_word' id='word_1_272' title='bbox 1233 2013 1274 2034; x_wconf 83' lang='lat' dir='ltr'>ex</span> <span class='ocrx_word' id='word_1_273' title='bbox 1300 2003 1353 2033; x_wconf 86' lang='lat' dir='ltr'>Sa.</span> <span class='ocrx_word' id='word_1_274' title='bbox 1374 2002 1634 2043; x_wconf 74' lang='lat' dir='ltr'>Arg.Scaligeri</span> 
     </span>
     <span class='ocr_line' id='line_1_32' title="bbox 172 2044 1636 2086; baseline 0.002 -12"><span class='ocrx_word' id='word_1_275' title='bbox 172 2044 283 2083; x_wconf 87' lang='lat' dir='ltr'>libris,</span> <span class='ocrx_word' id='word_1_276' title='bbox 311 2050 346 2076; x_wconf 89' lang='lat' dir='ltr'>et</span> <span class='ocrx_word' id='word_1_277' title='bbox 370 2045 502 2075; x_wconf 88' lang='lat' dir='ltr'>duobus</span> <span class='ocrx_word' id='word_1_278' title='bbox 521 2046 607 2083; x_wconf 87' lang='lat' dir='ltr'>aliis,</span> <span class='ocrx_word' id='word_1_279' title='bbox 631 2055 692 2086; x_wconf 87' lang='lat' dir='ltr'>pro</span> <span class='ocrx_word' id='word_1_280' title='bbox 712 2047 801 2085; x_wconf 76' lang='lat' dir='ltr'>vulg.</span> <span class='ocrx_word' id='word_1_281' title='bbox 817 2046 1051 2077; x_wconf 66' lang='lat' dir='ltr'>laborum—20</span> <span class='ocrx_word' id='word_1_282' title='bbox 1077 2046 1126 2076; x_wconf 89' lang='lat' dir='ltr'>Ex</span> <span class='ocrx_word' id='word_1_283' title='bbox 1145 2051 1230 2076; x_wconf 85' lang='lat' dir='ltr'>vett.</span> <span class='ocrx_word' id='word_1_284' title='bbox 1249 2045 1408 2076; x_wconf 79' lang='lat' dir='ltr'>Ciofanns</span> <span class='ocrx_word' id='word_1_285' title='bbox 1426 2052 1460 2076; x_wconf 83' lang='lat' dir='ltr'>et</span> <span class='ocrx_word' id='word_1_286' title='bbox 1473 2046 1636 2077; x_wconf 74' lang='lat' dir='ltr'>Bai-thius</span> 
     </span>
     <span class='ocr_line' id='line_1_33' title="bbox 174 2087 1635 2128; baseline 0.001 -12"><span class='ocrx_word' id='word_1_287' title='bbox 174 2087 292 2126; x_wconf 80' lang='lat' dir='ltr'>legunt</span> <span class='ocrx_word' id='word_1_288' title='bbox 308 2097 431 2124; x_wconf 89' lang='lat' dir='ltr'>senem;</span> <span class='ocrx_word' id='word_1_289' title='bbox 456 2088 512 2118; x_wconf 83' lang='lat' dir='ltr'>alii</span> <span class='ocrx_word' id='word_1_290' title='bbox 525 2091 716 2119; x_wconf 73' lang='lat' dir='ltr'>senex.—23</span> <span class='ocrx_word' id='word_1_291' title='bbox 745 2090 832 2123; x_wconf 83' lang='lat' dir='ltr'>Quod</span> <span class='ocrx_word' id='word_1_292' title='bbox 851 2089 1019 2126; x_wconf 84' lang='lat' dir='ltr'>meliores,</span> <span class='ocrx_word' id='word_1_293' title='bbox 1036 2095 1123 2119; x_wconf 81' lang='lat' dir='ltr'>teste</span> <span class='ocrx_word' id='word_1_294' title='bbox 1142 2088 1263 2119; x_wconf 76' lang='lat' dir='ltr'>Heius.</span> <span class='ocrx_word' id='word_1_295' title='bbox 1280 2089 1367 2127; x_wconf 83' lang='lat' dir='ltr'>vulg.</span> <span class='ocrx_word' id='word_1_296' title='bbox 1393 2089 1484 2128; x_wconf 83' lang='lat' dir='ltr'>quia:</span> <span class='ocrx_word' id='word_1_297' title='bbox 1510 2089 1552 2119; x_wconf 88' lang='lat' dir='ltr'>R.</span> <span class='ocrx_word' id='word_1_298' title='bbox 1570 2090 1635 2128; x_wconf 80' lang='lat' dir='ltr'>qui.</span> 
     </span>
     <span class='ocr_line' id='line_1_34' title="bbox 173 2130 1635 2171; baseline 0.001 -11"><span class='ocrx_word' id='word_1_299' title='bbox 173 2132 258 2160; x_wconf 78' lang='lat'>—24</span> <span class='ocrx_word' id='word_1_300' title='bbox 282 2130 352 2160; x_wconf 85' lang='grc' dir='ltr'>Τὸα</span> <span class='ocrx_word' id='word_1_301' title='bbox 364 2131 420 2160; x_wconf 83' lang='lat' dir='ltr'>Sa.</span> <span class='ocrx_word' id='word_1_302' title='bbox 434 2131 507 2161; x_wconf 92' lang='lat' dir='ltr'>Pol.</span> <span class='ocrx_word' id='word_1_303' title='bbox 523 2131 645 2171; x_wconf 79' lang='lat' dir='ltr'>allique</span> <span class='ocrx_word' id='word_1_304' title='bbox 659 2132 920 2161; x_wconf 80' lang='lat' dir='ltr'>omittunt.—25</span> <span class='ocrx_word' id='word_1_305' title='bbox 947 2131 1111 2170; x_wconf 85' lang='lat' dir='ltr'>Minorque</span> <span class='ocrx_word' id='word_1_306' title='bbox 1127 2134 1171 2161; x_wconf 84' lang='lat' dir='ltr'>est</span> <span class='ocrx_word' id='word_1_307' title='bbox 1197 2140 1312 2161; x_wconf 80' lang='lat' dir='ltr'>omncs</span> <span class='ocrx_word' id='word_1_308' title='bbox 1330 2133 1399 2160; x_wconf 72' lang='lat' dir='ltr'>fere</span> <span class='ocrx_word' id='word_1_309' title='bbox 1416 2131 1554 2170; x_wconf 79' lang='lat' dir='ltr'>scripti:</span> <span class='ocrx_word' id='word_1_310' title='bbox 1573 2130 1635 2161; x_wconf 85' lang='lat' dir='ltr'>sed</span> 
     </span>
     <span class='ocr_line' id='line_1_35' title="bbox 173 2172 1635 2214; baseline 0.001 -12"><span class='ocrx_word' id='word_1_311' title='bbox 173 2172 325 2212; x_wconf 82' lang='lat' dir='ltr'>leviorque</span> <span class='ocrx_word' id='word_1_312' title='bbox 335 2173 490 2213; x_wconf 79' lang='lat' dir='ltr'>minorque</span> <span class='ocrx_word' id='word_1_313' title='bbox 505 2172 577 2203; x_wconf 87' lang='lat' dir='ltr'>fere</span> <span class='ocrx_word' id='word_1_314' title='bbox 595 2173 683 2204; x_wconf 77' lang='lat' dir='ltr'>idern</span> <span class='ocrx_word' id='word_1_315' title='bbox 698 2178 819 2204; x_wconf 86' lang='lat' dir='ltr'>notant</span> <span class='ocrx_word' id='word_1_316' title='bbox 832 2184 839 2211; x_wconf 91' lang='lat'>;</span> <span class='ocrx_word' id='word_1_317' title='bbox 853 2183 958 2214; x_wconf 83' lang='lat' dir='ltr'>quare</span> <span class='ocrx_word' id='word_1_318' title='bbox 972 2173 1118 2213; x_wconf 74' lang='lat' dir='ltr'>malleni,</span> <span class='ocrx_word' id='word_1_319' title='bbox 1129 2173 1308 2213; x_wconf 75' lang='lat' dir='ltr'>breviorque</span> <span class='ocrx_word' id='word_1_320' title='bbox 1320 2174 1489 2213; x_wconf 83' lang='lat' dir='ltr'>minorque,</span> <span class='ocrx_word' id='word_1_321' title='bbox 1503 2178 1538 2204; x_wconf 89' lang='lat' dir='ltr'>et</span> <span class='ocrx_word' id='word_1_322' title='bbox 1551 2177 1635 2204; x_wconf 90' lang='lat' dir='ltr'>tem-</span> 
     </span>
    </p>
   </div>
   <div class='ocr_carea' id='block_1_6' title="bbox 175 2260 1636 2730">
    <p class='ocr_par' dir='ltr' id='par_1_6' title="bbox 835 2260 975 2291">
     <span class='ocr_line' id='line_1_36' title="bbox 835 2260 975 2291; baseline -0.007 0"><span class='ocrx_word' id='word_1_323' title='bbox 835 2260 975 2291; x_wconf 80' lang='lat' dir='ltr'>NOTAE</span> 
     </span>
    </p>

    <p class='ocr_par' dir='ltr' id='par_1_7' title="bbox 175 2332 1636 2674">
     <span class='ocr_line' id='line_1_37' title="bbox 219 2332 1365 2378; baseline 0.001 -14"><span class='ocrx_word' id='word_1_324' title='bbox 219 2335 258 2364; x_wconf 93' lang='lat'>10</span> <span class='ocrx_word' id='word_1_325' title='bbox 282 2332 392 2373; x_wconf 83' lang='lat' dir='ltr'>Pylio]</span> <span class='ocrx_word' id='word_1_326' title='bbox 418 2334 505 2374; x_wconf 79' lang='lat' dir='ltr'>Pylo</span> <span class='ocrx_word' id='word_1_327' title='bbox 532 2335 622 2365; x_wconf 88' lang='lat' dir='ltr'>enim</span> <span class='ocrx_word' id='word_1_328' title='bbox 647 2336 877 2377; x_wconf 83' lang='lat' dir='ltr'>Peloponnesi</span> <span class='ocrx_word' id='word_1_329' title='bbox 933 2337 985 2368; x_wconf 84' lang='lat' dir='ltr'>vel</span> <span class='ocrx_word' id='word_1_330' title='bbox 1005 2347 1079 2378; x_wconf 80' lang='lat' dir='ltr'>qnae</span> <span class='ocrx_word' id='word_1_331' title='bbox 1097 2337 1243 2376; x_wconf 86' lang='lat' dir='ltr'>primum</span> <span class='ocrx_word' id='word_1_332' title='bbox 1261 2335 1365 2366; x_wconf 86' lang='lat' dir='ltr'>culta.</span> 
     </span>
     <span class='ocr_line' id='line_1_38' title="bbox 175 2383 1635 2428; baseline 0.001 -14"><span class='ocrx_word' id='word_1_333' title='bbox 175 2383 259 2414; x_wconf 81' lang='lat' dir='ltr'>urbe</span> <span class='ocrx_word' id='word_1_334' title='bbox 285 2384 415 2415; x_wconf 75' lang='lat' dir='ltr'>Nestor</span> <span class='ocrx_word' id='word_1_335' title='bbox 442 2385 604 2416; x_wconf 81' lang='lat' dir='ltr'>oriundus</span> <span class='ocrx_word' id='word_1_336' title='bbox 618 2385 702 2424; x_wconf 81' lang='lat' dir='ltr'>fuit3</span> <span class='ocrx_word' id='word_1_337' title='bbox 726 2388 783 2428; x_wconf 87' lang='lat' dir='ltr'>qui</span> <span class='ocrx_word' id='word_1_338' title='bbox 800 2387 877 2418; x_wconf 79' lang='lat' dir='ltr'>ideo</span> <span class='ocrx_word' id='word_1_339' title='bbox 976 2391 1015 2418; x_wconf 86' lang='grc'>18</span> <span class='ocrx_word' id='word_1_340' title='bbox 1033 2388 1113 2422; x_wconf 76' lang='lat' dir='ltr'>Quoe</span> <span class='ocrx_word' id='word_1_341' title='bbox 1129 2385 1298 2425; x_wconf 78' lang='lat' dir='ltr'>nunquam]</span> <span class='ocrx_word' id='word_1_342' title='bbox 1317 2384 1432 2425; x_wconf 85' lang='lat' dir='ltr'>Atque</span> <span class='ocrx_word' id='word_1_343' title='bbox 1451 2383 1536 2414; x_wconf 86' lang='lat' dir='ltr'>adeo</span> <span class='ocrx_word' id='word_1_344' title='bbox 1550 2392 1635 2415; x_wconf 82' lang='lat' dir='ltr'>sem-</span> 
     </span>
     <span class='ocr_line' id='line_1_39' title="bbox 176 2432 1593 2478; baseline -0.001 -14"><span class='ocrx_word' id='word_1_345' title='bbox 176 2434 311 2465; x_wconf 85' lang='lat' dir='ltr'>tertiam</span> <span class='ocrx_word' id='word_1_346' title='bbox 327 2435 499 2466; x_wconf 84' lang='lat' dir='ltr'>hominnm</span> <span class='ocrx_word' id='word_1_347' title='bbox 517 2441 654 2467; x_wconf 82' lang='lat' dir='ltr'>aetatem</span> <span class='ocrx_word' id='word_1_348' title='bbox 667 2437 792 2468; x_wconf 87' lang='lat' dir='ltr'>dicitur</span> <span class='ocrx_word' id='word_1_349' title='bbox 809 2438 877 2468; x_wconf 83' lang='lat' dir='ltr'>vix·</span> <span class='ocrx_word' id='word_1_350' title='bbox 933 2448 992 2478; x_wconf 74' lang='lat' dir='ltr'>per</span> <span class='ocrx_word' id='word_1_351' title='bbox 1010 2447 1105 2478; x_wconf 81' lang='lat' dir='ltr'>aqnae</span> <span class='ocrx_word' id='word_1_352' title='bbox 1119 2442 1155 2467; x_wconf 81' lang='lat' dir='ltr'>ct</span> <span class='ocrx_word' id='word_1_353' title='bbox 1171 2441 1348 2465; x_wconf 81' lang='lat' dir='ltr'>ventorum</span> <span class='ocrx_word' id='word_1_354' title='bbox 1368 2433 1434 2463; x_wconf 89' lang='lat' dir='ltr'>vim</span> <span class='ocrx_word' id='word_1_355' title='bbox 1451 2432 1593 2472; x_wconf 86' lang='lat' dir='ltr'>patitur.</span> 
     </span>
     <span class='ocr_line' id='line_1_40' title="bbox 177 2482 1636 2528; baseline 0.001 -15"><span class='ocrx_word' id='word_1_356' title='bbox 177 2483 352 2524; x_wconf 78' lang='lat' dir='ltr'>isse,quod</span> <span class='ocrx_word' id='word_1_357' title='bbox 368 2485 409 2515; x_wconf 84' lang='lat' dir='ltr'>ad</span> <span class='ocrx_word' id='word_1_358' title='bbox 425 2494 657 2517; x_wconf 81' lang='lat' dir='ltr'>xc1x.annum</span> <span class='ocrx_word' id='word_1_359' title='bbox 671 2488 879 2527; x_wconf 81' lang='lat' dir='ltr'>pervenerit,</span> <span class='ocrx_word' id='word_1_360' title='bbox 978 2489 1082 2528; x_wconf 82' lang='lat' dir='ltr'>Sicca]</span> <span class='ocrx_word' id='word_1_361' title='bbox 1106 2489 1191 2520; x_wconf 81' lang='lat' dir='ltr'>Quae</span> <span class='ocrx_word' id='word_1_362' title='bbox 1217 2486 1308 2516; x_wconf 79' lang='lat' dir='ltr'>sicca</span> <span class='ocrx_word' id='word_1_363' title='bbox 1336 2483 1379 2513; x_wconf 81' lang='lat' dir='ltr'>sit</span> <span class='ocrx_word' id='word_1_364' title='bbox 1407 2483 1433 2513; x_wconf 78' lang='lat' dir='ltr'>si</span> <span class='ocrx_word' id='word_1_365' title='bbox 1459 2482 1556 2523; x_wconf 85' lang='lat' dir='ltr'>aquis</span> <span class='ocrx_word' id='word_1_366' title='bbox 1581 2492 1636 2515; x_wconf 75' lang='lat' dir='ltr'>ca-</span> 
     </span>
     <span class='ocr_line' id='line_1_41' title="bbox 178 2533 1020 2578; baseline 0.007 -14"><span class='ocrx_word' id='word_1_367' title='bbox 178 2533 318 2574; x_wconf 77' lang='lat' dir='ltr'>triginta</span> <span class='ocrx_word' id='word_1_368' title='bbox 334 2535 492 2567; x_wconf 69' lang='lat' dir='ltr'>videlicet</span> <span class='ocrx_word' id='word_1_369' title='bbox 509 2537 603 2567; x_wconf 90' lang='lat' dir='ltr'>annis</span> <span class='ocrx_word' id='word_1_370' title='bbox 632 2548 692 2578; x_wconf 84' lang='lat' dir='ltr'>pro</span> <span class='ocrx_word' id='word_1_371' title='bbox 710 2548 776 2569; x_wconf 88' lang='lat' dir='ltr'>una</span> <span class='ocrx_word' id='word_1_372' title='bbox 791 2548 879 2569; x_wconf 84' lang='lat' dir='ltr'>com·</span> <span class='ocrx_word' id='word_1_373' title='bbox 935 2544 1020 2570; x_wconf 78' lang='lat' dir='ltr'>reat.</span> 
     </span>
     <span class='ocr_line' id='line_1_42' title="bbox 179 2580 1635 2629; baseline 0 -16"><span class='ocrx_word' id='word_1_374' title='bbox 179 2582 306 2623; x_wconf 83' lang='lat' dir='ltr'>putatis</span> <span class='ocrx_word' id='word_1_375' title='bbox 330 2587 446 2615; x_wconf 78' lang='lat' dir='ltr'>aetate.</span> <span class='ocrx_word' id='word_1_376' title='bbox 481 2586 680 2627; x_wconf 82' lang='lat' dir='ltr'>Quanquam</span> <span class='ocrx_word' id='word_1_377' title='bbox 705 2598 765 2629; x_wconf 83' lang='lat' dir='ltr'>pro</span> <span class='ocrx_word' id='word_1_378' title='bbox 782 2589 879 2620; x_wconf 82' lang='lat' dir='ltr'>libitu</span> <span class='ocrx_word' id='word_1_379' title='bbox 977 2593 1017 2620; x_wconf 83' lang='lat'>21</span> <span class='ocrx_word' id='word_1_380' title='bbox 1043 2584 1202 2622; x_wconf 77' lang='lat' dir='ltr'>Pascitur]</span> <span class='ocrx_word' id='word_1_381' title='bbox 1240 2582 1415 2613; x_wconf 80' lang='lat' dir='ltr'>Reficitur.</span> <span class='ocrx_word' id='word_1_382' title='bbox 1451 2580 1635 2615; x_wconf 79' lang='lat' dir='ltr'>Verissime</span> 
     </span>
     <span class='ocr_line' id='line_1_43' title="bbox 179 2631 1614 2674; baseline 0 -10"><span class='ocrx_word' id='word_1_383' title='bbox 179 2632 301 2664; x_wconf 58' lang='lat' dir='ltr'>Poetae</span> <span class='ocrx_word' id='word_1_384' title='bbox 317 2632 427 2663; x_wconf 82' lang='lat' dir='ltr'>aliter.</span> <span class='ocrx_word' id='word_1_385' title='bbox 935 2639 1030 2674; x_wconf 70' lang='lat' dir='ltr'>dicit,</span> <span class='ocrx_word' id='word_1_386' title='bbox 1045 2635 1144 2664; x_wconf 86' lang='lat' dir='ltr'>modo</span> <span class='ocrx_word' id='word_1_387' title='bbox 1162 2643 1202 2663; x_wconf 84' lang='lat' dir='ltr'>ne</span> <span class='ocrx_word' id='word_1_388' title='bbox 1220 2632 1321 2662; x_wconf 88' lang='lat' dir='ltr'>nimio</span> <span class='ocrx_word' id='word_1_389' title='bbox 1338 2631 1406 2662; x_wconf 81' lang='lat' dir='ltr'>otio</span> <span class='ocrx_word' id='word_1_390' title='bbox 1423 2631 1614 2673; x_wconf 77' lang='lat' dir='ltr'>indulgeas.</span> 
     </span>
    </p>

    <p class='ocr_par' dir='ltr' id='par_1_8' title="bbox 225 2680 1634 2730">
     <span class='ocr_line' id='line_1_44' title="bbox 225 2680 1634 2730; baseline 0.001 -16"><span class='ocrx_word' id='word_1_391' title='bbox 225 2686 264 2714; x_wconf 82' lang='lat'>13</span> <span class='ocrx_word' id='word_1_392' title='bbox 289 2682 419 2722; x_wconf 79' lang='lat' dir='ltr'>Navali]</span> <span class='ocrx_word' id='word_1_393' title='bbox 442 2683 575 2715; x_wconf 80' lang='lat' dir='ltr'>Novale</span> <span class='ocrx_word' id='word_1_394' title='bbox 601 2689 692 2719; x_wconf 84' lang='lat' dir='ltr'>terra</span> <span class='ocrx_word' id='word_1_395' title='bbox 717 2694 771 2720; x_wconf 82' lang='lat' dir='ltr'>est</span> <span class='ocrx_word' id='word_1_396' title='bbox 802 2699 878 2730; x_wconf 84' lang='lat' dir='ltr'>pro·</span> <span class='ocrx_word' id='word_1_397' title='bbox 977 2688 1017 2716; x_wconf 80' lang='lat'>23</span> <span class='ocrx_word' id='word_1_398' title='bbox 1036 2683 1125 2722; x_wconf 83' lang='lat' dir='ltr'>Has]</span> <span class='ocrx_word' id='word_1_399' title='bbox 1139 2681 1315 2722; x_wconf 87' lang='lat' dir='ltr'>Ponticas,</span> <span class='ocrx_word' id='word_1_400' title='bbox 1327 2680 1400 2713; x_wconf 82' lang='lat' dir='ltr'>scil.</span> <span class='ocrx_word' id='word_1_401' title='bbox 1415 2691 1490 2714; x_wconf 89' lang='lat' dir='ltr'>cum</span> <span class='ocrx_word' id='word_1_402' title='bbox 1507 2681 1541 2716; x_wconf 90' lang='lat' dir='ltr'>in</span> <span class='ocrx_word' id='word_1_403' title='bbox 1558 2682 1634 2716; x_wconf 89' lang='lat' dir='ltr'>Col·</span> 
     </span>
    </p>
   </div>
   <div class='ocr_carea' id='block_1_7' title="bbox 182 2733 1216 2776">
    <p class='ocr_par' dir='ltr' id='par_1_9' title="bbox 182 2733 1216 2776">
     <span class='ocr_line' id='line_1_45' title="bbox 182 2733 1216 2776; baseline -0.002 -10"><span class='ocrx_word' id='word_1_404' title='bbox 182 2734 288 2767; x_wconf 81' lang='lat' dir='ltr'>scissa</span> <span class='ocrx_word' id='word_1_405' title='bbox 304 2743 378 2776; x_wconf 88' lang='lat' dir='ltr'>quae</span> <span class='ocrx_word' id='word_1_406' title='bbox 392 2743 480 2765; x_wconf 80' lang='lat' dir='ltr'>anno</span> <span class='ocrx_word' id='word_1_407' title='bbox 496 2738 621 2775; x_wconf 80' lang='lat' dir='ltr'>cessat,</span> <span class='ocrx_word' id='word_1_408' title='bbox 643 2736 714 2769; x_wconf 85' lang='lat' dir='ltr'>siue</span> <span class='ocrx_word' id='word_1_409' title='bbox 730 2741 876 2771; x_wconf 81' lang='lat' dir='ltr'>semine:</span> <span class='ocrx_word' id='word_1_410' title='bbox 935 2736 1014 2768; x_wconf 84' lang='lat' dir='ltr'>chos</span> <span class='ocrx_word' id='word_1_411' title='bbox 1031 2733 1216 2775; x_wconf 84' lang='lat' dir='ltr'>navigavit.</span> 
     </span>
    </p>
   </div>
  </div>
 </body>
</html>
