<?xml version="1.0" encoding="UTF-8"?>
<!DOCTYPE html PUBLIC "-//W3C//DTD XHTML 1.0 Transitional//EN"
    "http://www.w3.org/TR/xhtml1/DTD/xhtml1-transitional.dtd">
<html xmlns="http://www.w3.org/1999/xhtml" xml:lang="en" lang="en">
 <head>
  <title>
</title>
<meta http-equiv="Content-Type" content="text/html;charset=utf-8" />
  <meta name='ocr-system' content='tesseract 3.04.00' />
  <meta name='ocr-capabilities' content='ocr_page ocr_carea ocr_par ocr_line ocrx_word'/>
</head>
<body>
  <div class='ocr_page' id='page_1' title='image "./operaomniaexedit05oviduoft/operaomniaexedit05oviduoft_0089.png"; bbox 0 0 1863 3193; ppageno 0'>
   <div class='ocr_carea' id='block_1_1' title="bbox 659 202 1609 245">
    <p class='ocr_par' dir='ltr' id='par_1_1' title="bbox 659 202 1609 245">
     <span class='ocr_line' id='line_1_1' title="bbox 659 202 1609 245; baseline 0.005 -6"><span class='ocrx_word' id='word_1_1' title='bbox 659 210 900 241; x_wconf 72' lang='lat' dir='ltr'>Tssls&#39;rmM</span> <span class='ocrx_word' id='word_1_2' title='bbox 934 211 1030 242; x_wconf 73' lang='lat' dir='ltr'>mn.</span> <span class='ocrx_word' id='word_1_3' title='bbox 1063 211 1115 242; x_wconf 91' lang='lat'>11.</span> <span class='ocrx_word' id='word_1_4' title='bbox 1495 202 1609 245; x_wconf 80' lang='lat'>2309</span> 
     </span>
    </p>
   </div>
   <div class='ocr_carea' id='block_1_2' title="bbox 161 304 1612 965">
    <p class='ocr_par' dir='ltr' id='par_1_2' title="bbox 161 304 1612 965">
     <span class='ocr_line' id='line_1_2' title="bbox 165 304 1209 360; baseline -0.002 -11"><span class='ocrx_word' id='word_1_5' title='bbox 165 307 270 349; x_wconf 90' lang='lat' dir='ltr'>Non</span> <span class='ocrx_word' id='word_1_6' title='bbox 289 307 419 360; x_wconf 83' lang='lat' dir='ltr'>igitur</span> <span class='ocrx_word' id='word_1_7' title='bbox 436 304 596 346; x_wconf 84' lang='lat' dir='ltr'>nostris</span> <span class='ocrx_word' id='word_1_8' title='bbox 615 305 754 346; x_wconf 90' lang='lat' dir='ltr'>ullum</span> <span class='ocrx_word' id='word_1_9' title='bbox 775 307 968 360; x_wconf 82' lang='lat' dir='ltr'>gaudere</span> <span class='ocrx_word' id='word_1_10' title='bbox 989 306 1209 357; x_wconf 82' lang='lat' dir='ltr'><strong>Quiritem</strong></span> 
     </span>
     <span class='ocr_line' id='line_1_3' title="bbox 220 373 1608 427; baseline 0.001 -12"><span class='ocrx_word' id='word_1_11' title='bbox 220 374 435 427; x_wconf 85' lang='lat' dir='ltr'>Auguror,</span> <span class='ocrx_word' id='word_1_12' title='bbox 457 377 503 413; x_wconf 86' lang='lat' dir='ltr'>at</span> <span class='ocrx_word' id='word_1_13' title='bbox 516 373 679 412; x_wconf 87' lang='lat' dir='ltr'>multos</span> <span class='ocrx_word' id='word_1_14' title='bbox 699 374 954 424; x_wconf 81' lang='lat' dir='ltr'>indoluisse,</span> <span class='ocrx_word' id='word_1_15' title='bbox 977 375 1120 415; x_wconf 81' lang='lat' dir='ltr'>malis.</span> <span class='ocrx_word' id='word_1_16' title='bbox 1524 375 1608 416; x_wconf 82' lang='lat'>570</span> 
     </span>
     <span class='ocr_line' id='line_1_4' title="bbox 163 438 1432 494; baseline 0 -13"><span class='ocrx_word' id='word_1_17' title='bbox 163 440 264 481; x_wconf 89' lang='lat' dir='ltr'>Nec</span> <span class='ocrx_word' id='word_1_18' title='bbox 286 440 388 480; x_wconf 87' lang='lat' dir='ltr'>mihi</span> <span class='ocrx_word' id='word_1_19' title='bbox 410 438 614 479; x_wconf 81' lang='lat' dir='ltr'>credibile</span> <span class='ocrx_word' id='word_1_20' title='bbox 635 441 702 479; x_wconf 83' lang='lat' dir='ltr'>est</span> <span class='ocrx_word' id='word_1_21' title='bbox 723 453 973 493; x_wconf 83' lang='lat' dir='ltr'>quenquam</span> <span class='ocrx_word' id='word_1_22' title='bbox 993 441 1229 481; x_wconf 81' lang='lat' dir='ltr'>insultasse</span> <span class='ocrx_word' id='word_1_23' title='bbox 1243 440 1432 494; x_wconf 81' lang='lat' dir='ltr'>jacenti3</span> 
     </span>
     <span class='ocr_line' id='line_1_5' title="bbox 220 506 1127 560; baseline 0.001 -12"><span class='ocrx_word' id='word_1_24' title='bbox 220 507 377 548; x_wconf 82' lang='lat' dir='ltr'>Gratia</span> <span class='ocrx_word' id='word_1_25' title='bbox 399 506 578 546; x_wconf 84' lang='lat' dir='ltr'>candori</span> <span class='ocrx_word' id='word_1_26' title='bbox 600 508 637 546; x_wconf 91' lang='lat' dir='ltr'>si</span> <span class='ocrx_word' id='word_1_27' title='bbox 659 520 746 560; x_wconf 85' lang='lat' dir='ltr'>qua</span> <span class='ocrx_word' id='word_1_28' title='bbox 766 509 906 549; x_wconf 82' lang='lat' dir='ltr'>relata</span> <span class='ocrx_word' id='word_1_29' title='bbox 928 519 1024 548; x_wconf 89' lang='lat' dir='ltr'>meo</span> <span class='ocrx_word' id='word_1_30' title='bbox 1045 511 1127 549; x_wconf 85' lang='lat' dir='ltr'>est.</span> 
     </span>
     <span class='ocr_line' id='line_1_6' title="bbox 163 574 1333 627; baseline 0 -12"><span class='ocrx_word' id='word_1_31' title='bbox 163 574 252 615; x_wconf 91' lang='lat' dir='ltr'>His</span> <span class='ocrx_word' id='word_1_32' title='bbox 272 587 426 627; x_wconf 86' lang='lat' dir='ltr'>precor</span> <span class='ocrx_word' id='word_1_33' title='bbox 447 578 576 627; x_wconf 82' lang='lat' dir='ltr'>atque</span> <span class='ocrx_word' id='word_1_34' title='bbox 596 575 696 614; x_wconf 89' lang='lat' dir='ltr'>aliis</span> <span class='ocrx_word' id='word_1_35' title='bbox 716 577 896 627; x_wconf 81' lang='lat' dir='ltr'>possint</span> <span class='ocrx_word' id='word_1_36' title='bbox 914 579 988 616; x_wconf 82' lang='lat' dir='ltr'>tua</span> <span class='ocrx_word' id='word_1_37' title='bbox 1007 576 1184 616; x_wconf 88' lang='lat' dir='ltr'>numina</span> <span class='ocrx_word' id='word_1_38' title='bbox 1202 575 1333 625; x_wconf 85' lang='lat' dir='ltr'>flecti,</span> 
     </span>
     <span class='ocr_line' id='line_1_7' title="bbox 219 640 1139 696; baseline 0.003 -15"><span class='ocrx_word' id='word_1_39' title='bbox 219 640 257 681; x_wconf 94' lang='grc' dir='ltr'>Ο</span> <span class='ocrx_word' id='word_1_40' title='bbox 276 640 425 692; x_wconf 85' lang='lat' dir='ltr'>Pater,</span> <span class='ocrx_word' id='word_1_41' title='bbox 446 655 472 682; x_wconf 95' lang='lat' dir='ltr'>o</span> <span class='ocrx_word' id='word_1_42' title='bbox 495 642 658 683; x_wconf 77' lang='lat' dir='ltr'>Patriae</span> <span class='ocrx_word' id='word_1_43' title='bbox 681 655 787 683; x_wconf 85' lang='lat' dir='ltr'>cura</span> <span class='ocrx_word' id='word_1_44' title='bbox 807 644 1018 696; x_wconf 85' lang='lat' dir='ltr'>salusque</span> <span class='ocrx_word' id='word_1_45' title='bbox 1036 646 1139 684; x_wconf 83' lang='lat' dir='ltr'>tuae.</span> 
     </span>
     <span class='ocr_line' id='line_1_8' title="bbox 163 708 1612 760; baseline 0.002 -11"><span class='ocrx_word' id='word_1_46' title='bbox 163 708 267 750; x_wconf 87' lang='lat' dir='ltr'>Non</span> <span class='ocrx_word' id='word_1_47' title='bbox 286 715 335 751; x_wconf 84' lang='lat' dir='ltr'>ut</span> <span class='ocrx_word' id='word_1_48' title='bbox 355 710 397 750; x_wconf 93' lang='lat' dir='ltr'>in</span> <span class='ocrx_word' id='word_1_49' title='bbox 414 708 658 750; x_wconf 82' lang='lat' dir='ltr'>Ausoniam</span> <span class='ocrx_word' id='word_1_50' title='bbox 677 710 863 760; x_wconf 84' lang='lat' dir='ltr'>redeam,</span> <span class='ocrx_word' id='word_1_51' title='bbox 884 711 969 751; x_wconf 91' lang='lat' dir='ltr'>nisi</span> <span class='ocrx_word' id='word_1_52' title='bbox 989 711 1172 751; x_wconf 83' lang='lat' dir='ltr'>forsitan</span> <span class='ocrx_word' id='word_1_53' title='bbox 1191 709 1311 759; x_wconf 89' lang='lat' dir='ltr'>olim,</span> <span class='ocrx_word' id='word_1_54' title='bbox 1528 711 1612 752; x_wconf 85' lang='lat'>575</span> 
     </span>
     <span class='ocr_line' id='line_1_9' title="bbox 219 774 1149 831; baseline 0.003 -15"><span class='ocrx_word' id='word_1_55' title='bbox 219 774 331 816; x_wconf 89' lang='lat' dir='ltr'>Cum</span> <span class='ocrx_word' id='word_1_56' title='bbox 351 777 479 830; x_wconf 81' lang='lat' dir='ltr'>longo</span> <span class='ocrx_word' id='word_1_57' title='bbox 500 791 647 831; x_wconf 69' lang='lat' dir='ltr'>poenae</span> <span class='ocrx_word' id='word_1_58' title='bbox 668 783 864 831; x_wconf 82' lang='lat' dir='ltr'>tempore</span> <span class='ocrx_word' id='word_1_59' title='bbox 881 779 1027 818; x_wconf 82' lang='lat' dir='ltr'>victus</span> <span class='ocrx_word' id='word_1_60' title='bbox 1050 779 1149 819; x_wconf 82' lang='lat' dir='ltr'>eris.</span> 
     </span>
     <span class='ocr_line' id='line_1_10' title="bbox 161 842 1126 899; baseline 0.003 -16"><span class='ocrx_word' id='word_1_61' title='bbox 161 842 319 884; x_wconf 85' lang='lat' dir='ltr'>Tutius</span> <span class='ocrx_word' id='word_1_62' title='bbox 340 845 535 895; x_wconf 84' lang='lat' dir='ltr'>exilium,</span> <span class='ocrx_word' id='word_1_63' title='bbox 553 846 775 899; x_wconf 87' lang='lat' dir='ltr'>pauloque</span> <span class='ocrx_word' id='word_1_64' title='bbox 797 845 1006 898; x_wconf 87' lang='lat' dir='ltr'>quietius,</span> <span class='ocrx_word' id='word_1_65' title='bbox 1030 859 1126 886; x_wconf 90' lang='lat' dir='ltr'>oro:</span> 
     </span>
     <span class='ocr_line' id='line_1_11' title="bbox 220 909 1021 965; baseline 0.001 -14"><span class='ocrx_word' id='word_1_66' title='bbox 220 909 282 952; x_wconf 83' lang='lat' dir='ltr'>Ut</span> <span class='ocrx_word' id='word_1_67' title='bbox 300 924 380 965; x_wconf 83' lang='lat' dir='ltr'>par</span> <span class='ocrx_word' id='word_1_68' title='bbox 400 912 559 953; x_wconf 88' lang='lat' dir='ltr'>delicto</span> <span class='ocrx_word' id='word_1_69' title='bbox 580 913 636 952; x_wconf 86' lang='lat' dir='ltr'>sit</span> <span class='ocrx_word' id='word_1_70' title='bbox 656 925 751 952; x_wconf 82' lang='lat' dir='ltr'>mea</span> <span class='ocrx_word' id='word_1_71' title='bbox 771 925 906 963; x_wconf 83' lang='lat' dir='ltr'>poena</span> <span class='ocrx_word' id='word_1_72' title='bbox 927 925 1021 952; x_wconf 90' lang='lat' dir='ltr'>suo.</span> 
     </span>
    </p>
   </div>
   <div class='ocr_carea' id='block_1_3' title="bbox 155 1025 1613 1278">
    <p class='ocr_par' dir='ltr' id='par_1_3' title="bbox 155 1025 1613 1278">
     <span class='ocr_line' id='line_1_12' title="bbox 161 1025 1613 1067; baseline 0.001 -12"><span class='ocrx_word' id='word_1_73' title='bbox 161 1028 207 1056; x_wconf 73' lang='lat' dir='ltr'>tot</span> <span class='ocrx_word' id='word_1_74' title='bbox 223 1026 322 1057; x_wconf 85' lang='lat' dir='ltr'>millia</span> <span class='ocrx_word' id='word_1_75' title='bbox 334 1027 448 1067; x_wconf 82' lang='lat' dir='ltr'>populi.</span> <span class='ocrx_word' id='word_1_76' title='bbox 493 1028 637 1067; x_wconf 78' lang='lat' dir='ltr'>Adeoque</span> <span class='ocrx_word' id='word_1_77' title='bbox 651 1037 710 1057; x_wconf 84' lang='lat' dir='ltr'>non</span> <span class='ocrx_word' id='word_1_78' title='bbox 726 1028 814 1058; x_wconf 84' lang='lat' dir='ltr'>credo</span> <span class='ocrx_word' id='word_1_79' title='bbox 829 1027 926 1058; x_wconf 81' lang='lat' dir='ltr'>ullum</span> <span class='ocrx_word' id='word_1_80' title='bbox 949 1027 1121 1057; x_wconf 83' lang='lat' dir='ltr'>Romanum</span> <span class='ocrx_word' id='word_1_81' title='bbox 1135 1026 1237 1056; x_wconf 79' lang='lat' dir='ltr'>loeturi</span> <span class='ocrx_word' id='word_1_82' title='bbox 1253 1025 1368 1057; x_wconf 81' lang='lat' dir='ltr'>nostris</span> <span class='ocrx_word' id='word_1_83' title='bbox 1381 1026 1539 1063; x_wconf 65' lang='lat' dir='ltr'>aerumnis,</span> <span class='ocrx_word' id='word_1_84' title='bbox 1561 1027 1613 1056; x_wconf 85' lang='lat' dir='ltr'>sed</span> 
     </span>
     <span class='ocr_line' id='line_1_13' title="bbox 158 1068 1612 1110; baseline 0 -12"><span class='ocrx_word' id='word_1_85' title='bbox 158 1068 307 1107; x_wconf 82' lang='lat' dir='ltr'>plurimos</span> <span class='ocrx_word' id='word_1_86' title='bbox 320 1079 405 1108; x_wconf 77' lang='lat' dir='ltr'>aegre</span> <span class='ocrx_word' id='word_1_87' title='bbox 418 1069 534 1101; x_wconf 78' lang='lat' dir='ltr'>tulisse.</span> <span class='ocrx_word' id='word_1_88' title='bbox 580 1070 687 1110; x_wconf 81' lang='lat' dir='ltr'>Neque</span> <span class='ocrx_word' id='word_1_89' title='bbox 702 1070 778 1100; x_wconf 75' lang='lat' dir='ltr'>mihi</span> <span class='ocrx_word' id='word_1_90' title='bbox 793 1069 939 1100; x_wconf 80' lang='lat' dir='ltr'>credibile</span> <span class='ocrx_word' id='word_1_91' title='bbox 955 1072 998 1100; x_wconf 85' lang='lat' dir='ltr'>est</span> <span class='ocrx_word' id='word_1_92' title='bbox 1022 1070 1117 1100; x_wconf 83' lang='lat' dir='ltr'>ullum</span> <span class='ocrx_word' id='word_1_93' title='bbox 1132 1069 1295 1099; x_wconf 75' lang='lat' dir='ltr'>insultasse</span> <span class='ocrx_word' id='word_1_94' title='bbox 1310 1069 1390 1099; x_wconf 81' lang='lat' dir='ltr'>mihi</span> <span class='ocrx_word' id='word_1_95' title='bbox 1402 1069 1538 1108; x_wconf 81' lang='lat' dir='ltr'>protrito</span> <span class='ocrx_word' id='word_1_96' title='bbox 1550 1079 1561 1105; x_wconf 89' lang='lat'>,·</span> <span class='ocrx_word' id='word_1_97' title='bbox 1584 1069 1612 1098; x_wconf 80' lang='lat' dir='ltr'>si</span> 
     </span>
     <span class='ocr_line' id='line_1_14' title="bbox 162 1111 1613 1150; baseline 0 -10"><span class='ocrx_word' id='word_1_98' title='bbox 162 1120 221 1149; x_wconf 81' lang='lat' dir='ltr'>qua</span> <span class='ocrx_word' id='word_1_99' title='bbox 234 1112 342 1149; x_wconf 78' lang='lat' dir='ltr'>gratia</span> <span class='ocrx_word' id='word_1_100' title='bbox 367 1115 412 1142; x_wconf 78' lang='lat' dir='ltr'>est</span> <span class='ocrx_word' id='word_1_101' title='bbox 435 1113 533 1142; x_wconf 84' lang='lat' dir='ltr'>relata</span> <span class='ocrx_word' id='word_1_102' title='bbox 556 1122 630 1142; x_wconf 65' lang='lat' dir='ltr'>mete</span> <span class='ocrx_word' id='word_1_103' title='bbox 651 1113 844 1144; x_wconf 81' lang='lat' dir='ltr'>innocentiae.</span> <span class='ocrx_word' id='word_1_104' title='bbox 892 1113 968 1150; x_wconf 84' lang='lat' dir='ltr'>Oro,</span> <span class='ocrx_word' id='word_1_105' title='bbox 991 1115 1027 1142; x_wconf 76' lang='lat' dir='ltr'>ut</span> <span class='ocrx_word' id='word_1_106' title='bbox 1051 1114 1104 1142; x_wconf 78' lang='lat' dir='ltr'>tua</span> <span class='ocrx_word' id='word_1_107' title='bbox 1131 1112 1283 1149; x_wconf 72' lang='lat' dir='ltr'>MaJescas</span> <span class='ocrx_word' id='word_1_108' title='bbox 1301 1111 1397 1150; x_wconf 81' lang='lat' dir='ltr'>possit</span> <span class='ocrx_word' id='word_1_109' title='bbox 1422 1111 1538 1141; x_wconf 74' lang='lat' dir='ltr'>moi-eri</span> <span class='ocrx_word' id='word_1_110' title='bbox 1563 1111 1613 1141; x_wconf 85' lang='lat' dir='ltr'>his</span> 
     </span>
     <span class='ocr_line' id='line_1_15' title="bbox 161 1153 1613 1193; baseline 0 -11"><span class='ocrx_word' id='word_1_111' title='bbox 161 1156 251 1192; x_wconf 80' lang='lat' dir='ltr'>atque</span> <span class='ocrx_word' id='word_1_112' title='bbox 267 1153 349 1193; x_wconf 78' lang='lat' dir='ltr'>aliis,</span> <span class='ocrx_word' id='word_1_113' title='bbox 365 1164 380 1184; x_wconf 90' lang='lat' dir='ltr'>o</span> <span class='ocrx_word' id='word_1_114' title='bbox 398 1154 509 1193; x_wconf 81' lang='lat' dir='ltr'>Pater,</span> <span class='ocrx_word' id='word_1_115' title='bbox 532 1165 548 1184; x_wconf 92' lang='lat' dir='ltr'>o</span> <span class='ocrx_word' id='word_1_116' title='bbox 563 1165 636 1184; x_wconf 83' lang='lat' dir='ltr'>cura</span> <span class='ocrx_word' id='word_1_117' title='bbox 649 1158 678 1185; x_wconf 81' lang='lat' dir='ltr'>et</span> <span class='ocrx_word' id='word_1_118' title='bbox 693 1156 774 1184; x_wconf 82' lang='lat' dir='ltr'>salus</span> <span class='ocrx_word' id='word_1_119' title='bbox 790 1154 914 1183; x_wconf 75' lang='lat' dir='ltr'>Putria&gt;</span> <span class='ocrx_word' id='word_1_120' title='bbox 929 1157 1002 1184; x_wconf 63' lang='grc' dir='ltr'><em>ἐπα).</em></span> <span class='ocrx_word' id='word_1_121' title='bbox 1048 1153 1120 1183; x_wconf 87' lang='lat' dir='ltr'>Non</span> <span class='ocrx_word' id='word_1_122' title='bbox 1136 1157 1171 1183; x_wconf 87' lang='lat' dir='ltr'>ut</span> <span class='ocrx_word' id='word_1_123' title='bbox 1186 1155 1326 1183; x_wconf 81' lang='lat' dir='ltr'>revertar</span> <span class='ocrx_word' id='word_1_124' title='bbox 1338 1154 1372 1183; x_wconf 84' lang='lat' dir='ltr'>in</span> <span class='ocrx_word' id='word_1_125' title='bbox 1388 1153 1527 1190; x_wconf 76' lang='lat' dir='ltr'>Italiam,</span> <span class='ocrx_word' id='word_1_126' title='bbox 1551 1154 1613 1183; x_wconf 78' lang='lat' dir='ltr'>nisi</span> 
     </span>
     <span class='ocr_line' id='line_1_16' title="bbox 155 1194 1613 1236; baseline -0.001 -10"><span class='ocrx_word' id='word_1_127' title='bbox 155 1194 294 1232; x_wconf 77' lang='lat' dir='ltr'>forsitan</span> <span class='ocrx_word' id='word_1_128' title='bbox 319 1196 403 1233; x_wconf 84' lang='lat' dir='ltr'>olim,</span> <span class='ocrx_word' id='word_1_129' title='bbox 419 1207 485 1227; x_wconf 82' lang='lat' dir='ltr'>cum</span> <span class='ocrx_word' id='word_1_130' title='bbox 491 1197 599 1236; x_wconf 77' lang='lat' dir='ltr'>flexus</span> <span class='ocrx_word' id='word_1_131' title='bbox 613 1197 673 1226; x_wconf 84' lang='lat' dir='ltr'>eris</span> <span class='ocrx_word' id='word_1_132' title='bbox 695 1197 784 1234; x_wconf 85' lang='lat' dir='ltr'>longo</span> <span class='ocrx_word' id='word_1_133' title='bbox 799 1199 933 1234; x_wconf 81' lang='lat' dir='ltr'>tempore</span> <span class='ocrx_word' id='word_1_134' title='bbox 944 1194 1097 1234; x_wconf 81' lang='lat' dir='ltr'>supplicii.</span> <span class='ocrx_word' id='word_1_135' title='bbox 1143 1195 1261 1226; x_wconf 81' lang='lat' dir='ltr'>Precor</span> <span class='ocrx_word' id='word_1_136' title='bbox 1276 1194 1405 1226; x_wconf 77' lang='lat' dir='ltr'>exilium</span> <span class='ocrx_word' id='word_1_137' title='bbox 1418 1195 1566 1235; x_wconf 79' lang='lat' dir='ltr'>securius,</span> <span class='ocrx_word' id='word_1_138' title='bbox 1583 1198 1613 1226; x_wconf 79' lang='lat' dir='ltr'>et</span> 
     </span>
     <span class='ocr_line' id='line_1_17' title="bbox 157 1237 1054 1278; baseline 0 -10"><span class='ocrx_word' id='word_1_139' title='bbox 157 1238 249 1277; x_wconf 80' lang='lat' dir='ltr'>paulo</span> <span class='ocrx_word' id='word_1_140' title='bbox 263 1239 408 1278; x_wconf 81' lang='lat' dir='ltr'>quietius,</span> <span class='ocrx_word' id='word_1_141' title='bbox 423 1242 458 1269; x_wconf 84' lang='lat' dir='ltr'>ut</span> <span class='ocrx_word' id='word_1_142' title='bbox 466 1249 557 1278; x_wconf 79' lang='lat' dir='ltr'>poena</span> <span class='ocrx_word' id='word_1_143' title='bbox 573 1248 639 1269; x_wconf 81' lang='lat' dir='ltr'>mea</span> <span class='ocrx_word' id='word_1_144' title='bbox 652 1238 694 1269; x_wconf 83' lang='lat' dir='ltr'>sit</span> <span class='ocrx_word' id='word_1_145' title='bbox 709 1237 837 1278; x_wconf 74' lang='lat' dir='ltr'>&lt;equalis</span> <span class='ocrx_word' id='word_1_146' title='bbox 850 1246 903 1267; x_wconf 85' lang='lat' dir='ltr'>suo</span> <span class='ocrx_word' id='word_1_147' title='bbox 919 1237 1054 1269; x_wconf 79' lang='lat' dir='ltr'>crimini.</span> 
     </span>
    </p>
   </div>
   <div class='ocr_carea' id='block_1_4' title="bbox 769 1327 1003 1339">
    <p class='ocr_par' dir='ltr' id='par_1_4' title="bbox 769 1327 1003 1339">
     <span class='ocr_line' id='line_1_18' title="bbox 769 1327 1003 1339; baseline -0.004 0"><span class='ocrx_word' id='word_1_148' title='bbox 769 1327 1003 1339; x_wconf 51' lang='lat' dir='ltr'>metume-</span> 
     </span>
    </p>
   </div>
   <div class='ocr_carea' id='block_1_5' title="bbox 158 1381 1615 1932">
    <p class='ocr_par' dir='ltr' id='par_1_5' title="bbox 158 1381 1615 1932">
     <span class='ocr_line' id='line_1_19' title="bbox 158 1381 1613 1423; baseline -0.001 -11"><span class='ocrx_word' id='word_1_149' title='bbox 158 1381 193 1412; x_wconf 91' lang='lat' dir='ltr'>id</span> <span class='ocrx_word' id='word_1_150' title='bbox 210 1385 273 1421; x_wconf 87' lang='lat' dir='ltr'>est,</span> <span class='ocrx_word' id='word_1_151' title='bbox 296 1381 494 1421; x_wconf 64' lang='lat' dir='ltr'>Poetarum,</span> <span class='ocrx_word' id='word_1_152' title='bbox 520 1392 585 1422; x_wconf 88' lang='lat' dir='ltr'>ego</span> <span class='ocrx_word' id='word_1_153' title='bbox 612 1391 696 1414; x_wconf 86' lang='lat' dir='ltr'>unus</span> <span class='ocrx_word' id='word_1_154' title='bbox 726 1392 811 1419; x_wconf 84' lang='lat' dir='ltr'>sum,</span> <span class='ocrx_word' id='word_1_155' title='bbox 841 1391 938 1423; x_wconf 89' lang='lat' dir='ltr'>quem</span> <span class='ocrx_word' id='word_1_156' title='bbox 955 1391 1031 1413; x_wconf 85' lang='lat' dir='ltr'>mea</span> <span class='ocrx_word' id='word_1_157' title='bbox 1054 1381 1142 1412; x_wconf 80' lang='lat' dir='ltr'>laesit</span> <span class='ocrx_word' id='word_1_158' title='bbox 1158 1391 1274 1412; x_wconf 88' lang='lat' dir='ltr'>musa:</span> <span class='ocrx_word' id='word_1_159' title='bbox 1303 1381 1392 1412; x_wconf 80' lang='lat' dir='ltr'>Inter</span> <span class='ocrx_word' id='word_1_160' title='bbox 1417 1384 1463 1412; x_wconf 77' lang='lat' dir='ltr'>tot</span> <span class='ocrx_word' id='word_1_161' title='bbox 1487 1382 1613 1421; x_wconf 76' lang='lat' dir='ltr'>populos</span> 
     </span>
     <span class='ocr_line' id='line_1_20' title="bbox 160 1423 1614 1465; baseline -0.001 -10"><span class='ocrx_word' id='word_1_162' title='bbox 160 1425 335 1456; x_wconf 81' lang='lat' dir='ltr'>Bersman.</span> <span class='ocrx_word' id='word_1_163' title='bbox 351 1429 385 1456; x_wconf 88' lang='lat' dir='ltr'>et</span> <span class='ocrx_word' id='word_1_164' title='bbox 402 1426 568 1457; x_wconf 84' lang='lat' dir='ltr'>Bernens.</span> <span class='ocrx_word' id='word_1_165' title='bbox 585 1424 685 1465; x_wconf 82' lang='lat' dir='ltr'>forte,</span> <span class='ocrx_word' id='word_1_166' title='bbox 700 1425 796 1456; x_wconf 80' lang='lat' dir='ltr'>studii</span> <span class='ocrx_word' id='word_1_167' title='bbox 811 1428 857 1455; x_wconf 85' lang='lat' dir='ltr'>tot</span> <span class='ocrx_word' id='word_1_168' title='bbox 872 1425 969 1456; x_wconf 83' lang='lat' dir='ltr'>millia</span> <span class='ocrx_word' id='word_1_169' title='bbox 984 1424 1095 1463; x_wconf 78' lang='lat' dir='ltr'>nostri,</span> <span class='ocrx_word' id='word_1_170' title='bbox 1120 1424 1153 1455; x_wconf 87' lang='lat' dir='ltr'>id</span> <span class='ocrx_word' id='word_1_171' title='bbox 1170 1429 1235 1463; x_wconf 87' lang='lat' dir='ltr'>est,</span> <span class='ocrx_word' id='word_1_172' title='bbox 1261 1424 1397 1455; x_wconf 78' lang='lat' dir='ltr'>Poetici</span> <span class='ocrx_word' id='word_1_173' title='bbox 1410 1423 1514 1455; x_wconf 72' lang='lat' dir='ltr'>studii</span> <span class='ocrx_word' id='word_1_174' title='bbox 1535 1433 1614 1454; x_wconf 81' lang='lat' dir='ltr'>con·</span> 
     </span>
     <span class='ocr_line' id='line_1_21' title="bbox 159 1466 1613 1507; baseline 0 -10"><span class='ocrx_word' id='word_1_175' title='bbox 159 1470 287 1498; x_wconf 87' lang='lat' dir='ltr'>sortes:</span> <span class='ocrx_word' id='word_1_176' title='bbox 314 1473 352 1498; x_wconf 89' lang='lat' dir='ltr'>ut</span> <span class='ocrx_word' id='word_1_177' title='bbox 366 1468 416 1498; x_wconf 81' lang='lat' dir='ltr'>ita</span> <span class='ocrx_word' id='word_1_178' title='bbox 429 1468 531 1498; x_wconf 84' lang='lat' dir='ltr'>Trist.</span> <span class='ocrx_word' id='word_1_179' title='bbox 546 1477 579 1499; x_wconf 92' lang='lat' dir='ltr'>v.</span> <span class='ocrx_word' id='word_1_180' title='bbox 596 1471 627 1499; x_wconf 83' lang='lat'>3.</span> <span class='ocrx_word' id='word_1_181' title='bbox 644 1471 697 1499; x_wconf 77' lang='grc'>47.</span> <span class='ocrx_word' id='word_1_182' title='bbox 715 1470 724 1484; x_wconf 67' lang='lat'><strong>⁶</strong></span> <span class='ocrx_word' id='word_1_183' title='bbox 739 1472 915 1499; x_wconf 85' lang='lat' dir='ltr'>consortes</span> <span class='ocrx_word' id='word_1_184' title='bbox 932 1467 1033 1498; x_wconf 79' lang='lat' dir='ltr'>studii</span> <span class='ocrx_word' id='word_1_185' title='bbox 1047 1468 1104 1507; x_wconf 83' lang='lat' dir='ltr'>pia</span> <span class='ocrx_word' id='word_1_186' title='bbox 1118 1467 1219 1497; x_wconf 85' lang='lat' dir='ltr'>turba</span> <span class='ocrx_word' id='word_1_187' title='bbox 1236 1467 1355 1498; x_wconf 72' lang='lat' dir='ltr'>Poetae</span> <span class='ocrx_word' id='word_1_188' title='bbox 1370 1466 1390 1498; x_wconf 87' lang='lat'>:&#39;</span> <span class='ocrx_word' id='word_1_189' title='bbox 1415 1471 1450 1498; x_wconf 86' lang='lat' dir='ltr'>et</span> <span class='ocrx_word' id='word_1_190' title='bbox 1475 1467 1484 1483; x_wconf 92' lang='lat'>‘</span> <span class='ocrx_word' id='word_1_191' title='bbox 1505 1467 1556 1497; x_wconf 88' lang='lat' dir='ltr'>Ex</span> <span class='ocrx_word' id='word_1_192' title='bbox 1572 1466 1613 1497; x_wconf 89' lang='lat' dir='ltr'>P.</span> 
     </span>
     <span class='ocr_line' id='line_1_22' title="bbox 159 1508 1614 1550; baseline -0.001 -10"><span class='ocrx_word' id='word_1_193' title='bbox 159 1508 262 1540; x_wconf 84' lang='lat' dir='ltr'>studii</span> <span class='ocrx_word' id='word_1_194' title='bbox 277 1511 469 1541; x_wconf 83' lang='lat' dir='ltr'>communia</span> <span class='ocrx_word' id='word_1_195' title='bbox 486 1509 615 1541; x_wconf 84' lang='lat' dir='ltr'>foedera</span> <span class='ocrx_word' id='word_1_196' title='bbox 632 1510 728 1542; x_wconf 85' lang='lat' dir='ltr'>sacri’</span> <span class='ocrx_word' id='word_1_197' title='bbox 743 1519 793 1541; x_wconf 70' lang='grc' dir='ltr'>ιγ.</span> <span class='ocrx_word' id='word_1_198' title='bbox 808 1512 858 1541; x_wconf 84' lang='lat'>13.</span> <span class='ocrx_word' id='word_1_199' title='bbox 874 1513 926 1541; x_wconf 75' lang='lat'>43.</span> <span class='ocrx_word' id='word_1_200' title='bbox 949 1515 984 1540; x_wconf 87' lang='lat' dir='ltr'>et</span> <span class='ocrx_word' id='word_1_201' title='bbox 997 1510 1044 1540; x_wconf 85' lang='lat' dir='ltr'>ita</span> <span class='ocrx_word' id='word_1_202' title='bbox 1061 1510 1184 1550; x_wconf 84' lang='lat' dir='ltr'>passim</span> <span class='ocrx_word' id='word_1_203' title='bbox 1202 1510 1237 1540; x_wconf 87' lang='lat' dir='ltr'>iu</span> <span class='ocrx_word' id='word_1_204' title='bbox 1252 1509 1302 1539; x_wconf 77' lang='lat' dir='ltr'>his</span> <span class='ocrx_word' id='word_1_205' title='bbox 1319 1509 1423 1539; x_wconf 84' lang='lat' dir='ltr'>libris.</span> <span class='ocrx_word' id='word_1_206' title='bbox 1469 1508 1614 1539; x_wconf 82' lang='lat' dir='ltr'>Locutio</span> 
     </span>
     <span class='ocr_line' id='line_1_23' title="bbox 160 1550 1613 1592; baseline -0.001 -10"><span class='ocrx_word' id='word_1_207' title='bbox 160 1561 239 1582; x_wconf 85' lang='lat' dir='ltr'>vero</span> <span class='ocrx_word' id='word_1_208' title='bbox 266 1553 383 1583; x_wconf 85' lang='lat' dir='ltr'>similis</span> <span class='ocrx_word' id='word_1_209' title='bbox 412 1553 459 1583; x_wconf 88' lang='lat' dir='ltr'>illi</span> <span class='ocrx_word' id='word_1_210' title='bbox 488 1553 663 1592; x_wconf 73' lang='lat' dir='ltr'>Plinianae‚</span> <span class='ocrx_word' id='word_1_211' title='bbox 689 1553 790 1583; x_wconf 80' lang='lat' dir='ltr'>Arion</span> <span class='ocrx_word' id='word_1_212' title='bbox 818 1552 1036 1583; x_wconf 79' lang='lat' dir='ltr'>Citharoedicoe</span> <span class='ocrx_word' id='word_1_213' title='bbox 1061 1552 1151 1590; x_wconf 82' lang='lat' dir='ltr'>artis,</span> <span class='ocrx_word' id='word_1_214' title='bbox 1176 1561 1275 1592; x_wconf 85' lang='lat' dir='ltr'>quam</span> <span class='ocrx_word' id='word_1_215' title='bbox 1300 1550 1542 1582; x_wconf 84' lang='lat' dir='ltr'>illustravimus</span> <span class='ocrx_word' id='word_1_216' title='bbox 1570 1550 1613 1581; x_wconf 90' lang='lat' dir='ltr'>ad</span> 
     </span>
     <span class='ocr_line' id='line_1_24' title="bbox 159 1593 1613 1635; baseline -0.001 -9"><span class='ocrx_word' id='word_1_217' title='bbox 159 1594 310 1632; x_wconf 58' lang='lat' dir='ltr'>Quintil„</span> <span class='ocrx_word' id='word_1_218' title='bbox 328 1596 484 1626; x_wconf 82' lang='lat' dir='ltr'>Declam.</span> <span class='ocrx_word' id='word_1_219' title='bbox 501 1605 582 1626; x_wconf 70' lang='lat' dir='ltr'>vni.</span> <span class='ocrx_word' id='word_1_220' title='bbox 598 1599 628 1626; x_wconf 83' lang='lat'>3.</span> <span class='ocrx_word' id='word_1_221' title='bbox 653 1596 875 1625; x_wconf 61' lang='lat' dir='ltr'>&amp;rm—568</span> <span class='ocrx_word' id='word_1_222' title='bbox 903 1595 989 1625; x_wconf 84' lang='lat' dir='ltr'>Unus</span> <span class='ocrx_word' id='word_1_223' title='bbox 1018 1604 1073 1633; x_wconf 80' lang='lat' dir='ltr'>ego</span> <span class='ocrx_word' id='word_1_224' title='bbox 1100 1595 1246 1635; x_wconf 90' lang='lat' dir='ltr'>quinque</span> <span class='ocrx_word' id='word_1_225' title='bbox 1266 1598 1422 1624; x_wconf 85' lang='lat' dir='ltr'>veteres:</span> <span class='ocrx_word' id='word_1_226' title='bbox 1447 1593 1494 1624; x_wconf 84' lang='lat' dir='ltr'>sic</span> <span class='ocrx_word' id='word_1_227' title='bbox 1519 1597 1613 1632; x_wconf 84' lang='lat' dir='ltr'>ante,</span> 
     </span>
     <span class='ocr_line' id='line_1_25' title="bbox 162 1636 1614 1678; baseline -0.001 -11"><span class='ocrx_word' id='word_1_228' title='bbox 162 1637 261 1672; x_wconf 84' lang='lat' dir='ltr'>Quem</span> <span class='ocrx_word' id='word_1_229' title='bbox 275 1649 329 1668; x_wconf 82' lang='lat' dir='ltr'>sua</span> <span class='ocrx_word' id='word_1_230' title='bbox 344 1639 514 1678; x_wconf 80' lang='lat' dir='ltr'>perdiderit</span> <span class='ocrx_word' id='word_1_231' title='bbox 531 1639 635 1677; x_wconf 81' lang='lat' dir='ltr'>Musa,</span> <span class='ocrx_word' id='word_1_232' title='bbox 651 1641 791 1677; x_wconf 80' lang='lat' dir='ltr'>repertus</span> <span class='ocrx_word' id='word_1_233' title='bbox 806 1646 872 1675; x_wconf 81' lang='lat' dir='ltr'>ego.</span> <span class='ocrx_word' id='word_1_234' title='bbox 915 1637 1024 1668; x_wconf 86' lang='lat' dir='ltr'>Totus</span> <span class='ocrx_word' id='word_1_235' title='bbox 1043 1637 1137 1667; x_wconf 87' lang='lat' dir='ltr'>locus</span> <span class='ocrx_word' id='word_1_236' title='bbox 1154 1646 1220 1667; x_wconf 90' lang='lat' dir='ltr'>non</span> <span class='ocrx_word' id='word_1_237' title='bbox 1234 1636 1437 1668; x_wconf 79' lang='lat' dir='ltr'>inconcinne</span> <span class='ocrx_word' id='word_1_238' title='bbox 1461 1636 1508 1667; x_wconf 78' lang='lat' dir='ltr'>sic</span> <span class='ocrx_word' id='word_1_239' title='bbox 1534 1644 1614 1666; x_wconf 89' lang='lat' dir='ltr'>con-</span> 
     </span>
     <span class='ocr_line' id='line_1_26' title="bbox 160 1677 1615 1721; baseline -0.001 -12"><span class='ocrx_word' id='word_1_240' title='bbox 160 1679 333 1718; x_wconf 80' lang='lat' dir='ltr'>stituetur,</span> <span class='ocrx_word' id='word_1_241' title='bbox 350 1681 439 1711; x_wconf 82' lang='lat' dir='ltr'>Inter</span> <span class='ocrx_word' id='word_1_242' title='bbox 454 1682 534 1711; x_wconf 87' lang='lat' dir='ltr'>enim</span> <span class='ocrx_word' id='word_1_243' title='bbox 547 1681 664 1721; x_wconf 81' lang='lat' dir='ltr'>populi,</span> <span class='ocrx_word' id='word_1_244' title='bbox 681 1684 726 1711; x_wconf 79' lang='lat' dir='ltr'>tot</span> <span class='ocrx_word' id='word_1_245' title='bbox 741 1679 866 1719; x_wconf 74' lang='lat' dir='ltr'>scriptis</span> <span class='ocrx_word' id='word_1_246' title='bbox 880 1679 978 1710; x_wconf 78' lang='lat' dir='ltr'>millia</span> <span class='ocrx_word' id='word_1_247' title='bbox 993 1679 1106 1710; x_wconf 84' lang='lat' dir='ltr'>nostris</span> <span class='ocrx_word' id='word_1_248' title='bbox 1123 1680 1222 1714; x_wconf 83' lang='lat' dir='ltr'>Quem</span> <span class='ocrx_word' id='word_1_249' title='bbox 1244 1689 1312 1710; x_wconf 85' lang='lat' dir='ltr'>mea</span> <span class='ocrx_word' id='word_1_250' title='bbox 1331 1679 1469 1718; x_wconf 77' lang='lat' dir='ltr'>Calliope</span> <span class='ocrx_word' id='word_1_251' title='bbox 1490 1677 1615 1716; x_wconf 75' lang='lat' dir='ltr'>laeserit,</span> 
     </span>
     <span class='ocr_line' id='line_1_27' title="bbox 160 1721 1615 1764; baseline 0 -14"><span class='ocrx_word' id='word_1_252' title='bbox 160 1730 240 1751; x_wconf 82' lang='lat' dir='ltr'>unus</span> <span class='ocrx_word' id='word_1_253' title='bbox 261 1731 336 1761; x_wconf 80' lang='lat' dir='ltr'>ego:</span> <span class='ocrx_word' id='word_1_254' title='bbox 360 1723 449 1753; x_wconf 85' lang='lat' dir='ltr'>inter</span> <span class='ocrx_word' id='word_1_255' title='bbox 473 1724 588 1764; x_wconf 87' lang='lat' dir='ltr'>populi</span> <span class='ocrx_word' id='word_1_256' title='bbox 616 1724 703 1754; x_wconf 78' lang='lat' dir='ltr'>enirn</span> <span class='ocrx_word' id='word_1_257' title='bbox 732 1727 783 1754; x_wconf 89' lang='lat' dir='ltr'>tot</span> <span class='ocrx_word' id='word_1_258' title='bbox 812 1722 928 1761; x_wconf 78' lang='lat' dir='ltr'>millia,</span> <span class='ocrx_word' id='word_1_259' title='bbox 951 1732 1051 1763; x_wconf 92' lang='lat' dir='ltr'>quem</span> <span class='ocrx_word' id='word_1_260' title='bbox 1078 1722 1208 1753; x_wconf 82' lang='lat' dir='ltr'>laeserit</span> <span class='ocrx_word' id='word_1_261' title='bbox 1234 1721 1371 1762; x_wconf 85' lang='lat' dir='ltr'>scriptis</span> <span class='ocrx_word' id='word_1_262' title='bbox 1396 1721 1522 1751; x_wconf 82' lang='lat' dir='ltr'>nostris</span> <span class='ocrx_word' id='word_1_263' title='bbox 1539 1729 1615 1751; x_wconf 86' lang='lat' dir='ltr'>mea</span> 
     </span>
     <span class='ocr_line' id='line_1_28' title="bbox 162 1763 1614 1806; baseline 0.001 -14"><span class='ocrx_word' id='word_1_264' title='bbox 162 1763 327 1804; x_wconf 75' lang='lat' dir='ltr'>Calliope,</span> <span class='ocrx_word' id='word_1_265' title='bbox 350 1774 437 1796; x_wconf 86' lang='lat' dir='ltr'>unns</span> <span class='ocrx_word' id='word_1_266' title='bbox 464 1776 526 1806; x_wconf 84' lang='lat' dir='ltr'>ego</span> <span class='ocrx_word' id='word_1_267' title='bbox 545 1776 627 1796; x_wconf 86' lang='lat' dir='ltr'>sum.</span> <span class='ocrx_word' id='word_1_268' title='bbox 653 1766 767 1796; x_wconf 77' lang='lat' dir='ltr'>Heius.</span> <span class='ocrx_word' id='word_1_269' title='bbox 816 1765 915 1800; x_wconf 80' lang='lat' dir='ltr'>Quem</span> <span class='ocrx_word' id='word_1_270' title='bbox 936 1774 991 1795; x_wconf 82' lang='lat' dir='ltr'>sua</span> <span class='ocrx_word' id='word_1_271' title='bbox 1017 1770 1162 1806; x_wconf 83' lang='lat' dir='ltr'>quatuor</span> <span class='ocrx_word' id='word_1_272' title='bbox 1189 1763 1386 1796; x_wconf 85' lang='lat' dir='ltr'>libri.-—571</span> <span class='ocrx_word' id='word_1_273' title='bbox 1412 1763 1481 1794; x_wconf 89' lang='lat' dir='ltr'>Alii</span> <span class='ocrx_word' id='word_1_274' title='bbox 1507 1772 1614 1803; x_wconf 82' lang='lat' dir='ltr'>quenq.</span> 
     </span>
     <span class='ocr_line' id='line_1_29' title="bbox 159 1805 1612 1847; baseline 0 -12"><span class='ocrx_word' id='word_1_275' title='bbox 159 1805 311 1837; x_wconf 81' lang='lat' dir='ltr'>insultare</span> <span class='ocrx_word' id='word_1_276' title='bbox 319 1806 492 1844; x_wconf 61' lang='lat' dir='ltr'>joa—572</span> <span class='ocrx_word' id='word_1_277' title='bbox 516 1809 584 1839; x_wconf 86' lang='lat' dir='ltr'>Pro</span> <span class='ocrx_word' id='word_1_278' title='bbox 599 1809 698 1839; x_wconf 81' lang='lat' dir='ltr'>relata</span> <span class='ocrx_word' id='word_1_279' title='bbox 714 1808 780 1839; x_wconf 86' lang='lat' dir='ltr'>duo</span> <span class='ocrx_word' id='word_1_280' title='bbox 797 1807 905 1839; x_wconf 85' lang='lat' dir='ltr'>Codd.</span> <span class='ocrx_word' id='word_1_281' title='bbox 919 1808 1047 1838; x_wconf 80' lang='lat' dir='ltr'>relicta:</span> <span class='ocrx_word' id='word_1_282' title='bbox 1073 1808 1155 1839; x_wconf 90' lang='lat' dir='ltr'>Lov.</span> <span class='ocrx_word' id='word_1_283' title='bbox 1178 1807 1302 1839; x_wconf 81' lang='lat' dir='ltr'>reddita</span> <span class='ocrx_word' id='word_1_284' title='bbox 1316 1807 1526 1847; x_wconf 55' lang='lat' dir='ltr'>siquae—574</span> <span class='ocrx_word' id='word_1_285' title='bbox 1549 1806 1612 1836; x_wconf 82' lang='lat' dir='ltr'>Be.</span> 
     </span>
     <span class='ocr_line' id='line_1_30' title="bbox 160 1847 1613 1889; baseline 0.002 -12"><span class='ocrx_word' id='word_1_286' title='bbox 160 1847 254 1878; x_wconf 76' lang='lat' dir='ltr'>Patr.</span> <span class='ocrx_word' id='word_1_287' title='bbox 273 1858 364 1879; x_wconf 80' lang='lat' dir='ltr'>causa</span> <span class='ocrx_word' id='word_1_288' title='bbox 379 1850 597 1889; x_wconf 74' lang='lat' dir='ltr'>salusq.—577</span> <span class='ocrx_word' id='word_1_289' title='bbox 621 1851 697 1881; x_wconf 89' lang='lat' dir='ltr'>Pol.</span> <span class='ocrx_word' id='word_1_290' title='bbox 717 1851 812 1882; x_wconf 90' lang='lat' dir='ltr'>Serv.</span> <span class='ocrx_word' id='word_1_291' title='bbox 828 1854 864 1881; x_wconf 85' lang='lat' dir='ltr'>et</span> <span class='ocrx_word' id='word_1_292' title='bbox 877 1850 961 1881; x_wconf 86' lang='lat' dir='ltr'>alius</span> <span class='ocrx_word' id='word_1_293' title='bbox 976 1850 1092 1881; x_wconf 82' lang='lat' dir='ltr'>Mitius</span> <span class='ocrx_word' id='word_1_294' title='bbox 1106 1851 1180 1882; x_wconf 78' lang='lat' dir='ltr'>exil.</span> <span class='ocrx_word' id='word_1_295' title='bbox 1225 1851 1308 1881; x_wconf 88' lang='lat' dir='ltr'>Tum</span> <span class='ocrx_word' id='word_1_296' title='bbox 1326 1851 1406 1881; x_wconf 89' lang='lat' dir='ltr'>Lov.</span> <span class='ocrx_word' id='word_1_297' title='bbox 1419 1850 1613 1889; x_wconf 77' lang='lat' dir='ltr'>paulumque.</span> 
     </span>
     <span class='ocr_line' id='line_1_31' title="bbox 160 1889 1057 1932; baseline 0.001 -11"><span class='ocrx_word' id='word_1_298' title='bbox 160 1889 247 1922; x_wconf 84' lang='lat' dir='ltr'>Dein</span> <span class='ocrx_word' id='word_1_299' title='bbox 264 1900 348 1922; x_wconf 85' lang='lat' dir='ltr'>unus</span> <span class='ocrx_word' id='word_1_300' title='bbox 364 1891 450 1922; x_wconf 84' lang='lat' dir='ltr'>liber</span> <span class='ocrx_word' id='word_1_301' title='bbox 465 1892 557 1932; x_wconf 82' lang='lat' dir='ltr'>quiet.</span> <span class='ocrx_word' id='word_1_302' title='bbox 570 1895 758 1932; x_wconf 57' lang='lat' dir='ltr'>opta—578</span> <span class='ocrx_word' id='word_1_303' title='bbox 782 1893 864 1924; x_wconf 89' lang='lat' dir='ltr'>Lov.</span> <span class='ocrx_word' id='word_1_304' title='bbox 884 1902 966 1932; x_wconf 83' lang='lat' dir='ltr'>poen.</span> <span class='ocrx_word' id='word_1_305' title='bbox 981 1902 1057 1923; x_wconf 86' lang='lat' dir='ltr'>meo.</span> 
     </span>
    </p>
   </div>
   <div class='ocr_carea' id='block_1_6' title="bbox 816 1986 956 2018">
    <p class='ocr_par' dir='ltr' id='par_1_6' title="bbox 816 1986 956 2018">
     <span class='ocr_line' id='line_1_32' title="bbox 816 1986 956 2018; baseline 0 0"><span class='ocrx_word' id='word_1_306' title='bbox 816 1986 956 2018; x_wconf 79' lang='lat' dir='ltr'>NOTAE</span> 
     </span>
    </p>
   </div>
   <div class='ocr_carea' id='block_1_7' title="bbox 159 2059 1614 2203">
    <p class='ocr_par' dir='ltr' id='par_1_7' title="bbox 159 2059 1614 2203">
     <span class='ocr_line' id='line_1_33' title="bbox 161 2059 1612 2104; baseline -0.003 -10"><span class='ocrx_word' id='word_1_307' title='bbox 161 2063 306 2104; x_wconf 73' lang='lat' dir='ltr'>gendum</span> <span class='ocrx_word' id='word_1_308' title='bbox 336 2063 442 2094; x_wconf 87' lang='lat' dir='ltr'>voluit</span> <span class='ocrx_word' id='word_1_309' title='bbox 469 2063 732 2094; x_wconf 80' lang='lat' dir='ltr'>emunctissimae</span> <span class='ocrx_word' id='word_1_310' title='bbox 767 2064 856 2093; x_wconf 78' lang='lat' dir='ltr'>naris</span> <span class='ocrx_word' id='word_1_311' title='bbox 955 2065 1017 2093; x_wconf 84' lang='lat'>572</span> <span class='ocrx_word' id='word_1_312' title='bbox 1054 2061 1205 2101; x_wconf 72' lang='lat' dir='ltr'>Canclori]</span> <span class='ocrx_word' id='word_1_313' title='bbox 1240 2061 1325 2094; x_wconf 83' lang='lat' dir='ltr'>Quae</span> <span class='ocrx_word' id='word_1_314' title='bbox 1352 2059 1456 2090; x_wconf 83' lang='lat' dir='ltr'>virtus</span> <span class='ocrx_word' id='word_1_315' title='bbox 1484 2060 1612 2090; x_wconf 85' lang='lat' dir='ltr'>nullum</span> 
     </span>
     <span class='ocr_line' id='line_1_34' title="bbox 159 2109 1614 2153; baseline -0.003 -9"><span class='ocrx_word' id='word_1_316' title='bbox 159 2113 375 2153; x_wconf 84' lang='lat' dir='ltr'>Tanaquillus</span> <span class='ocrx_word' id='word_1_317' title='bbox 392 2113 514 2152; x_wconf 80' lang='lat' dir='ltr'>Faber,</span> <span class='ocrx_word' id='word_1_318' title='bbox 538 2114 588 2143; x_wconf 81' lang='lat' dir='ltr'>vir</span> <span class='ocrx_word' id='word_1_319' title='bbox 613 2113 655 2144; x_wconf 77' lang='lat' dir='ltr'>(le</span> <span class='ocrx_word' id='word_1_320' title='bbox 672 2113 768 2144; x_wconf 88' lang='lat' dir='ltr'>bonis</span> <span class='ocrx_word' id='word_1_321' title='bbox 786 2113 859 2143; x_wconf 85' lang='lat' dir='ltr'>lite·</span> <span class='ocrx_word' id='word_1_322' title='bbox 913 2113 1037 2151; x_wconf 84' lang='lat' dir='ltr'>scelus,</span> <span class='ocrx_word' id='word_1_323' title='bbox 1076 2111 1154 2142; x_wconf 86' lang='lat' dir='ltr'>nihil</span> <span class='ocrx_word' id='word_1_324' title='bbox 1207 2110 1343 2141; x_wconf 84' lang='lat' dir='ltr'>obscuri</span> <span class='ocrx_word' id='word_1_325' title='bbox 1382 2114 1441 2140; x_wconf 85' lang='lat' dir='ltr'>ant</span> <span class='ocrx_word' id='word_1_326' title='bbox 1478 2109 1614 2149; x_wconf 86' lang='lat' dir='ltr'>maligni</span> 
     </span>
     <span class='ocr_line' id='line_1_35' title="bbox 162 2162 1052 2203; baseline -0.002 -10"><span class='ocrx_word' id='word_1_327' title='bbox 162 2163 206 2193; x_wconf 78' lang='lat' dir='ltr'>ris</span> <span class='ocrx_word' id='word_1_328' title='bbox 232 2163 359 2202; x_wconf 86' lang='lat' dir='ltr'>optime</span> <span class='ocrx_word' id='word_1_329' title='bbox 385 2163 535 2202; x_wconf 80' lang='lat' dir='ltr'>meritus,</span> <span class='ocrx_word' id='word_1_330' title='bbox 560 2168 756 2203; x_wconf 72' lang='lat' dir='ltr'>prrcccptm·</span> <span class='ocrx_word' id='word_1_331' title='bbox 780 2162 858 2193; x_wconf 88' lang='lat' dir='ltr'>olim</span> <span class='ocrx_word' id='word_1_332' title='bbox 912 2162 1052 2203; x_wconf 79' lang='lat' dir='ltr'>patitur.</span> 
     </span>
    </p>
   </div>
   <div class='ocr_carea' id='block_1_8' title="bbox 159 2209 1613 2407">
    <p class='ocr_par' dir='ltr' id='par_1_8' title="bbox 159 2209 1613 2356">
     <span class='ocr_line' id='line_1_36' title="bbox 159 2209 1612 2253; baseline -0.004 -8"><span class='ocrx_word' id='word_1_333' title='bbox 159 2222 264 2252; x_wconf 85' lang='lat' dir='ltr'>meus,</span> <span class='ocrx_word' id='word_1_334' title='bbox 279 2218 380 2253; x_wconf 83' lang='lat' dir='ltr'>atquc</span> <span class='ocrx_word' id='word_1_335' title='bbox 398 2213 525 2243; x_wconf 83' lang='lat' dir='ltr'>amicus</span> <span class='ocrx_word' id='word_1_336' title='bbox 551 2213 750 2244; x_wconf 84' lang='lat' dir='ltr'>carissimus.</span> <span class='ocrx_word' id='word_1_337' title='bbox 788 2212 858 2242; x_wconf 82' lang='lat' dir='ltr'>Ne·</span> <span class='ocrx_word' id='word_1_338' title='bbox 955 2216 1016 2244; x_wconf 85' lang='lat'>575</span> <span class='ocrx_word' id='word_1_339' title='bbox 1054 2210 1240 2250; x_wconf 76' lang='lat' dir='ltr'>Ausoniam]</span> <span class='ocrx_word' id='word_1_340' title='bbox 1279 2209 1431 2248; x_wconf 81' lang='lat' dir='ltr'>Italiam,</span> <span class='ocrx_word' id='word_1_341' title='bbox 1457 2213 1493 2240; x_wconf 87' lang='lat' dir='ltr'>ut</span> <span class='ocrx_word' id='word_1_342' title='bbox 1521 2220 1612 2250; x_wconf 74' lang='lat' dir='ltr'>saepe</span> 
     </span>
     <span class='ocr_line' id='line_1_37' title="bbox 159 2260 1613 2305; baseline -0.003 -11"><span class='ocrx_word' id='word_1_343' title='bbox 159 2274 226 2305; x_wconf 87' lang='lat' dir='ltr'>que</span> <span class='ocrx_word' id='word_1_344' title='bbox 242 2274 323 2294; x_wconf 83' lang='lat' dir='ltr'>vero</span> <span class='ocrx_word' id='word_1_345' title='bbox 339 2264 371 2294; x_wconf 90' lang='lat' dir='ltr'>in</span> <span class='ocrx_word' id='word_1_346' title='bbox 388 2264 438 2295; x_wconf 82' lang='lat' dir='ltr'>his</span> <span class='ocrx_word' id='word_1_347' title='bbox 456 2263 498 2295; x_wconf 82' lang='lat' dir='ltr'>ab</span> <span class='ocrx_word' id='word_1_348' title='bbox 525 2264 600 2304; x_wconf 77' lang='lat' dir='ltr'>ejus</span> <span class='ocrx_word' id='word_1_349' title='bbox 615 2264 786 2295; x_wconf 81' lang='lat' dir='ltr'>sententia</span> <span class='ocrx_word' id='word_1_350' title='bbox 802 2273 858 2294; x_wconf 76' lang='lat' dir='ltr'>au—</span> <span class='ocrx_word' id='word_1_351' title='bbox 913 2263 994 2296; x_wconf 85' lang='lat' dir='ltr'>alibi</span> <span class='ocrx_word' id='word_1_352' title='bbox 1030 2263 1072 2295; x_wconf 84' lang='lat' dir='ltr'>ab</span> <span class='ocrx_word' id='word_1_353' title='bbox 1104 2261 1296 2294; x_wconf 79' lang='lat' dir='ltr'>Ausonibus</span> <span class='ocrx_word' id='word_1_354' title='bbox 1328 2260 1472 2302; x_wconf 86' lang='lat' dir='ltr'>antiquis</span> <span class='ocrx_word' id='word_1_355' title='bbox 1502 2260 1613 2294; x_wconf 78' lang='lat' dir='ltr'>Italiae</span> 
     </span>
     <span class='ocr_line' id='line_1_38' title="bbox 159 2314 1058 2356; baseline 0 -11"><span class='ocrx_word' id='word_1_356' title='bbox 159 2315 221 2346; x_wconf 75' lang='lat' dir='ltr'>sim</span> <span class='ocrx_word' id='word_1_357' title='bbox 238 2314 428 2346; x_wconf 74' lang='lat' dir='ltr'>discedere.</span> <span class='ocrx_word' id='word_1_358' title='bbox 914 2315 1058 2356; x_wconf 83' lang='lat' dir='ltr'>populis.</span> 
     </span>
    </p>

    <p class='ocr_par' dir='ltr' id='par_1_9' title="bbox 202 2361 1613 2407">
     <span class='ocr_line' id='line_1_39' title="bbox 202 2361 1613 2407; baseline -0.001 -12"><span class='ocrx_word' id='word_1_359' title='bbox 202 2367 265 2395; x_wconf 82' lang='lat'>568</span> <span class='ocrx_word' id='word_1_360' title='bbox 304 2365 454 2407; x_wconf 78' lang='lat' dir='ltr'>Calliope]</span> <span class='ocrx_word' id='word_1_361' title='bbox 494 2366 593 2398; x_wconf 82' lang='lat' dir='ltr'>Musa</span> <span class='ocrx_word' id='word_1_362' title='bbox 620 2375 682 2407; x_wconf 88' lang='lat' dir='ltr'>pro</span> <span class='ocrx_word' id='word_1_363' title='bbox 709 2365 858 2399; x_wconf 80' lang='lat' dir='ltr'>carmine</span> <span class='ocrx_word' id='word_1_364' title='bbox 955 2367 1018 2395; x_wconf 82' lang='grc'>578</span> <span class='ocrx_word' id='word_1_365' title='bbox 1057 2363 1139 2404; x_wconf 81' lang='lat' dir='ltr'>Por]</span> <span class='ocrx_word' id='word_1_366' title='bbox 1177 2362 1290 2401; x_wconf 84' lang='lat' dir='ltr'>Levis,</span> <span class='ocrx_word' id='word_1_367' title='bbox 1332 2361 1477 2401; x_wconf 75' lang='lat' dir='ltr'>scilicet,</span> <span class='ocrx_word' id='word_1_368' title='bbox 1515 2361 1613 2404; x_wconf 75' lang='lat' dir='ltr'>quale</span> 
     </span>
    </p>
   </div>
   <div class='ocr_carea' id='block_1_9' title="bbox 159 2412 1378 2460">
    <p class='ocr_par' dir='ltr' id='par_1_10' title="bbox 159 2412 1378 2460">
     <span class='ocr_line' id='line_1_40' title="bbox 159 2412 1378 2460; baseline -0.002 -12"><span class='ocrx_word' id='word_1_369' title='bbox 159 2416 233 2460; x_wconf 77' lang='lat' dir='ltr'>ipso</span> <span class='ocrx_word' id='word_1_370' title='bbox 251 2415 373 2460; x_wconf 83' lang='lat' dir='ltr'>posita.</span> <span class='ocrx_word' id='word_1_371' title='bbox 911 2424 1007 2448; x_wconf 72' lang='lat' dir='ltr'>suum</span> <span class='ocrx_word' id='word_1_372' title='bbox 1023 2415 1153 2447; x_wconf 77' lang='lat' dir='ltr'>crimen</span> <span class='ocrx_word' id='word_1_373' title='bbox 1168 2424 1242 2445; x_wconf 74' lang='lat' dir='ltr'>esse</span> <span class='ocrx_word' id='word_1_374' title='bbox 1259 2412 1378 2445; x_wconf 86' lang='lat' dir='ltr'>innuit.</span> 
     </span>
    </p>
   </div>
  </div>
 </body>
</html>
