1877 3193
254 175 370 219 2828
665 188 704 217 P.
735 185 893 215 ovm11
930 183 1141 216 NAsoms
1176 186 1289 218 1318.

253 279 555 335 Cliniadaeque
573 279 704 321 modo
725 279 1021 322 circumdatus
1039 280 1216 333 ignibus
1238 280 1343 322 atris
1623 279 1710 321 635

310 346 512 388 Membra
529 346 644 387 feras
666 346 830 400 Stygiae
851 346 1154 388 semicremata
1171 348 1282 389 neci.

253 411 402 466 thue
420 413 562 454 Remo
582 425 726 453 muros
748 425 859 453 auso
879 413 1063 454 transire
1083 419 1297 465 recentes,

307 478 461 520 Noxia
480 480 564 520 sint
583 480 717 533 capiti
737 480 902 520 rustica
920 480 1010 521 tela
1030 484 1118 521 tuo.

253 546 455 601 Denique
477 548 745 589 Sarmaticas
763 549 872 588 inter
894 547 1170 601 Geticasque
1192 549 1375 602 sagittas

308 612 413 662 His,
435 625 604 666 precor,
624 616 672 653 ut
691 613 818 653 vivas
839 615 883 652 et
901 613 1087 652 moriare
1108 614 1239 656 locis.

252 679 367 721 Haec
388 680 470 720 tibi
492 679 706 733 tantisper
727 679 873 719 subito
895 677 985 718 sint
1003 678 1142 719 missa
1161 679 1323 731 libello,

309 746 593 787 Immemores
614 759 667 786 ne
688 759 770 787 nos
789 758 886 787 esse
909 758 1091 799 querare
1111 746 1207 788 tui..

252 814 406 855 Pauca
426 814 618 868 quidem,
641 813 793 863 fateor,
817 813 896 854 sed
919 813 978 854 Di
999 813 1102 854 dent
1122 814 1246 867 plura
1265 815 1446 867 rogatis,

308 880 690 934 Multiplicentque
713 893 792 921 suo
814 883 917 921 vota
936 880 1086 921 favore
1107 893 1219 922 mea.

249 947 498 990 Postmodo
521 949 648 1002 plura
667 949 804 1001 leges,
819 951 864 988 et
883 961 1041 989 nomen
1061 948 1268 989 habentia
1289 960 1451 998 verum,

307 1015 366 1057 Et
385 1015 497 1070 pede
519 1030 606 1069 quo
628 1014 790 1056 debent
812 1016 932 1056 acria
950 1016 1070 1056 bella
1090 1016 1191 1068 geri.

1625 614 1711 656 640

1623 948 1710 989 645

239 1127 381 1176 flammis
398 1130 500 1170 nigris
522 1135 626 1171 portes
640 1135 730 1163 artus
752 1132 913 1163 semiustos
934 1133 1007 1163 navi
1034 1132 1170 1171 Stvgiae.
1222 1132 1277 1163 Vel
1303 1133 1366 1163 tela
1381 1132 1498 1163 rustica
1514 1132 1578 1162 sint
1594 1130 1712 1169 infesta

247 1172 345 1210 capiti
359 1175 424 1213 tuo,
441 1177 475 1204 ut
492 1174 589 1205 Remo
600 1185 661 1205 mm
675 1175 774 1205 verite
786 1177 867 1206 saltu
880 1176 1040 1215 increpare
1053 1185 1162 1206 novum
1174 1176 1298 1206 vallum.
1345 1175 1487 1215 Denique
1505 1185 1557 1206 oro
1573 1177 1608 1205 ut
1625 1173 1711 1204 vicus

247 1216 278 1242 et
294 1218 423 1246 mortem
438 1216 525 1247 abeas
540 1217 573 1247 in
587 1218 636 1248 his
649 1218 723 1248 locis
737 1218 820 1248 inter
835 1218 951 1257 spicula
967 1219 1145 1249 Sarmatica
1159 1221 1189 1249 et
1217 1217 1341 1249 Getica.
1385 1218 1453 1248 Ista
1468 1218 1530 1248 sint
1545 1217 1603 1248 tibi
1617 1217 1710 1246 missa

247 1256 402 1296 tantisper
425 1259 525 1289 libello
552 1260 724 1298 subitaneo,
748 1270 784 1290 ne
806 1261 946 1300 queraris
971 1270 1025 1291 nos
1039 1270 1101 1291 esse
1127 1260 1237 1291 oblitos
1253 1261 1311 1291 tui.
1358 1260 1465 1290 Pauca
1481 1260 1630 1300 equidem,
1654 1267 1710 1296 ag-

247 1306 355 1335 ⁷1osc03
377 1309 483 1330 verum
500 1302 559 1331 Dii
571 1301 731 1339 conferant
744 1303 834 1341 plura
846 1303 969 1341 petitis,
985 1306 1016 1333 et
1029 1303 1180 1333 cumulent
1195 1306 1268 1333 vota
1283 1312 1349 1333 mea
1363 1313 1416 1333 suo
1433 1302 1556 1340 favore.
1604 1299 1711 1332 Habe-

248 1338 295 1370 bis
306 1339 400 1380 plura
415 1340 512 1381 brevi,
529 1346 559 1372 et
566 1343 705 1379 ferentia
721 1354 829 1373 nomen
845 1354 960 1381 verum,
979 1347 1009 1374 et
1021 1346 1098 1383 pede
1113 1354 1170 1383 quo
1185 1354 1267 1374 saeva
1282 1345 1360 1374 bella
1375 1344 1484 1375 debent
1497 1344 1583 1383 geri.

865 1425 1096 1437 emmae-st

248 1477 502 1509 κάππα-635
527 1479 674 1510 Plurimi
705 1480 1017 1510 Cliniadaeve—636
1041 1479 1119 1509 Pet.
1148 1478 1234 1509 alter
1256 1478 1322 1517 fer.
1351 1478 1506 1519 Phrygioe
1531 1489 1604 1510 sem.
1627 1481 1711 1511 Mox

250 1529 311 1559 pro
338 1521 404 1551 neci
428 1521 551 1552 Heius.
579 1531 621 1553 ex
649 1523 725 1554 Pol.
756 1521 853 1552 dedit
877 1522 1059 1552 ταῶ-641
1085 1521 1153 1551 Alii
1183 1524 1256 1551 sunt
1285 1531 1347 1562 pro
1369 1522 1552 1553 sinu—643
1577 1522 1714 1562 Rogatis

250 1563 364 1594 Burm.
390 1567 489 1604 putat
516 1568 675 1596 rectum:
705 1565 739 1595 in
766 1563 967 1605 quibusdam
993 1563 1094 1594 editis
1120 1563 1268 1602 roganti:
1303 1564 1379 1596 Pet.
1405 1564 1492 1595 alter
1515 1565 1712 1605 precanti.—

249 1607 312 1637 644
334 1606 412 1638 Pet.
427 1607 514 1638 alter
522 1607 599 1646 fata
614 1617 675 1649 pro
691 1610 880 1639 vona—645
907 1607 967 1638 Pr.
983 1606 1047 1639 Ed.
1062 1607 1114 1637 sed
1130 1616 1249 1638 nomen.

906 1703 1045 1736 NOTAE

1011 1773 1091 1805 valli
1124 1773 1299 1815 angustias
1345 1773 1434 1804 saltu
1473 1773 1713 1813 increpuisset,

292 1824 353 1852 633
379 1822 511 1863 Rutulo]
534 1823 688 1855 Fuerunt
701 1824 819 1855 Rutuli
837 1824 956 1865 populi
1011 1824 1101 1866 quod
1127 1824 1169 1855 ad
1186 1825 1301 1858 Roinae
1318 1823 1460 1854 tutelam
1485 1821 1640 1854 sufficere
1661 1823 1711 1854 illi

251 1775 340 1811 rant,
353 1772 386 1802 in
404 1771 683 1813 praecedentibus
700 1773 857 1805 diximus.

249 1872 351 1912 Latii,
373 1882 514 1913 quorum
530 1872 647 1905 Ardea
662 1873 727 1905 fuit
744 1875 953 1915 metropolis.

291 1922 481 1962 Rhamnete]
505 1924 579 1954 Rex
601 1928 637 1955 et
652 1934 760 1965 augur
776 1924 854 1963 fuit,
868 1926 954 1956 Tur-

248 1980 291 2002 no
308 1972 531 2012 gratissimus,
548 1975 643 2014 cujus
656 1975 862 2016 sequebatur
878 1985 953 2015 par-

248 2027 300 2053 tes
329 2022 419 2054 bello
436 2024 525 2064 quod
543 2024 706 2056 adversus
729 2025 858 2057 AEneau
881 2036 953 2066 ges-

248 2071 303 2103 sit.
347 2072 449 2103 Hunc
480 2083 557 2105 cum
588 2075 701 2106 multis
736 2075 810 2106 aliis
849 2076 952 2107 Nisus

247 2122 394 2163 Hyrtaci
408 2124 495 2156 filius
508 2129 611 2166 atque
630 2126 797 2167 Euryalus
812 2127 884 2167 ejus
899 2137 953 2158 co-

248 2180 319 2201 mes
345 2183 462 2205 somno
487 2185 665 2215 oppressos
683 2177 753 2208 leto
769 2176 950 2208 dederunt.

291 2223 352 2251 635
380 2223 550 2263 Cliniadoe]
607 2226 822 2257 Alcibiadem
854 2227 952 2267 dicit,

250 2270 368 2302 Cliniae
384 2269 502 2308 filium,
521 2282 619 2311 quein
639 2273 728 2305 ferro
746 2286 821 2306 cum
839 2287 955 2316 aggre-

250 2320 286 2350 di
302 2329 368 2350 non
385 2320 550 2350 auderent
577 2322 632 2361 qui
661 2322 701 2352 ab
734 2325 953 2357 Pharnabazo

250 2370 294 2400 ad
322 2369 596 2400 interficiendum
620 2371 714 2400 illum
729 2371 821 2402 missi
844 2380 955 2413 eraut,

248 2420 326 2460 igne
339 2419 466 2450 circum
480 2429 555 2449 eam
572 2419 722 2460 domum,
736 2420 768 2450 in
785 2431 848 2462 qua
865 2427 953 2460 erat,

251 2479 409 2508 accenso,
422 2480 499 2500 mox
515 2470 589 2500 telis
604 2471 725 2510 missis,
737 2480 812 2502 cum
827 2471 954 2513 effuge-

253 2524 320 2558 ret,
336 2519 377 2550 ad
396 2519 528 2550 Inferos
545 2521 794 2560 compulerunt.

293 2573 357 2601 636
370 2570 466 2609 Neci]
480 2571 570 2610 Lege
583 2570 658 2610 rati,
669 2576 704 2602 et
714 2571 895 2603 Cliarontis
908 2573 954 2603 in-

254 2620 372 2660 tellige
388 2620 558 2660 cymbam,
587 2631 652 2661 qua
664 2625 871 2654 mortuorum
886 2622 955 2652 aui—

254 2678 318 2699 mae
342 2669 430 2700 ultra
449 2670 585 2710 Stygias
602 2670 741 2710 paludes
754 2672 934 2702 vehuntur.

297 2720 358 2749 637
384 2718 496 2760 Remo]
511 2719 591 2761 Hic,
604 2720 738 2751 Romuli
750 2719 868 2762 frater,
878 2732 955 2753 cuin

1010 1875 1205 1914 videbatur,
1244 1874 1352 1915 prima
1380 1872 1444 1904 fuit
1470 1873 1607 1904 victima
1634 1883 1710 1915 quae

1007 1938 1082 1960 eam
1098 1928 1215 1958 urbem
1227 1926 1453 1958 consecravit.

1049 1980 1113 2008 638
1137 1976 1283 2016 Rustica]
1310 1975 1509 2016 Cujusmodi
1525 1974 1712 2005 utebantur

1008 2027 1065 2069 qui
1082 2027 1218 2058 Romuli
1239 2027 1336 2067 jussu
1363 2036 1459 2057 novae
1482 2025 1574 2056 urbis
1589 2026 1710 2056 vallum

1008 2078 1249 2109 moliebantur.

1050 2130 1114 2158 6³9
1138 2127 1299 2167 Denique]
1322 2124 1453 2166 Argute
1469 2134 1571 2163 sane;
1591 2128 1628 2156 ut
1645 2134 1712 2156 om-

1005 2177 1098 2208 nium
1126 2178 1290 2208 malorum
1313 2177 1449 2207 culmen
1472 2175 1628 2206 videatur
1644 2175 1712 2205 To-

1008 2227 1071 2258 mis
1096 2228 1186 2258 inter
1213 2227 1443 2258 Barbarorum
1473 2225 1642 2256 Barbaros
1663 2225 1710 2254 vi-

1008 2282 1077 2308 tam
1093 2278 1210 2318 quavis
1236 2282 1344 2308 morte
1367 2277 1539 2306 duriorem
1566 2273 1709 2304 trabere.

1050 2330 1111 2356 641
1140 2326 1225 2364 Tibi]
1251 2326 1329 2356 Ibin
1344 2326 1537 2363 alloquitur.

1049 2378 1111 2404 643
1138 2375 1257 2412 Pauca]
1284 2375 1390 2403 Immo
1417 2371 1569 2409 plurima,
1597 2375 1632 2402 et
1651 2376 1711 2403 tae.

1007 2423 1113 2461 diosa,
1129 2428 1164 2452 et
1178 2432 1252 2462 quae
1271 2422 1441 2451 cohaerere
1457 2429 1522 2449 nou
1541 2428 1695 2460 possunt.

1051 2475 1113 2503 644
1142 2471 1236 2510 Vota]
1256 2470 1418 2510 Adeoque
1436 2470 1542 2500 Ibidis
1559 2472 1655 2503 mala.

1051 2525 1113 2554 645
1143 2522 1268 2561 Verum]
1294 2522 1331 2551 Id
1349 2525 1412 2559 est,
1435 2531 1500 2561 quo
1518 2522 1573 2552 ille
1590 2523 1707 2562 appel-

1007 2573 1142 2604 labatur
1166 2582 1262 2613 quem
1286 2571 1393 2602 Ibidis
1421 2571 1553 2602 nomine
1570 2571 1708 2604 devovit

1010 2623 1117 2654 Naso.

1051 2675 1114 2702 646
1137 2671 1237 2712 Pede]
1271 2671 1402 2713 lambo,
1437 2671 1508 2703 scil.
1534 2672 1585 2703 uti
1620 2671 1706 2703 dixit

1009 2730 1121 2762 supra.
