1877 3193
498 205 654 235 EP1ST.
688 205 754 235 Ex
788 205 947 236 PoN'ro
982 205 1076 237 ΜΒ.
1109 206 1161 238 11.
1190 196 1234 237 1.
1477 197 1590 241 2563

140 296 296 351 Deque
315 298 595 353 triumphato,
618 298 740 352 quod
762 299 841 341 Sol
863 299 1122 351 incenderit,
1143 312 1248 342 auro

195 363 343 407 Aurea
367 366 557 407 Romani
578 370 696 408 tecta
716 367 855 408 fuisse
874 368 970 408 fori.

139 429 314 486 Totque
334 433 489 474 tulisse
510 432 645 473 duces
666 434 853 486 captivis
875 432 1026 472 addita
1048 433 1176 474 collis

195 496 399 548 Vincula,
420 511 545 552 paene
566 499 716 539 hostes
740 501 843 551 quot
864 498 974 538 satis
995 510 1096 538 esse
1118 498 1210 540 suit.

139 565 343 608 Maxima
362 579 464 618 pars
483 566 632 605 horum
652 565 790 604 vitam
812 565 1072 618 veniamque
1095 564 1283 607 tulerunt
1301 579 1310 608 ε

196 634 248 674 In
264 634 423 687 quibus
445 635 487 673 et
506 631 615 673 belli
638 644 809 673 summa
829 635 1051 686 caputque
1074 632 1204 673 Bato.

140 700 230 742 Cur
255 712 335 753 ego
355 712 486 753 posse
505 712 658 752 negem
677 699 811 740 minui
831 699 936 740 mihi
958 699 1168 740 Numinis
1185 700 1309 749 iram,

194 767 306 808 Cum
325 767 497 808 videam
515 768 642 807 mites
660 767 859 808 hostibus
876 779 974 807 esse
1003 767 1119 807 Deos
1138 767 1155 806 ‘2

139 833 322 876 Pertulit
341 834 427 875 huc
450 835 565 875 idem
585 835 729 884 nobis,
751 834 1027 884 Germanice,
1053 846 1196 876 rumor

193 901 375 955 Oppida
396 902 479 942 sub
501 901 633 942 titulo
654 901 846 942 nominis
866 902 956 943 isse
977 902 1057 943 tui.

1540 569 1597 609 45

1539 904 1594 944 50

136 1032 265 1070 cumulo,
279 1032 371 1062 mista
387 1041 454 1062 cum
469 1033 539 1062 telis
552 1032 626 1062 suis.
674 1033 718 1062 Et
748 1035 830 1063 tecta
851 1033 921 1069 fori
946 1032 1080 1063 Romani
1097 1031 1201 1070 fuisse
1223 1040 1318 1063 aurea
1342 1032 1380 1062 ‹le
1394 1040 1470 1062 antro
1485 1032 1595 1063 trium-

135 1073 241 1112 7huto,
256 1076 334 1113 quod
346 1074 399 1104 S'ol
415 1075 628 1106 illustrat-erit.
676 1076 719 1106 Et
736 1079 782 1105 tot
798 1077 888 1107 duces
911 1076 1018 1106 tulisse
1048 1076 1168 1114 laqueos
1194 1075 1321 1111 injectos
1345 1074 1429 1105 collis
1454 1074 1596 1114 subditis,

137 1119 208 1154 quot
217 1115 288 1153 fere
303 1117 455 1154 satisfuit
471 1127 533 1148 esse
549 1118 662 1148 hostes.
709 1118 853 1148 Bluoeimo
877 1128 952 1158 pars
974 1119 1078 1147 homm
1101 1117 1254 1146 consecuti
1269 1120 1342 1146 sunt
1356 1117 1453 1147 vitam
1468 1119 1498 1146 et
1515 1118 1596 1147 veni-

137 1167 199 1195 om,
215 1159 297 1188 inter
311 1169 383 1198 quos
398 1160 490 1189 etiam
508 1160 591 1189 Bato
606 1170 723 1190 summa
740 1164 769 1190 et
782 1164 873 1199 caput
890 1161 970 1190 belli.
1017 1159 1118 1194 Quam
1134 1159 1170 1188 ob
1183 1168 1248 1188 rem
1263 1168 1319 1196 ego
1335 1159 1429 1188 nolim
1444 1159 1525 1188 iram
1540 1169 1596 1190 nu-

137 1199 228 1230 minis
239 1201 313 1231 mihi
330 1201 443 1239 infensi
454 1212 542 1241 posse
556 1202 657 1239 leniri,
673 1212 739 1232 cum
755 1212 878 1232 cernam
898 1203 982 1232 Deos
997 1211 1059 1231 esse
1075 1202 1156 1231 lenes
1170 1198 1334 1230 hostibus?
1381 1201 1481 1230 Fama
1490 1202 1595 1230 eadem

134 1243 263 1281 pertulit
279 1243 365 1273 nobis
386 1244 453 1278 huc,
477 1244 674 1282 Germania,
694 1244 790 1274 Urbes
807 1247 996 1274 transzectas
1008 1242 1062 1273 sub
1076 1243 1166 1273 titulo
1180 1242 1311 1272 nominis
1325 1241 1383 1272 tui.
1429 1243 1531 1282 Atque
1547 1252 1598 1273 eas

748 1315 981 1327 eeeeeeeeeeee

135 1365 201 1386 mm.
204 1359 286 1387 —41
313 1357 513 1397 Triumphum
538 1366 579 1387 ex
603 1367 669 1388 uno
686 1359 728 1388 V.
755 1358 888 1397 recepit
913 1357 1032 1389 Heins.
1049 1368 1110 1397 pro
1131 1358 1223 1399 vulg.
1251 1358 1511 1398 Triumphorum:
1536 1359 1594 1391 alii

134 1398 237 1429 etiam
249 1401 446 1439 tropaeorum.
470 1400 605 1431 Deinde
621 1402 675 1431 Sa.
688 1399 771 1441 Ar.g
789 1401 912 1441 aliique
929 1400 1130 1432 nonnulliS.
1148 1401 1335 1439 incenderet,
1349 1411 1415 1432 aur.
1418 1404 1500 1432 -43
1515 1402 1597 1442 Cup-

134 1441 208 1472 tivis
223 1450 266 1472 ex
283 1442 450 1473 nonnullis
465 1443 615 1482 scriptis,
632 1443 798 1482 probante
818 1443 1012 1482 Naugeri03
1037 1444 1127 1482 vulg.
1142 1443 1290 1483 captivos.
1293 1445 1376 1474 —45
1396 1443 1437 1473 P.
1454 1444 1542 1474 Dan.
1559 1448 1595 1475 et

134 1493 184 1523 pr.
200 1484 264 1515 Ed.
278 1494 352 1525 pars
367 1485 522 1516 hominum
537 1486 593 1516 zit.
626 1487 709 1515 Mox
731 1487 869 1516 tulerunt
893 1466 1030 1524 scripti3
1053 1485 1145 1524 vulg.
1161 1486 1270 1516 tulere.
1273 1488 1357 1515 —46
1382 1485 1465 1515 Bato
1481 1495 1523 1516 ex
1540 1486 1594 1517 Sa.

133 1530 168 1557 et
171 1527 344 1574 'Scaligen
362 1528 444 1558 Cod.
462 1528 582 1558 Heins.
599 1528 728 1566 recepit
746 1536 806 1565 pro
822 1527 913 1565 vulg.
922 1526 1042 1564 fuit.—
1005 1529 1087 1556 -47
1112 1528 1175 1557 Ms.
1193 1527 1323 1558 Bersm.
1339 1537 1387 1564 eg.
1405 1537 1465 1557 non
1477 1536 1594 1567 sperem

134 1568 210 1599 min.
242 1570 328 1600 Mox
346 1570 494 1600 Numinis
509 1569 686 1607 rescripsit
703 1568 822 1598 Heius.
839 1577 881 1597 ex
896 1568 951 1598 Sa.
969 1568 1132 1607 Scaliger.
1149 1568 1234 1607 Arg.
1251 1573 1287 1599 et
1312 1568 1425 1599 multis
1442 1570 1515 1600 aliis
1532 1579 1593 1609 pro

135 1611 227 1649 vulg.
245 1612 400 1641 Caesaris.-
425 1610 576 1642 nonnulli
597 1610 700 1641 etiam
720 1610 968 1649 pri⁷1cipL5.—49
992 1610 1151 1650 Quinque
1177 1611 1255 1641 libri
1279 1611 1418 1641 Protulit
1441 1611 1471 1642 h.
1509 1612 1593 1642 Tum

136 1662 197 1692 pro
215 1653 282 1693 huc,
299 1654 399 1684 multi
422 1653 492 1690 hic;
516 1657 551 1684 et
567 1652 723 1694 quaedam
748 1652 834 1683 Edd.
858 1653 1010 1683 hoa—50
1034 1652 1192 1692 Muretus
1207 1653 1400 1693 castigabat
1415 1653 1469 1684 sub
1487 1654 1594 1685 titulos

791 1735 930 1767 NOTAE

136 1804 297 1845 triumphi
317 1803 456 1835 ferculis
477 1814 545 1835 una
567 1814 642 1836 cum
667 1805 836 1836 montibus

134 1860 167 1885 et
183 1853 375 1886 fluminibus
393 1855 548 1896 aliisque,
565 1856 606 1887 de
623 1865 729 1894 more,
746 1856 835 1886 latae.

177 1907 216 1936 41
232 1905 449 1946 Triumphato]
471 1906 570 1938 Quod
582 1907 615 1937 in
630 1906 836 1947 triumphum

136 1955 240 1985 latum
257 1953 333 1985 fuit.

179 2004 372 2045 lncenderet]
415 2005 545 2036 Ardere
572 2015 652 2037 vero
679 2006 837 2037 videntur

135 2053 273 2084 metalla
294 2055 459 2096 expolita,
475 2066 550 2086 cum
567 2056 653 2087 Solis
676 2056 778 2087 radiis
798 2056 835 2087 il-

136 2105 333 2136 lustrantur.

176 2156 219 2184 42
241 2154 363 2194 Aurea]
386 2156 438 2186 Ex
451 2165 653 2196 repercussu
668 2156 834 2186 radiorum

132 2203 220 2234 Solis
246 2213 289 2234 ex
313 2214 395 2236 auro
416 2204 632 2245 fulgentium.
679 2207 835 2246 Namque

134 2252 234 2283 aliam
264 2252 360 2294 hujus
392 2253 454 2285 loci
487 2255 734 2295 expositionem
769 2264 834 2286 non

134 2301 254 2341 probo.

177 2350 330 2392 Romani]
357 2352 465 2385 Vetus
482 2358 516 2385 et
532 2363 687 2396 magnum
705 2355 834 2387 dictum

134 2399 200 2432 fuit
220 2401 309 2433 inter
330 2403 558 2444 Capitolinum
583 2409 617 2436 et
639 2405 834 2438 Palatinum

135 2457 278 2493 montes,
289 2455 343 2486 cui
357 2447 518 2496 te'mplum
532 2457 763 2498 Capitolinum
778 2459 834 2490 im-

136 2501 299 2582 giinebat,
315 2514 381 2545 quo
409 2507 658 2548 triumphantes
676 2510 834 2541 ascende-

161 2554 231 2581 ant.

179 2602 220 2631 44
240 2600 338 2641 Quot]
353 2603 446 2635 Quot
461 2605 494 2636 in
511 2609 585 2637 toto
603 2608 716 2649 aliquo
731 2608 835 2639 hosti-

136 2661 193 2683 um
210 2652 363 2683 exercitu
378 2653 459 2684 satis
475 2658 580 2694 esset,
594 2655 711 2688 fuisse.
746 2658 833 2698 Cap-

138 2702 210 2741 tivi,
226 2702 489 2744 inquit‚justum
510 2706 700 2738 exercitum
722 2706 834 2740 facere

137 2753 339 2793 potuissent.

931 1807 973 1836 46
986 1804 1089 1845 Bato]
1106 1804 1303 1836 Pannonius
1319 1804 1388 1835 dux
1404 1803 1479 1845 fuit,
1492 1814 1592 1845 quem

889 1854 1038 1894 praemiis
1051 1853 1245 1895 ingentibus
1262 1854 1422 1885 donatum
1434 1853 1593 1886 Tiberius

890 1907 1087 1937 Ravennam
1106 1907 1301 1944 transtulit;
1342 1906 1484 1946 gratiam
1502 1906 1592 1937 refe-

891 1965 980 1995 rens,
994 1959 1032 1987 ut
1049 1956 1096 1986 ait
1116 1951 1312 1995 Suetonius,
1324 1955 1414 1995 quod
1438 1965 1473 1987 se
1486 1966 1591 1997 quon-

891 2005 966 2037 dam
985 2015 1060 2037 cum
1077 2006 1231 2036 exercitu
1245 2006 1425 2046 iniquitate
1442 2006 1508 2037 loci
1525 2007 1591 2038 cir-

891 2056 1100 2087 cumclusum
1118 2064 1236 2094 passus
1251 2059 1341 2086 esset
1358 2056 1513 2087 evadere.

932 2108 973 2136 47
998 2105 1161 2145 Numinis]
1190 2106 1242 2136 De
1257 2105 1413 2145 Augusto
1428 2106 1590 2146 loquitur.

931 2158 973 2186 48
997 2155 1110 2195 Mites]
1143 2155 1317 2196 Siquidem
1340 2155 1495 2186 Tiberius
1522 2155 1590 2186 Au-

890 2208 1075 2245 gustusque
1094 2204 1180 2235 adeo
1197 2204 1322 2235 Batoni
1338 2205 1482 2246 aliisque
1498 2204 1590 2236 duci-

890 2253 952 2284 bus
966 2253 1148 2284 Pannoniis
1163 2258 1405 2294 pepercerunt.

931 2306 973 2334 49
1000 2301 1201 2343 Germanice]
1225 2303 1328 2334 Filius
1339 2302 1405 2334 fuit
1429 2304 1545 2343 Drusi,
1571 2314 1591 2335 a

887 2353 1022 2385 Tiberio
1055 2359 1188 2394 patruo,
1223 2355 1368 2393 Augusti
1404 2355 1590 2391 voluntate,

889 2403 1084 2444 adoptatus,
1116 2405 1172 2446 qui
1203 2415 1278 2435 curn
1306 2405 1439 2435 Tiberio
1469 2403 1588 2434 eodem
1638 2443 1642 2447 ῃ

889 2456 1055 2496 praeclara
1081 2457 1189 2486 multa
1206 2457 1237 2486 in
1255 2456 1438 2486 Germania
1462 2454 1564 2494 gessit
1579 2464 1588 2492 3

888 2507 930 2537 ob
954 2517 1030 2547 quae
1055 2507 1178 2547 oppida
1200 2507 1284 2537 dicit
1309 2506 1374 2535 isse
1402 2505 1462 2535 sub
1487 2505 1588 2535 titulo

888 2557 1031 2587 nominis
1045 2557 1114 2587 sni:
1140 2556 1262 2587 deindo
1275 2555 1364 2585 solus
1382 2554 1587 2593 triumphum

889 2607 988 2638 alium
1001 2606 1138 2644 meruit,
1150 2615 1247 2645 quen]
1259 2608 1378 2645 quarto
1390 2604 1431 2634 ab
1446 2604 1589 2645 Augusti

890 2656 983 2688 obitu
1015 2665 1102 2687 anno
1118 2656 1160 2686 de
1178 2655 1310 2687 Chattis
1338 2660 1373 2685 et
1396 2655 1587 2696 Cheruscis,

890 2707 995 2738 multo
1010 2710 1089 2738 ante
1106 2705 1291 2745 decretum,
1307 2705 1389 2744 egit.
