1877 3193
201 157 317 202 2668
699 170 738 201 r.
769 169 930 200 ovmu
962 169 1175 201 NAsoms

203 265 276 307 Ne
297 270 442 308 tamen
463 266 548 307 iste
569 269 712 307 metus
733 278 909 306 somnos
930 265 1009 306 tibi
1029 277 1227 319 rumpere
1247 265 1421 320 possit3
1598 265 1657 309 55

264 334 369 375 Non
391 336 518 384 ultra,
544 347 678 386 quam
699 334 783 384 vis,
806 333 1029 375 officiosus
1052 346 1154 375 ero:

203 401 355 454 Teque
377 406 533 454 tegam,
555 403 629 455 qui
652 402 737 453 sis3
769 402 856 442 nisi
875 401 975 442 cum
995 401 1240 455 permiseris
1258 401 1373 454 ipse.

259 467 446 521 Cogetur
463 482 591 510 nemo
612 483 767 510 munus
788 470 946 510 habere
966 483 1125 511 meum.

201 535 269 576 Tu
289 536 437 585 modo,
460 550 587 590 quem
609 541 787 590 poteras
808 538 879 579 vel
900 541 1047 592 aperte
1068 541 1186 577 tutus
1207 549 1370 587 amare,

260 604 307 644 Si
329 617 398 644 res
420 608 487 644 est
506 617 671 657 anceps
693 606 793 654 ista,
815 605 994 645 latenter
1016 617 1131 645 ama.
1599 604 1657 646 60

197 722 300 743 corum
316 713 375 743 erit
392 713 525 752 utrique,
550 712 578 742 si
591 712 667 742 mihi
682 709 862 751 conjunctus
876 713 967 750 longa
981 713 1195 744 consuetudine
1210 714 1293 744 nulla
1306 716 1396 754 parte
1411 712 1483 744 libri
1498 713 1557 744 mei
1572 715 1657 754 lega-

197 756 252 785 ris.
302 755 351 785 Ne
376 758 478 784 tamen
501 755 551 784 hic
572 755 665 784 timor
680 757 770 793 queat
793 754 851 784 tibi
875 754 1000 785 turbare
1023 764 1152 792 somnos,
1174 765 1233 785 non
1246 766 1297 786 ero
1321 756 1468 797 officiosus
1481 757 1550 796 plus
1563 767 1655 797 quam

198 798 285 827 sinis.
328 798 429 836 Atque
443 796 558 833 celabo,
583 796 634 835 qui
649 796 704 832 sis,
727 796 787 826 nisi
808 797 956 836 cumipse
971 797 1163 827 concesseris,
1210 799 1320 829 Nullus
1345 802 1472 837 cogetur
1490 798 1562 836 frui
1588 808 1653 830 meo

197 840 353 879 beneficio.
401 839 445 869 Tu
461 842 594 877 εαηίιιιη,
621 838 649 868 si
672 848 718 869 res
733 838 792 869 ista
809 842 853 869 est
869 839 974 879 dubia,
1000 839 1113 870 occulte
1128 842 1230 869 anzato
1245 850 1333 880 quem
1346 844 1468 880 poteras
1489 851 1593 873 amare
1608 851 1655 872 se-

198 891 289 911 curus
302 882 395 912 etiam
408 882 522 920 palam.

806 934 820 945 e
827 933 940 944 “ee“
946 933 1019 944 ‘oce
1026 933 1041 944 e

196 988 296 1023 mere
311 987 465 1018 ’Μὴ-57
491 986 529 1018 P.
546 987 631 1019 Dan.
648 988 715 1028 quis
732 997 792 1029 pro
815 989 878 1029 qui.
923 989 1006 1020 Mox
1032 989 1128 1020 Serv.
1143 989 1200 1020 nis.
1217 989 1244 1019 sz'
1268 999 1363 1029 perm.
1380 994 1415 1020 et
1431 999 1515 1021 unus
1530 990 1571 1021 V.
1585 1000 1654 1030 per·

198 1030 340 1065 miserit,-
363 1029 451 1060 unde
474 1030 592 1060 Heim.
620 1032 678 1062 nis.
706 1042 764 1071 qua
788 1032 965 1072 permiserit
992 1032 1067 1071 ipse,
1094 1032 1242 1071 cogetur,
1258 1034 1399 1072 &fa—59
1422 1033 1518 1063 Modo
1535 1032 1655 1063 Heius.

197 1072 328 1111 ret-epit
344 1081 384 1102 ex
402 1072 595 1104 melioribus
611 1083 673 1114 pro
690 1074 778 1114 vulg.
795 1077 1009 1115 quoque.—60
1033 1076 1101 1106 Ista
1125 1084 1167 1105 ex
1193 1075 1236 1108 V.
1264 1075 1354 1116 vulg.
1376 1075 1450 1106 illa.-
1474 1075 1531 1107 alii
1546 1074 1655 1109 Codd.

197 1120 230 1144 et
247 1114 332 1145 Edd.
348 1114 551 1155 Aldin.i11se.

853 1159 992 1192 NOTAE

198 1220 288 1250 ciare
307 1220 466 1260 inventae,
483 1226 535 1252 ast
549 1223 632 1253 satis
647 1232 710 1254 non
728 1228 814 1255 tute.
996 1226 1037 1254 58
1061 1223 1192 1264 Munus]
1216 1224 1264 1255 Ut
1290 1224 1324 1255 in
1343 1224 1425 1256 meis
1440 1223 1593 1256 versibus
1609 1225 1656 1256 le-

240 1274 279 1298 55
306 1269 446 1310 Somnos]
494 1272 546 1302 Ex
579 1273 713 1311 timore,
742 1274 814 1304 scil.
844 1283 899 1312 ne,
953 1279 1065 1314 gatur.

199 1319 291 1349 dicto
316 1323 373 1348 tuo
404 1321 548 1359 nomine,
578 1326 612 1353 te
643 1322 722 1354 mihi
753 1323 898 1354 amicum
995 1326 1036 1354 60
1062 1322 1198 1362 Anceps]
1222 1323 1348 1356 Dubia,
1389 1323 1424 1355 Si
1456 1333 1510 1356 me
1538 1332 1651 1356 amare

197 1378 267 1400 esse
288 1368 458 1410 Augustus
474 1370 657 1413 intelligat.
953 1373 1064 1414 palam
1081 1382 1147 1403 non
1164 1373 1209 1404 sit
1226 1376 1346 1404 tutum.

636 1727 1045 1777 EPISTOLA
1099 1727 1219 1776 VII.

805 1893 1046 1937 AMICIS.

749 2040 1113 2075 ARGUMENTUM.

195 2131 251 2163 Αι)
271 2134 394 2165 amicos
419 2144 435 2164 e
449 2134 562 2165 Ponto
580 2133 732 2165 scribens
748 2134 874 2175 Poeta,
891 2133 934 2165 de
950 2134 999 2165 eis
1017 2132 1172 2176 queritur
1184 2133 1275 2175 quod
1293 2133 1360 2165 suis
1378 2133 1534 2175 precibus
1547 2134 1658 2165 nullus

232 2187 303 2224 jum
316 2184 392 2215 finis
410 2186 623 2225 imponatur:
648 2184 793 2226 sibique,
809 2196 885 2217 cum
903 2191 1004 2217 antea
1021 2187 1122 2218 variis
1137 2187 1292 2227 epistolis
1308 2186 1349 2219 ab
1369 2187 1496 2218 eisdem
1514 2186 1655 2227 petierit

239 2244 289 2276 ut,
306 2238 449 2276 scilicet,
464 2246 579 2267 eorum
595 2246 700 2277 opera
714 2241 774 2267 aut
797 2238 926 2268 reditus
941 2242 1000 2268 aut
1016 2238 1128 2269 mitius
1156 2239 1296 2269 exilium
1312 2238 1354 2269 ab
1370 2238 1523 2277 Augusto
1549 2238 1656 2277 impe-

240 2296 362 2328 tretur,
379 2289 545 2329 dicitjam
562 2290 665 2320 verba
677 2289 815 2321 deesse:
842 2290 1107 2330 variandanique
1121 2300 1210 2321 nunc
1227 2300 1301 2321 esse
1317 2290 1506 2328 materiam,
1529 2299 1572 2320 ne
1589 2290 1655 2320 illis

237 2344 398 2373 molestus
414 2343 471 2381 sit,
488 2353 526 2373 ac
544 2343 647 2373 etiam
664 2343 773 2380 uxori,
789 2352 864 2383 quae
882 2352 953 2382 prae
970 2343 1089 2373 timore
1107 2351 1171 2372 non
1194 2342 1341 2373 audebat
1355 2342 1419 2372 sibi
1433 2351 1533 2382 opem
1546 2341 1649 2374 ferre.

239 2395 289 2425 Ea
305 2399 418 2425 autem
435 2395 544 2425 omnia
559 2395 623 2425 sibi
639 2393 781 2425 ferenda
801 2404 897 2435 aequo
913 2395 1022 2425 animo
1049 2394 1220 2434 proponit,
1236 2394 1506 2435 quandoquidem
1524 2394 1651 2435 majora

234 2449 338 2478 etjam
356 2447 486 2478 tulerit.
532 2447 714 2479 Postremo
733 2447 766 2478 in
781 2448 884 2480 exilio
902 2447 965 2478 sibi
979 2447 1188 2478 moriendum
1207 2457 1280 2478 esse
1297 2448 1437 2488 colligit.

196 2546 391 2600 VERBA
413 2556 519 2597 mihi
538 2557 696 2597 desunt
711 2556 863 2598 eadem
882 2560 970 2598 tam
990 2569 1110 2611 saepe
1129 2557 1317 2610 roganti,

250 2623 444 2676 ,lamque
465 2624 605 2678 pudet
623 2636 762 2666 vanas
780 2624 867 2666 fine
889 2638 1034 2666 carere
1057 2638 1225 2679 preces.

242 2720 331 2752 Voces
357 2721 529 2753 destituunt
546 2732 592 2754 me
613 2726 752 2755 orantem
779 2722 872 2755 toties
897 2724 1012 2763 eadem,
1029 2723 1156 2764 jamque
1178 2725 1274 2765 pudet
1294 2733 1400 2764 preces
1423 2722 1531 2755 inanes
1544 2731 1648 2755 carere
