<?xml version="1.0" encoding="UTF-8"?>
<!DOCTYPE html PUBLIC "-//W3C//DTD XHTML 1.0 Transitional//EN"
    "http://www.w3.org/TR/xhtml1/DTD/xhtml1-transitional.dtd">
<html xmlns="http://www.w3.org/1999/xhtml" xml:lang="en" lang="en">
 <head>
  <title>
</title>
<meta http-equiv="Content-Type" content="text/html;charset=utf-8" />
  <meta name='ocr-system' content='tesseract 3.04.00' />
  <meta name='ocr-capabilities' content='ocr_page ocr_carea ocr_par ocr_line ocrx_word'/>
</head>
<body>
  <div class='ocr_page' id='page_1' title='image "./operaomniaexedit05oviduoft/operaomniaexedit05oviduoft_0453.png"; bbox 0 0 1877 3193; ppageno 0'>
   <div class='ocr_carea' id='block_1_1' title="bbox 551 186 1661 229">
    <p class='ocr_par' dir='ltr' id='par_1_1' title="bbox 551 186 1661 229">
     <span class='ocr_line' id='line_1_1' title="bbox 551 186 1661 229; baseline 0.005 -5"><span class='ocrx_word' id='word_1_1' title='bbox 551 193 700 224; x_wconf 74' lang='lat' dir='ltr'>Emsr.</span> <span class='ocrx_word' id='word_1_2' title='bbox 736 194 800 224; x_wconf 82' lang='lat' dir='ltr'>Ex</span> <span class='ocrx_word' id='word_1_3' title='bbox 836 195 995 225; x_wconf 68' lang='lat' dir='ltr'>rouro</span> <span class='ocrx_word' id='word_1_4' title='bbox 1029 195 1124 226; x_wconf 73' lang='lat' dir='ltr'>ms.</span> <span class='ocrx_word' id='word_1_5' title='bbox 1158 195 1231 226; x_wconf 76' lang='grc' dir='ltr'>ιη.</span> <span class='ocrx_word' id='word_1_6' title='bbox 1263 186 1306 225; x_wconf 83' lang='grc'>4.</span> <span class='ocrx_word' id='word_1_7' title='bbox 1546 187 1661 229; x_wconf 72' lang='lat'>2651</span> 
     </span>
    </p>
   </div>
   <div class='ocr_carea' id='block_1_2' title="bbox 200 287 1664 944">
    <p class='ocr_par' dir='ltr' id='par_1_2' title="bbox 200 287 1664 944">
     <span class='ocr_line' id='line_1_2' title="bbox 201 287 1406 344; baseline 0.002 -15"><span class='ocrx_word' id='word_1_8' title='bbox 201 287 475 329; x_wconf 84' lang='lat' dir='ltr'>Conveniens</span> <span class='ocrx_word' id='word_1_9' title='bbox 497 289 641 329; x_wconf 85' lang='lat' dir='ltr'>animo</span> <span class='ocrx_word' id='word_1_10' title='bbox 667 301 802 341; x_wconf 86' lang='lat' dir='ltr'>genus</span> <span class='ocrx_word' id='word_1_11' title='bbox 822 293 886 330; x_wconf 87' lang='lat' dir='ltr'>est</span> <span class='ocrx_word' id='word_1_12' title='bbox 906 290 1014 342; x_wconf 82' lang='lat' dir='ltr'>tibi3</span> <span class='ocrx_word' id='word_1_13' title='bbox 1045 290 1194 331; x_wconf 82' lang='lat' dir='ltr'>nobile</span> <span class='ocrx_word' id='word_1_14' title='bbox 1214 302 1406 344; x_wconf 85' lang='lat' dir='ltr'>namque</span> 
     </span>
     <span class='ocr_line' id='line_1_3' title="bbox 260 354 1664 409; baseline 0.001 -13"><span class='ocrx_word' id='word_1_15' title='bbox 260 354 437 406; x_wconf 84' lang='lat' dir='ltr'>Pectus,</span> <span class='ocrx_word' id='word_1_16' title='bbox 459 359 502 396; x_wconf 88' lang='lat' dir='ltr'>et</span> <span class='ocrx_word' id='word_1_17' title='bbox 524 355 761 396; x_wconf 83' lang='lat' dir='ltr'>Herculeae</span> <span class='ocrx_word' id='word_1_18' title='bbox 785 356 1098 409; x_wconf 81' lang='lat' dir='ltr'>simplicitatiS,</span> <span class='ocrx_word' id='word_1_19' title='bbox 1120 357 1270 398; x_wconf 82' lang='lat' dir='ltr'>habes.</span> <span class='ocrx_word' id='word_1_20' title='bbox 1580 355 1664 398; x_wconf 90' lang='grc'>100</span> 
     </span>
     <span class='ocr_line' id='line_1_4' title="bbox 200 421 1289 476; baseline 0.003 -14"><span class='ocrx_word' id='word_1_21' title='bbox 200 421 353 471; x_wconf 86' lang='lat' dir='ltr'>Livor,</span> <span class='ocrx_word' id='word_1_22' title='bbox 377 423 490 463; x_wconf 89' lang='lat' dir='ltr'>iners</span> <span class='ocrx_word' id='word_1_23' title='bbox 513 423 681 472; x_wconf 86' lang='lat' dir='ltr'>vitium,</span> <span class='ocrx_word' id='word_1_24' title='bbox 699 436 840 463; x_wconf 90' lang='lat' dir='ltr'>mores</span> <span class='ocrx_word' id='word_1_25' title='bbox 861 436 949 463; x_wconf 90' lang='lat' dir='ltr'>non</span> <span class='ocrx_word' id='word_1_26' title='bbox 972 424 1067 463; x_wconf 79' lang='lat' dir='ltr'>exit</span> <span class='ocrx_word' id='word_1_27' title='bbox 1087 424 1131 462; x_wconf 90' lang='lat' dir='ltr'>in</span> <span class='ocrx_word' id='word_1_28' title='bbox 1149 425 1289 476; x_wconf 81' lang='lat' dir='ltr'>altos3</span> 
     </span>
     <span class='ocr_line' id='line_1_5' title="bbox 260 488 1174 542; baseline -0.003 -12"><span class='ocrx_word' id='word_1_29' title='bbox 260 489 411 542; x_wconf 89' lang='lat' dir='ltr'>thue</span> <span class='ocrx_word' id='word_1_30' title='bbox 429 489 568 529; x_wconf 85' lang='lat' dir='ltr'>latens</span> <span class='ocrx_word' id='word_1_31' title='bbox 584 491 673 529; x_wconf 86' lang='lat' dir='ltr'>ima</span> <span class='ocrx_word' id='word_1_32' title='bbox 694 489 846 540; x_wconf 83' lang='lat' dir='ltr'>vipera</span> <span class='ocrx_word' id='word_1_33' title='bbox 869 489 1008 541; x_wconf 85' lang='lat' dir='ltr'>serpit</span> <span class='ocrx_word' id='word_1_34' title='bbox 1028 488 1174 528; x_wconf 90' lang='lat' dir='ltr'>humo.</span> 
     </span>
     <span class='ocr_line' id='line_1_6' title="bbox 203 554 1329 607; baseline -0.001 -11"><span class='ocrx_word' id='word_1_35' title='bbox 203 555 334 596; x_wconf 88' lang='lat' dir='ltr'>Mens</span> <span class='ocrx_word' id='word_1_36' title='bbox 355 559 430 596; x_wconf 85' lang='lat' dir='ltr'>tua</span> <span class='ocrx_word' id='word_1_37' title='bbox 450 555 647 594; x_wconf 91' lang='lat' dir='ltr'>sublimis</span> <span class='ocrx_word' id='word_1_38' title='bbox 668 566 800 607; x_wconf 82' lang='lat' dir='ltr'>supra</span> <span class='ocrx_word' id='word_1_39' title='bbox 822 566 956 605; x_wconf 85' lang='lat' dir='ltr'>genus</span> <span class='ocrx_word' id='word_1_40' title='bbox 976 554 1141 594; x_wconf 89' lang='lat' dir='ltr'>eminet</span> <span class='ocrx_word' id='word_1_41' title='bbox 1159 554 1329 607; x_wconf 89' lang='lat' dir='ltr'>ipsum:</span> 
     </span>
     <span class='ocr_line' id='line_1_7' title="bbox 259 620 1201 673; baseline -0.003 -10"><span class='ocrx_word' id='word_1_42' title='bbox 259 621 476 664; x_wconf 78' lang='lat' dir='ltr'>Grandius</span> <span class='ocrx_word' id='word_1_43' title='bbox 497 621 668 673; x_wconf 82' lang='lat' dir='ltr'>ingenio</span> <span class='ocrx_word' id='word_1_44' title='bbox 691 632 773 660; x_wconf 86' lang='lat' dir='ltr'>nec</span> <span class='ocrx_word' id='word_1_45' title='bbox 796 620 875 660; x_wconf 90' lang='lat' dir='ltr'>tibi</span> <span class='ocrx_word' id='word_1_46' title='bbox 897 633 1056 661; x_wconf 88' lang='lat' dir='ltr'>nomen</span> <span class='ocrx_word' id='word_1_47' title='bbox 1078 621 1201 662; x_wconf 89' lang='lat' dir='ltr'>inest.</span> 
     </span>
     <span class='ocr_line' id='line_1_8' title="bbox 201 687 1663 741; baseline 0.001 -11"><span class='ocrx_word' id='word_1_48' title='bbox 201 688 315 741; x_wconf 86' lang='lat' dir='ltr'>Ergo</span> <span class='ocrx_word' id='word_1_49' title='bbox 336 689 411 728; x_wconf 83' lang='lat' dir='ltr'>alii</span> <span class='ocrx_word' id='word_1_50' title='bbox 431 691 617 728; x_wconf 78' lang='lat' dir='ltr'>noceant</span> <span class='ocrx_word' id='word_1_51' title='bbox 638 687 824 736; x_wconf 84' lang='lat' dir='ltr'>miseris,</span> <span class='ocrx_word' id='word_1_52' title='bbox 845 692 1086 741; x_wconf 86' lang='lat' dir='ltr'>optentque</span> <span class='ocrx_word' id='word_1_53' title='bbox 1107 687 1274 740; x_wconf 86' lang='lat' dir='ltr'>timeri3</span> <span class='ocrx_word' id='word_1_54' title='bbox 1578 689 1663 732; x_wconf 84' lang='lat'>105</span> 
     </span>
     <span class='ocr_line' id='line_1_9' title="bbox 257 750 1232 807; baseline 0 -11"><span class='ocrx_word' id='word_1_55' title='bbox 257 750 507 807; x_wconf 74' lang='lat' dir='ltr'>Tinctaque</span> <span class='ocrx_word' id='word_1_56' title='bbox 525 754 723 795; x_wconf 86' lang='lat' dir='ltr'>mordaci</span> <span class='ocrx_word' id='word_1_57' title='bbox 746 755 917 807; x_wconf 79' lang='lat' dir='ltr'>spicula</span> <span class='ocrx_word' id='word_1_58' title='bbox 938 755 1037 794; x_wconf 85' lang='lat' dir='ltr'>felle</span> <span class='ocrx_word' id='word_1_59' title='bbox 1057 758 1232 807; x_wconf 84' lang='lat' dir='ltr'>gerant:</span> 
     </span>
     <span class='ocr_line' id='line_1_10' title="bbox 202 822 1368 876; baseline 0 -12"><span class='ocrx_word' id='word_1_60' title='bbox 202 823 264 865; x_wconf 84' lang='lat' dir='ltr'>At</span> <span class='ocrx_word' id='word_1_61' title='bbox 283 826 359 864; x_wconf 85' lang='lat' dir='ltr'>tua</span> <span class='ocrx_word' id='word_1_62' title='bbox 380 823 658 876; x_wconf 83' lang='lat' dir='ltr'>supplicibus</span> <span class='ocrx_word' id='word_1_63' title='bbox 679 822 836 863; x_wconf 92' lang='lat' dir='ltr'>domus</span> <span class='ocrx_word' id='word_1_64' title='bbox 858 827 925 864; x_wconf 89' lang='lat' dir='ltr'>est</span> <span class='ocrx_word' id='word_1_65' title='bbox 945 826 1120 863; x_wconf 82' lang='lat' dir='ltr'>assueta</span> <span class='ocrx_word' id='word_1_66' title='bbox 1133 822 1368 876; x_wconf 84' lang='lat' dir='ltr'>juvandis:</span> 
     </span>
     <span class='ocr_line' id='line_1_11' title="bbox 256 890 1257 944; baseline 0 -13"><span class='ocrx_word' id='word_1_67' title='bbox 256 890 311 931; x_wconf 90' lang='lat' dir='ltr'>In</span> <span class='ocrx_word' id='word_1_68' title='bbox 331 903 515 944; x_wconf 87' lang='lat' dir='ltr'>quorum</span> <span class='ocrx_word' id='word_1_69' title='bbox 534 902 713 930; x_wconf 89' lang='lat' dir='ltr'>numero</span> <span class='ocrx_word' id='word_1_70' title='bbox 736 902 806 930; x_wconf 89' lang='lat' dir='ltr'>me</span> <span class='ocrx_word' id='word_1_71' title='bbox 829 903 983 943; x_wconf 87' lang='lat' dir='ltr'>precor</span> <span class='ocrx_word' id='word_1_72' title='bbox 1005 903 1103 930; x_wconf 88' lang='lat' dir='ltr'>esse</span> <span class='ocrx_word' id='word_1_73' title='bbox 1129 890 1257 931; x_wconf 86' lang='lat' dir='ltr'>velis.</span> 
     </span>
    </p>
   </div>
   <div class='ocr_carea' id='block_1_3' title="bbox 191 1008 1666 1263">
    <p class='ocr_par' dir='ltr' id='par_1_3' title="bbox 191 1008 1666 1263">
     <span class='ocr_line' id='line_1_12' title="bbox 198 1008 1664 1051; baseline 0.001 -11"><span class='ocrx_word' id='word_1_74' title='bbox 198 1009 313 1047; x_wconf 76' lang='lat' dir='ltr'>album,</span> <span class='ocrx_word' id='word_1_75' title='bbox 317 1010 362 1051; x_wconf 80' lang='lat' dir='ltr'>fit</span> <span class='ocrx_word' id='word_1_76' title='bbox 379 1010 580 1041; x_wconf 77' lang='lat' dir='ltr'>terebinthus.</span> <span class='ocrx_word' id='word_1_77' title='bbox 629 1010 736 1041; x_wconf 79' lang='lat' dir='ltr'>Genus</span> <span class='ocrx_word' id='word_1_78' title='bbox 751 1013 796 1041; x_wconf 82' lang='lat' dir='ltr'>est</span> <span class='ocrx_word' id='word_1_79' title='bbox 813 1010 871 1042; x_wconf 66' lang='lat' dir='ltr'>tila·</span> <span class='ocrx_word' id='word_1_80' title='bbox 886 1012 984 1042; x_wconf 81' lang='lat' dir='ltr'>simile</span> <span class='ocrx_word' id='word_1_81' title='bbox 995 1010 1098 1041; x_wconf 77' lang='lat' dir='ltr'>animo</span> <span class='ocrx_word' id='word_1_82' title='bbox 1114 1021 1125 1047; x_wconf 89' lang='lat'><strong><em>;</em></strong></span> <span class='ocrx_word' id='word_1_83' title='bbox 1148 1019 1277 1050; x_wconf 79' lang='lat' dir='ltr'>namque</span> <span class='ocrx_word' id='word_1_84' title='bbox 1304 1008 1396 1040; x_wconf 78' lang='lat' dir='ltr'>habes</span> <span class='ocrx_word' id='word_1_85' title='bbox 1418 1019 1470 1040; x_wconf 87' lang='lat' dir='ltr'>cor</span> <span class='ocrx_word' id='word_1_86' title='bbox 1481 1019 1664 1049; x_wconf 79' lang='lat' dir='ltr'>generosum</span> 
     </span>
     <span class='ocr_line' id='line_1_13' title="bbox 201 1052 1666 1094; baseline 0.001 -11"><span class='ocrx_word' id='word_1_87' title='bbox 201 1056 231 1083; x_wconf 80' lang='lat' dir='ltr'>et</span> <span class='ocrx_word' id='word_1_88' title='bbox 247 1053 389 1083; x_wconf 77' lang='lat' dir='ltr'>candoris</span> <span class='ocrx_word' id='word_1_89' title='bbox 406 1053 564 1084; x_wconf 80' lang='lat' dir='ltr'>Herculei.</span> <span class='ocrx_word' id='word_1_90' title='bbox 613 1053 738 1084; x_wconf 75' lang='lat' dir='ltr'>Invidia</span> <span class='ocrx_word' id='word_1_91' title='bbox 756 1054 866 1084; x_wconf 75' lang='lat' dir='ltr'>vitium</span> <span class='ocrx_word' id='word_1_92' title='bbox 882 1054 1029 1093; x_wconf 78' lang='lat' dir='ltr'>ignavum</span> <span class='ocrx_word' id='word_1_93' title='bbox 1046 1063 1105 1083; x_wconf 84' lang='lat' dir='ltr'>non</span> <span class='ocrx_word' id='word_1_94' title='bbox 1132 1053 1262 1091; x_wconf 80' lang='lat' dir='ltr'>infestat</span> <span class='ocrx_word' id='word_1_95' title='bbox 1282 1052 1357 1083; x_wconf 78' lang='lat' dir='ltr'>istos</span> <span class='ocrx_word' id='word_1_96' title='bbox 1382 1062 1479 1082; x_wconf 79' lang='lat' dir='ltr'>mores</span> <span class='ocrx_word' id='word_1_97' title='bbox 1491 1063 1504 1089; x_wconf 93' lang='lat'><em>;</em></span> <span class='ocrx_word' id='word_1_98' title='bbox 1527 1055 1558 1083; x_wconf 84' lang='lat' dir='ltr'>et</span> <span class='ocrx_word' id='word_1_99' title='bbox 1582 1055 1666 1094; x_wconf 71' lang='lat' dir='ltr'>repit</span> 
     </span>
     <span class='ocr_line' id='line_1_14' title="bbox 202 1094 1665 1136; baseline 0.001 -11"><span class='ocrx_word' id='word_1_100' title='bbox 202 1096 296 1127; x_wconf 79' lang='lat' dir='ltr'>veluti</span> <span class='ocrx_word' id='word_1_101' title='bbox 312 1096 416 1135; x_wconf 73' lang='lat' dir='ltr'>vipera</span> <span class='ocrx_word' id='word_1_102' title='bbox 432 1096 556 1126; x_wconf 70' lang='lat' dir='ltr'>condita</span> <span class='ocrx_word' id='word_1_103' title='bbox 573 1099 658 1126; x_wconf 78' lang='lat' dir='ltr'>terra</span> <span class='ocrx_word' id='word_1_104' title='bbox 673 1096 791 1136; x_wconf 84' lang='lat' dir='ltr'>infima.</span> <span class='ocrx_word' id='word_1_105' title='bbox 836 1097 969 1127; x_wconf 78' lang='lat' dir='ltr'>Animus</span> <span class='ocrx_word' id='word_1_106' title='bbox 982 1099 1052 1127; x_wconf 83' lang='lat' dir='ltr'>tuus</span> <span class='ocrx_word' id='word_1_107' title='bbox 1067 1097 1206 1126; x_wconf 74' lang='lat' dir='ltr'>excelsus</span> <span class='ocrx_word' id='word_1_108' title='bbox 1221 1096 1343 1125; x_wconf 75' lang='lat' dir='ltr'>tollitur</span> <span class='ocrx_word' id='word_1_109' title='bbox 1357 1104 1451 1134; x_wconf 79' lang='lat' dir='ltr'>supra</span> <span class='ocrx_word' id='word_1_110' title='bbox 1471 1094 1665 1127; x_wconf 73' lang='lat' dir='ltr'>nobilitatem</span> 
     </span>
     <span class='ocr_line' id='line_1_15' title="bbox 202 1137 1664 1178; baseline 0.001 -10"><span class='ocrx_word' id='word_1_111' title='bbox 202 1139 321 1178; x_wconf 56' lang='lat' dir='ltr'>ipsuum</span> <span class='ocrx_word' id='word_1_112' title='bbox 344 1148 440 1177; x_wconf 81' lang='lat' dir='ltr'>neque</span> <span class='ocrx_word' id='word_1_113' title='bbox 454 1149 562 1169; x_wconf 77' lang='lat' dir='ltr'>nomen</span> <span class='ocrx_word' id='word_1_114' title='bbox 581 1141 625 1169; x_wconf 82' lang='lat' dir='ltr'>est</span> <span class='ocrx_word' id='word_1_115' title='bbox 651 1139 711 1169; x_wconf 72' lang='lat' dir='ltr'>tibi</span> <span class='ocrx_word' id='word_1_116' title='bbox 728 1139 882 1169; x_wconf 78' lang='lat' dir='ltr'>illustrius</span> <span class='ocrx_word' id='word_1_117' title='bbox 904 1143 1029 1170; x_wconf 77' lang='lat' dir='ltr'>nutura.</span> <span class='ocrx_word' id='word_1_118' title='bbox 1072 1139 1141 1168; x_wconf 68' lang='lat' dir='ltr'>Alii</span> <span class='ocrx_word' id='word_1_119' title='bbox 1170 1138 1270 1177; x_wconf 81' lang='lat' dir='ltr'>igitur</span> <span class='ocrx_word' id='word_1_120' title='bbox 1297 1138 1395 1166; x_wconf 82' lang='lat' dir='ltr'>obsint</span> <span class='ocrx_word' id='word_1_121' title='bbox 1419 1137 1554 1177; x_wconf 74' lang='lat' dir='ltr'>afflictis,</span> <span class='ocrx_word' id='word_1_122' title='bbox 1569 1141 1599 1169; x_wconf 79' lang='lat' dir='ltr'>et</span> <span class='ocrx_word' id='word_1_123' title='bbox 1613 1148 1664 1169; x_wconf 80' lang='lat' dir='ltr'>cu-</span> 
     </span>
     <span class='ocr_line' id='line_1_16' title="bbox 197 1180 1665 1222; baseline 0 -11"><span class='ocrx_word' id='word_1_124' title='bbox 197 1181 288 1220; x_wconf 80' lang='lat' dir='ltr'>piant</span> <span class='ocrx_word' id='word_1_125' title='bbox 304 1191 367 1211; x_wconf 77' lang='lat' dir='ltr'>esse</span> <span class='ocrx_word' id='word_1_126' title='bbox 382 1181 501 1220; x_wconf 75' lang='lat' dir='ltr'>pavori,</span> <span class='ocrx_word' id='word_1_127' title='bbox 516 1184 544 1211; x_wconf 84' lang='lat' dir='ltr'>et</span> <span class='ocrx_word' id='word_1_128' title='bbox 552 1180 663 1218; x_wconf 83' lang='lat' dir='ltr'>ferant</span> <span class='ocrx_word' id='word_1_129' title='bbox 678 1182 813 1220; x_wconf 66' lang='lat' dir='ltr'>sagittas</span> <span class='ocrx_word' id='word_1_130' title='bbox 828 1181 960 1219; x_wconf 77' lang='lat' dir='ltr'>infectas</span> <span class='ocrx_word' id='word_1_131' title='bbox 970 1181 1046 1218; x_wconf 83' lang='lat' dir='ltr'>felle</span> <span class='ocrx_word' id='word_1_132' title='bbox 1066 1190 1180 1212; x_wconf 82' lang='lat' dir='ltr'>amaro.</span> <span class='ocrx_word' id='word_1_133' title='bbox 1226 1181 1269 1211; x_wconf 84' lang='lat' dir='ltr'>At</span> <span class='ocrx_word' id='word_1_134' title='bbox 1287 1183 1341 1210; x_wconf 80' lang='lat' dir='ltr'>tua</span> <span class='ocrx_word' id='word_1_135' title='bbox 1355 1180 1464 1210; x_wconf 82' lang='lat' dir='ltr'>domus</span> <span class='ocrx_word' id='word_1_136' title='bbox 1488 1180 1563 1211; x_wconf 85' lang='lat' dir='ltr'>solet</span> <span class='ocrx_word' id='word_1_137' title='bbox 1578 1190 1665 1222; x_wconf 82' lang='lat' dir='ltr'>opem</span> 
     </span>
     <span class='ocr_line' id='line_1_17' title="bbox 191 1223 1148 1263; baseline -0.001 -9"><span class='ocrx_word' id='word_1_138' title='bbox 191 1223 283 1261; x_wconf 82' lang='lat' dir='ltr'>ferre</span> <span class='ocrx_word' id='word_1_139' title='bbox 300 1223 429 1262; x_wconf 70' lang='lat' dir='ltr'>abjectis</span> <span class='ocrx_word' id='word_1_140' title='bbox 443 1234 455 1260; x_wconf 91' lang='lat'><em>;</em></span> <span class='ocrx_word' id='word_1_141' title='bbox 477 1224 510 1254; x_wconf 82' lang='lat' dir='ltr'>in</span> <span class='ocrx_word' id='word_1_142' title='bbox 523 1233 651 1263; x_wconf 83' lang='lat' dir='ltr'>quorum</span> <span class='ocrx_word' id='word_1_143' title='bbox 665 1233 790 1254; x_wconf 80' lang='lat' dir='ltr'>numero</span> <span class='ocrx_word' id='word_1_144' title='bbox 802 1233 853 1254; x_wconf 87' lang='lat' dir='ltr'>oro</span> <span class='ocrx_word' id='word_1_145' title='bbox 865 1223 1000 1263; x_wconf 75' lang='lat' dir='ltr'>patiaris</span> <span class='ocrx_word' id='word_1_146' title='bbox 1014 1232 1061 1253; x_wconf 86' lang='lat' dir='ltr'>me</span> <span class='ocrx_word' id='word_1_147' title='bbox 1076 1232 1148 1253; x_wconf 83' lang='lat' dir='ltr'>esse.</span> 
     </span>
    </p>
   </div>
   <div class='ocr_carea' id='block_1_4' title="bbox 812 1296 1046 1308">
    <p class='ocr_par' dir='ltr' id='par_1_4' title="bbox 812 1296 1046 1308">
     <span class='ocr_line' id='line_1_18' title="bbox 812 1296 1046 1308; baseline -0.004 0"><span class='ocrx_word' id='word_1_148' title='bbox 812 1296 1046 1308; x_wconf 55' lang='lat' dir='ltr'>creatum&amp;</span> 
     </span>
    </p>
   </div>
   <div class='ocr_carea' id='block_1_5' title="bbox 201 1348 1666 1518">
    <p class='ocr_par' dir='ltr' id='par_1_5' title="bbox 201 1348 1666 1518">
     <span class='ocr_line' id='line_1_19' title="bbox 206 1348 1666 1390; baseline 0.001 -10"><span class='ocrx_word' id='word_1_149' title='bbox 206 1350 370 1390; x_wconf 81' lang='lat' dir='ltr'>Coeperunt</span> <span class='ocrx_word' id='word_1_150' title='bbox 385 1359 411 1380; x_wconf 81' lang='lat' dir='ltr'>s.</span> <span class='ocrx_word' id='word_1_151' title='bbox 428 1348 613 1387; x_wconf 72' lang='lat' dir='ltr'>invigilare.-</span> <span class='ocrx_word' id='word_1_152' title='bbox 630 1349 744 1380; x_wconf 88' lang='lat' dir='ltr'>Burm.</span> <span class='ocrx_word' id='word_1_153' title='bbox 757 1349 846 1390; x_wconf 90' lang='lat' dir='ltr'>conj.</span> <span class='ocrx_word' id='word_1_154' title='bbox 865 1350 990 1389; x_wconf 82' lang='lat' dir='ltr'>Coepere</span> <span class='ocrx_word' id='word_1_155' title='bbox 1005 1353 1061 1381; x_wconf 76' lang='lat' dir='ltr'>aut</span> <span class='ocrx_word' id='word_1_156' title='bbox 1073 1359 1096 1380; x_wconf 86' lang='lat' dir='ltr'>s.</span> <span class='ocrx_word' id='word_1_157' title='bbox 1108 1350 1257 1389; x_wconf 77' lang='lat' dir='ltr'>etigilare</span> <span class='ocrx_word' id='word_1_158' title='bbox 1270 1349 1448 1381; x_wconf 79' lang='lat' dir='ltr'>mei.—101</span> <span class='ocrx_word' id='word_1_159' title='bbox 1465 1348 1546 1381; x_wconf 86' lang='lat' dir='ltr'>Jun.</span> <span class='ocrx_word' id='word_1_160' title='bbox 1564 1352 1666 1381; x_wconf 76' lang='lat' dir='ltr'>trans-</span> 
     </span>
     <span class='ocr_line' id='line_1_20' title="bbox 202 1392 1665 1433; baseline 0 -10"><span class='ocrx_word' id='word_1_161' title='bbox 202 1394 227 1424; x_wconf 78' lang='lat' dir='ltr'>it</span> <span class='ocrx_word' id='word_1_162' title='bbox 256 1401 318 1433; x_wconf 87' lang='lat' dir='ltr'>pro</span> <span class='ocrx_word' id='word_1_163' title='bbox 347 1392 427 1422; x_wconf 76' lang='lat' dir='ltr'>exit.</span> <span class='ocrx_word' id='word_1_164' title='bbox 461 1393 544 1422; x_wconf 81' lang='lat' dir='ltr'>Mox</span> <span class='ocrx_word' id='word_1_165' title='bbox 571 1393 650 1422; x_wconf 80' lang='lat' dir='ltr'>altos</span> <span class='ocrx_word' id='word_1_166' title='bbox 680 1392 813 1433; x_wconf 85' lang='lat' dir='ltr'>plurimi</span> <span class='ocrx_word' id='word_1_167' title='bbox 840 1397 925 1424; x_wconf 90' lang='lat' dir='ltr'>vett.</span> <span class='ocrx_word' id='word_1_168' title='bbox 955 1392 1045 1433; x_wconf 89' lang='lat' dir='ltr'>quod</span> <span class='ocrx_word' id='word_1_169' title='bbox 1076 1402 1142 1423; x_wconf 90' lang='lat' dir='ltr'>non</span> <span class='ocrx_word' id='word_1_170' title='bbox 1169 1393 1283 1433; x_wconf 88' lang='lat' dir='ltr'>placet</span> <span class='ocrx_word' id='word_1_171' title='bbox 1310 1392 1431 1423; x_wconf 89' lang='lat' dir='ltr'>Heins.</span> <span class='ocrx_word' id='word_1_172' title='bbox 1463 1392 1553 1432; x_wconf 86' lang='lat' dir='ltr'>vulg.</span> <span class='ocrx_word' id='word_1_173' title='bbox 1579 1393 1665 1423; x_wconf 78' lang='lat' dir='ltr'>istos.</span> 
     </span>
     <span class='ocr_line' id='line_1_21' title="bbox 201 1433 1665 1476; baseline -0.001 -10"><span class='ocrx_word' id='word_1_174' title='bbox 201 1436 320 1466; x_wconf 83' lang='lat' dir='ltr'>Burm.</span> <span class='ocrx_word' id='word_1_175' title='bbox 350 1433 495 1475; x_wconf 84' lang='lat' dir='ltr'>praefert</span> <span class='ocrx_word' id='word_1_176' title='bbox 521 1435 613 1473; x_wconf 73' lang='grc' dir='ltr'><strong><em>ιιΙιοε,</em></strong></span> <span class='ocrx_word' id='word_1_177' title='bbox 641 1439 678 1466; x_wconf 90' lang='lat' dir='ltr'>ut</span> <span class='ocrx_word' id='word_1_178' title='bbox 694 1435 865 1475; x_wconf 81' lang='lat' dir='ltr'>oppositio</span> <span class='ocrx_word' id='word_1_179' title='bbox 893 1435 936 1465; x_wconf 86' lang='lat' dir='ltr'>sit</span> <span class='ocrx_word' id='word_1_180' title='bbox 964 1444 1040 1465; x_wconf 89' lang='lat' dir='ltr'>cum</span> <span class='ocrx_word' id='word_1_181' title='bbox 1064 1437 1072 1452; x_wconf 86' lang='lat'>‘</span> <span class='ocrx_word' id='word_1_182' title='bbox 1088 1437 1196 1474; x_wconf 75' lang='lat' dir='ltr'>serpit</span> <span class='ocrx_word' id='word_1_183' title='bbox 1220 1434 1448 1466; x_wconf 77' lang='lat' dir='ltr'>humo.’—102</span> <span class='ocrx_word' id='word_1_184' title='bbox 1473 1435 1554 1467; x_wconf 84' lang='lat' dir='ltr'>Lov.</span> <span class='ocrx_word' id='word_1_185' title='bbox 1570 1435 1665 1476; x_wconf 81' lang='lat' dir='ltr'>repsit</span> 
     </span>
     <span class='ocr_line' id='line_1_22' title="bbox 203 1477 1355 1518; baseline -0.002 -9"><span class='ocrx_word' id='word_1_186' title='bbox 203 1487 264 1518; x_wconf 84' lang='lat' dir='ltr'>pro</span> <span class='ocrx_word' id='word_1_187' title='bbox 279 1477 496 1518; x_wconf 77' lang='lat' dir='ltr'>serpit.—104</span> <span class='ocrx_word' id='word_1_188' title='bbox 522 1477 561 1508; x_wconf 90' lang='lat' dir='ltr'>R.</span> <span class='ocrx_word' id='word_1_189' title='bbox 578 1487 659 1508; x_wconf 81' lang='lat' dir='ltr'>nom.</span> <span class='ocrx_word' id='word_1_190' title='bbox 676 1479 881 1508; x_wconf 81' lang='lat' dir='ltr'>adest.—-10⁷</span> <span class='ocrx_word' id='word_1_191' title='bbox 905 1477 986 1508; x_wconf 83' lang='lat' dir='ltr'>Jun.</span> <span class='ocrx_word' id='word_1_192' title='bbox 1003 1480 1058 1507; x_wconf 80' lang='lat' dir='ltr'>tua</span> <span class='ocrx_word' id='word_1_193' title='bbox 1070 1477 1260 1516; x_wconf 79' lang='lat' dir='ltr'>simplicibus</span> <span class='ocrx_word' id='word_1_194' title='bbox 1275 1479 1355 1507; x_wconf 83' lang='lat' dir='ltr'>dom.</span> 
     </span>
    </p>
   </div>
   <div class='ocr_carea' id='block_1_6' title="bbox 200 1571 1664 1839">
    <p class='ocr_par' dir='ltr' id='par_1_6' title="bbox 200 1571 1664 1839">
     <span class='ocr_line' id='line_1_23' title="bbox 862 1571 1002 1604; baseline -0.014 0"><span class='ocrx_word' id='word_1_195' title='bbox 862 1571 1002 1604; x_wconf 78' lang='lat' dir='ltr'>NOTAE</span> 
     </span>
     <span class='ocr_line' id='line_1_24' title="bbox 204 1642 1664 1688; baseline -0.001 -11"><span class='ocrx_word' id='word_1_196' title='bbox 204 1646 369 1686; x_wconf 82' lang='lat' dir='ltr'>Maxime,</span> <span class='ocrx_word' id='word_1_197' title='bbox 384 1656 531 1688; x_wconf 88' lang='lat' dir='ltr'>unquam</span> <span class='ocrx_word' id='word_1_198' title='bbox 547 1646 745 1678; x_wconf 77' lang='lat' dir='ltr'>mutaberis.</span> <span class='ocrx_word' id='word_1_199' title='bbox 959 1647 1047 1686; x_wconf 86' lang='lat' dir='ltr'>cule,</span> <span class='ocrx_word' id='word_1_200' title='bbox 1062 1655 1161 1687; x_wconf 89' lang='lat' dir='ltr'>quem</span> <span class='ocrx_word' id='word_1_201' title='bbox 1186 1643 1392 1676; x_wconf 81' lang='lat' dir='ltr'>Plutarchus</span> <span class='ocrx_word' id='word_1_202' title='bbox 1419 1642 1535 1674; x_wconf 75' lang='lat' dir='ltr'>Fabiae</span> <span class='ocrx_word' id='word_1_203' title='bbox 1551 1643 1664 1684; x_wconf 83' lang='lat' dir='ltr'>gentis</span> 
     </span>
     <span class='ocr_line' id='line_1_25' title="bbox 252 1695 1301 1736; baseline -0.003 -8"><span class='ocrx_word' id='word_1_204' title='bbox 252 1697 469 1736; x_wconf 77' lang='lat' dir='ltr'>Terebinthus]</span> <span class='ocrx_word' id='word_1_205' title='bbox 503 1696 616 1728; x_wconf 84' lang='lat' dir='ltr'>Arbor</span> <span class='ocrx_word' id='word_1_206' title='bbox 642 1702 697 1729; x_wconf 87' lang='lat' dir='ltr'>est</span> <span class='ocrx_word' id='word_1_207' title='bbox 722 1696 838 1727; x_wconf 87' lang='lat' dir='ltr'>eximii</span> <span class='ocrx_word' id='word_1_208' title='bbox 867 1705 906 1728; x_wconf 87' lang='lat' dir='ltr'>ae</span> <span class='ocrx_word' id='word_1_209' title='bbox 960 1702 1135 1728; x_wconf 84' lang='lat' dir='ltr'>auctorem</span> <span class='ocrx_word' id='word_1_210' title='bbox 1152 1695 1301 1736; x_wconf 86' lang='lat' dir='ltr'>scripsit.</span> 
     </span>
     <span class='ocr_line' id='line_1_26' title="bbox 202 1742 1663 1789; baseline -0.002 -11"><span class='ocrx_word' id='word_1_211' title='bbox 202 1748 291 1789; x_wconf 84' lang='lat' dir='ltr'>nigri</span> <span class='ocrx_word' id='word_1_212' title='bbox 316 1746 505 1788; x_wconf 84' lang='lat' dir='ltr'>splendoris</span> <span class='ocrx_word' id='word_1_213' title='bbox 531 1747 565 1778; x_wconf 91' lang='lat' dir='ltr'>in</span> <span class='ocrx_word' id='word_1_214' title='bbox 592 1748 690 1788; x_wconf 85' lang='lat' dir='ltr'>Syria</span> <span class='ocrx_word' id='word_1_215' title='bbox 714 1748 906 1788; x_wconf 85' lang='lat' dir='ltr'>praesertim</span> <span class='ocrx_word' id='word_1_216' title='bbox 1004 1749 1065 1777; x_wconf 76' lang='lat'>106</span> <span class='ocrx_word' id='word_1_217' title='bbox 1091 1745 1234 1787; x_wconf 79' lang='lat' dir='ltr'>Spicula]</span> <span class='ocrx_word' id='word_1_218' title='bbox 1267 1744 1320 1775; x_wconf 86' lang='lat' dir='ltr'>De</span> <span class='ocrx_word' id='word_1_219' title='bbox 1347 1742 1472 1783; x_wconf 85' lang='lat' dir='ltr'>linguae</span> <span class='ocrx_word' id='word_1_220' title='bbox 1497 1742 1663 1785; x_wconf 84' lang='lat' dir='ltr'>intelligit</span> 
     </span>
     <span class='ocr_line' id='line_1_27' title="bbox 200 1794 1502 1839; baseline -0.002 -10"><span class='ocrx_word' id='word_1_221' title='bbox 200 1807 353 1830; x_wconf 79' lang='lat' dir='ltr'>nascens·</span> <span class='ocrx_word' id='word_1_222' title='bbox 960 1798 1154 1839; x_wconf 71' lang='lat' dir='ltr'>praesertim</span> <span class='ocrx_word' id='word_1_223' title='bbox 1171 1794 1346 1829; x_wconf 85' lang='lat' dir='ltr'>venenatis</span> <span class='ocrx_word' id='word_1_224' title='bbox 1363 1794 1502 1826; x_wconf 75' lang='lat' dir='ltr'>aculeis,</span> 
     </span>
    </p>
   </div>
   <div class='ocr_carea' id='block_1_7' title="bbox 249 1847 906 1889">
    <p class='ocr_par' dir='ltr' id='par_1_7' title="bbox 249 1847 906 1889">
     <span class='ocr_line' id='line_1_28' title="bbox 249 1847 906 1889; baseline 0 -10"><span class='ocrx_word' id='word_1_225' title='bbox 249 1851 310 1880; x_wconf 87' lang='grc'>100</span> <span class='ocrx_word' id='word_1_226' title='bbox 334 1847 511 1889; x_wconf 63' lang='lat' dir='ltr'>Herculeae]</span> <span class='ocrx_word' id='word_1_227' title='bbox 534 1847 653 1882; x_wconf 83' lang='lat' dir='ltr'>Qualis</span> <span class='ocrx_word' id='word_1_228' title='bbox 669 1847 735 1880; x_wconf 88' lang='lat' dir='ltr'>fuit</span> <span class='ocrx_word' id='word_1_229' title='bbox 759 1847 794 1879; x_wconf 90' lang='lat' dir='ltr'>in</span> <span class='ocrx_word' id='word_1_230' title='bbox 818 1848 906 1879; x_wconf 87' lang='lat' dir='ltr'>Her·</span> 
     </span>
    </p>
   </div>
   <div class='ocr_carea' id='block_1_8' title="bbox 645 2218 1211 2268">
    <p class='ocr_par' dir='ltr' id='par_1_8' title="bbox 645 2218 1211 2268">
     <span class='ocr_line' id='line_1_29' title="bbox 645 2218 1211 2268; baseline -0.002 -2"><span class='ocrx_word' id='word_1_231' title='bbox 645 2218 950 2268; x_wconf 85' lang='lat' dir='ltr'><strong>EI’ISTO</strong></span> <span class='ocrx_word' id='word_1_232' title='bbox 966 2219 1064 2267; x_wconf 90' lang='lat' dir='ltr'>LA</span> <span class='ocrx_word' id='word_1_233' title='bbox 1120 2220 1211 2266; x_wconf 83' lang='lat' dir='ltr'>IV.</span> 
     </span>
    </p>
   </div>
   <div class='ocr_carea' id='block_1_9' title="bbox 795 2380 1059 2424">
    <p class='ocr_par' dir='ltr' id='par_1_9' title="bbox 795 2380 1059 2424">
     <span class='ocr_line' id='line_1_30' title="bbox 795 2380 1059 2424; baseline -0.004 0"><span class='ocrx_word' id='word_1_234' title='bbox 795 2380 1059 2424; x_wconf 87' lang='lat' dir='ltr'>RUFINO.</span> 
     </span>
    </p>
   </div>
   <div class='ocr_carea' id='block_1_10' title="bbox 754 2538 1116 2571">
    <p class='ocr_par' dir='ltr' id='par_1_10' title="bbox 754 2538 1116 2571">
     <span class='ocr_line' id='line_1_31' title="bbox 754 2538 1116 2571; baseline -0.011 0"><span class='ocrx_word' id='word_1_235' title='bbox 754 2538 1116 2571; x_wconf 86' lang='lat' dir='ltr'>ARGUMENTUM.</span> 
     </span>
    </p>
   </div>
   <div class='ocr_carea' id='block_1_11' title="bbox 212 2625 1660 2778">
    <p class='ocr_par' dir='ltr' id='par_1_11' title="bbox 212 2625 1660 2778">
     <span class='ocr_line' id='line_1_32' title="bbox 212 2625 1657 2671; baseline -0.001 -12"><span class='ocrx_word' id='word_1_236' title='bbox 212 2626 365 2659; x_wconf 75' lang='lat' dir='ltr'>&#39;l&#39;mmul</span> <span class='ocrx_word' id='word_1_237' title='bbox 384 2626 588 2658; x_wconf 83' lang='lat' dir='ltr'>Ovationem</span> <span class='ocrx_word' id='word_1_238' title='bbox 605 2638 665 2660; x_wconf 86' lang='lat' dir='ltr'>seu</span> <span class='ocrx_word' id='word_1_239' title='bbox 679 2630 898 2671; x_wconf 86' lang='lat' dir='ltr'>Triumphum</span> <span class='ocrx_word' id='word_1_240' title='bbox 915 2630 956 2661; x_wconf 88' lang='lat' dir='ltr'>de</span> <span class='ocrx_word' id='word_1_241' title='bbox 980 2628 1174 2666; x_wconf 86' lang='lat' dir='ltr'>Germania,</span> <span class='ocrx_word' id='word_1_242' title='bbox 1189 2627 1241 2657; x_wconf 87' lang='lat' dir='ltr'>vel</span> <span class='ocrx_word' id='word_1_243' title='bbox 1266 2625 1376 2667; x_wconf 82' lang='lat' dir='ltr'>potius</span> <span class='ocrx_word' id='word_1_244' title='bbox 1390 2625 1431 2656; x_wconf 83' lang='lat' dir='ltr'>(le</span> <span class='ocrx_word' id='word_1_245' title='bbox 1447 2625 1577 2666; x_wconf 82' lang='lat' dir='ltr'>lllyrio,</span> <span class='ocrx_word' id='word_1_246' title='bbox 1593 2625 1657 2657; x_wconf 84' lang='lat' dir='ltr'>Ro-</span> 
     </span>
     <span class='ocr_line' id='line_1_33' title="bbox 248 2678 1659 2715; baseline -0.001 -4"><span class='ocrx_word' id='word_1_247' title='bbox 248 2689 335 2711; x_wconf 89' lang='lat' dir='ltr'>mam</span> <span class='ocrx_word' id='word_1_248' title='bbox 363 2679 501 2710; x_wconf 86' lang='lat' dir='ltr'>mittens</span> <span class='ocrx_word' id='word_1_249' title='bbox 518 2679 627 2711; x_wconf 60' lang='lat' dir='ltr'>Poeta</span> <span class='ocrx_word' id='word_1_250' title='bbox 644 2682 765 2715; x_wconf 84' lang='lat' dir='ltr'>Rufino</span> <span class='ocrx_word' id='word_1_251' title='bbox 781 2685 890 2715; x_wconf 85' lang='lat' dir='ltr'>amico</span> <span class='ocrx_word' id='word_1_252' title='bbox 913 2688 949 2714; x_wconf 88' lang='lat' dir='ltr'>et</span> <span class='ocrx_word' id='word_1_253' title='bbox 970 2681 1163 2714; x_wconf 79' lang='lat' dir='ltr'>doctissimo</span> <span class='ocrx_word' id='word_1_254' title='bbox 1186 2680 1259 2711; x_wconf 85' lang='lat' dir='ltr'>viro</span> <span class='ocrx_word' id='word_1_255' title='bbox 1282 2678 1506 2711; x_wconf 86' lang='lat' dir='ltr'>commendat.</span> <span class='ocrx_word' id='word_1_256' title='bbox 1549 2680 1659 2710; x_wconf 85' lang='lat' dir='ltr'>Excu-</span> 
     </span>
     <span class='ocr_line' id='line_1_34' title="bbox 251 2732 1660 2778; baseline -0.001 -15"><span class='ocrx_word' id='word_1_257' title='bbox 251 2736 372 2774; x_wconf 82' lang='lat' dir='ltr'>satque</span> <span class='ocrx_word' id='word_1_258' title='bbox 389 2741 424 2763; x_wconf 83' lang='lat' dir='ltr'>se</span> <span class='ocrx_word' id='word_1_259' title='bbox 448 2732 564 2764; x_wconf 82' lang='lat' dir='ltr'>multis</span> <span class='ocrx_word' id='word_1_260' title='bbox 580 2733 781 2778; x_wconf 78' lang='lat' dir='ltr'>rationibus,</span> <span class='ocrx_word' id='word_1_261' title='bbox 796 2736 887 2778; x_wconf 88' lang='lat' dir='ltr'>quod</span> <span class='ocrx_word' id='word_1_262' title='bbox 903 2745 970 2768; x_wconf 88' lang='lat' dir='ltr'>non</span> <span class='ocrx_word' id='word_1_263' title='bbox 992 2735 1042 2768; x_wconf 82' lang='lat' dir='ltr'>ita</span> <span class='ocrx_word' id='word_1_264' title='bbox 1057 2735 1232 2776; x_wconf 77' lang='lat' dir='ltr'>eleganter</span> <span class='ocrx_word' id='word_1_265' title='bbox 1245 2733 1422 2765; x_wconf 87' lang='lat' dir='ltr'>materiam</span> <span class='ocrx_word' id='word_1_266' title='bbox 1437 2733 1536 2764; x_wconf 84' lang='lat' dir='ltr'>istam</span> <span class='ocrx_word' id='word_1_267' title='bbox 1552 2732 1660 2763; x_wconf 82' lang='lat' dir='ltr'>absol-</span> 
     </span>
    </p>
   </div>
  </div>
 </body>
</html>
