1877 3193
197 170 311 214 :2774
682 186 719 215 r.
753 184 912 214 ovum
945 183 1157 216 NAsoms

201 279 401 332 Denique
422 279 477 320 ab
499 279 676 331 antiquo
698 278 806 319 Divi
827 282 1074 333 veteresque
1094 279 1302 334 novique,

257 346 308 388 In
330 351 524 388 nostrum
546 346 693 387 cuncti
714 349 886 399 tempus
908 347 1072 396 adeste,
1096 345 1235 387 Chao.

201 413 406 455 Carmina
427 415 528 454 dum
549 413 685 467 capiti
704 412 908 454 malefido
929 414 1025 456 dira
1046 419 1279 464 canuntur,

257 480 314 521 Et
333 484 543 535 peragunt
564 484 710 534 partes
730 481 796 521 ira
816 481 1029 536 dolorque
1061 496 1166 524 suas
1187 497 1198 524 ε

201 546 397 588 Annuite
417 548 584 601 optatis
603 560 752 589 omnes
774 561 833 588 ex
855 549 1004 590 ordine
1029 551 1191 590 nostris
1209 564 1220 602 ;

259 613 316 655 Et
335 628 438 669 pars
460 616 516 656 sit
536 616 626 656 voti
656 615 774 655 nulla
795 615 968 656 caduca
985 618 1084 656 mei.

204 679 403 734 Quaeque
423 695 591 734 precor,
613 682 739 723 fiant:
771 686 822 721 ut
841 694 928 722 non
948 696 1047 723 mea
1069 683 1202 733 dicta,
1223 683 1300 724 sed
1321 683 1396 724 illa

261 748 510 801 Pasiphaes
532 749 673 802 generi
694 749 829 790 verba
848 749 988 790 fuisse
1010 752 1143 803 putet.
1597 751 1653 792 90

206 895 251 920 tes
263 901 281 920 α
299 891 382 921 Chao
400 890 497 921 veteri
511 891 552 920 ad
563 894 701 922 nostrum
716 901 814 922 oevum
828 892 932 922 adeste
943 902 953 922 .-
975 892 1047 922 dum
1054 891 1131 929 sera
1145 891 1283 922 carmina
1297 895 1464 923 cantantur
1479 892 1575 932 cupiti
1587 902 1659 932 per-

197 934 276 975 fido,
290 936 380 972 atque
392 934 440 963 ira
456 936 486 964 et
500 933 586 963 dolor
599 933 756 964 absolvunt
770 938 877 974 partes
890 944 972 965 suas.
1019 935 1132 965 Cuncti
1146 944 1186 965 ex
1196 935 1304 965 ordine
1307 935 1415 973 sut-ete
1429 936 1508 965 votis
1519 936 1634 966 uostris
1647 947 1656 971 ,-

204 985 299 1015 neque
310 985 385 1015 pars
399 976 462 1006 ulla
485 976 630 1006 desiderii
645 977 705 1007 mei
719 977 761 1007 sz't
776 987 864 1008 vana.
908 977 1013 1017 Atque
1027 977 1168 1008 eveniant
1188 987 1255 1017 quse
1278 987 1369 1008 voveo
1381 988 1393 1014 ;
1415 980 1447 1007 ut
1471 987 1529 1008 non
1552 979 1658 1008 credat

198 1018 299 1055 fnisse
313 1027 395 1049 meas
409 1027 506 1058 voceS,
521 1020 573 1049 sed
588 1029 623 1049 ea
636 1019 727 1050 verba
739 1020 848 1059 generi
865 1020 1048 1060 Pasiphaes.
1092 1020 1265 1051 Mula-tetur
1276 1030 1388 1060 quoque
1408 1021 1450 1050 z'is
1472 1020 1659 1051 cruciatibus

816 1105 1051 1118 eeeeeeeeeeee

208 1156 416 1189 ciebat.—82
429 1158 470 1190 R.
487 1158 574 1189 alter
585 1158 777 1200 Semidez'que
786 1165 944 1200 gem—83
961 1162 1003 1193 In
1017 1162 1069 1193 Fr.
1082 1162 1200 1192 Divum
1211 1170 1271 1201 pro
1286 1161 1363 1192 Divi
1374 1171 1385 1197 ,·
1398 1161 1590 1200 eleganter,
1605 1160 1661 1200 ju-

207 1199 283 1230 dice
299 1200 497 1231 namt—84
512 1202 605 1231 Chori
618 1201 706 1234 Edd.
719 1204 873 1243 qnaedam
887 1210 970 1236 vett.
986 1209 1022 1236 et
1036 1204 1170 1244 plurimi
1182 1204 1301 1243 scripti
1313 1203 1387 1243 [pro
1407 1202 1506 1242 Chao]
1521 1213 1528 1233 :
1551 1202 1662 1233 Charis

209 1241 285 1272 duo.
310 1242 506 1273 Burm.-85
536 1244 609 1274 Vati
625 1253 686 1282 pro
711 1246 808 1284 capiti
834 1256 917 1277 unus
943 1247 986 1278 R.
1007 1248 1095 1277 Tum
1113 1256 1163 1286 pr.
1190 1246 1253 1276 Ed.
1270 1251 1306 1276 et
1328 1246 1486 1286 quaedam
1500 1245 1575 1275 aliae
1591 1245 1661 1275 cliro

207 1283 349 1324 malefida
363 1294 431 1314 can.
454 1285 497 1315 V.
514 1285 654 1326 malefido
665 1287 772 1324 digna.
796 1288 883 1318 Tres
899 1289 977 1319 libri
992 1290 1094 1320 etiam
1110 1292 1272 1326 canentur,
1287 1292 1322 1318 et
1339 1298 1406 1328 seq.
1421 1297 1470 1318 vs.
1482 1290 1634 1326 peragent
1650 1297 1662 1323 ,·

209 1325 357 1366 quinque
386 1329 558 1363 cannatum
593 1331 629 1357 et
654 1333 905 1367 perag1mt.—87
939 1331 1009 1360 Pro
1032 1331 1148 1370 optatis
1173 1330 1205 1360 in
1232 1330 1400 1359 nonnullis
1429 1339 1503 1360 esse
1528 1328 1662 1359 lzortatis

210 1372 310 1399 notat
335 1368 587 1400 Valerius.——88
610 1369 703 1400 Unus
720 1371 760 1402 R.
782 1371 823 1401 Ut
842 1381 902 1411 pro
919 1373 975 1403 Et.
998 1373 1093 1403 Unus
1121 1372 1242 1402 Heius.
1264 1371 1389 1411 Expers
1403 1374 1437 1401 ut
1452 1372 1600 1402 vot.—89
1619 1371 1661 1401 V.

213 1410 320 1451 Quoeq.
342 1421 450 1451 precer
465 1411 508 1452 fi.
531 1411 664 1442 Deinde
680 1413 734 1442 illa
758 1422 799 1443 ex
826 1414 1023 1445 melioribus
1047 1414 1169 1446 Heius.
1195 1413 1330 1454 reponit
1346 1423 1406 1454 pro
1433 1413 1524 1453 vulg.
1553 1413 1661 1444 ille.—

864 1515 1005 1548 NOTAE

212 1590 303 1630 apud
317 1588 462 1631 Infems,
478 1590 535 1622 ubi
554 1588 736 1622 facinorosi
761 1591 913 1632 plectun-

214 1646 280 1671 [Ul‘.

258 1694 296 1721 81
323 1690 432 1730 Plebs]
460 1690 550 1720 Deos
573 1691 791 1731 appellarunt
805 1692 912 1724 mino-

966 1591 1043 1622 Deo
1059 1594 1096 1622 et
1111 1590 1245 1622 mortali
1264 1589 1343 1621 orti.
1389 1589 1538 1620 Fabulae.

1008 1644 1049 1671 83
1078 1641 1218 1681 Veteres]
1256 1641 1444 1671 Consentes
1467 1645 1503 1671 et
1527 1639 1666 1679 Selecfi,

967 1692 1024 1733 qui
1048 1700 1183 1731 semper
1201 1690 1259 1721 Dii
1275 1689 1393 1720 habiti.

214 1752 287 1773 rum
304 1741 466 1782 gentium,
491 1741 684 1782 Indigetes,
707 1743 846 1784 aliisque
864 1744 914 1774 in-

213 1802 315 1834 super
337 1791 541 1831 nominibus,
563 1793 683 1824 minori
707 1794 833 1824 honore
849 1793 914 1825 ful-

216 1847 348 1884 gentes,
364 1853 458 1884 quos‚
475 1847 513 1874 ut
535 1847 682 1875 testatur
698 1844 832 1883 Cicero,
852 1855 913 1876 sua

214 1894 335 1925 merita
355 1893 428 1924 Diis
454 1893 703 1933 ascripserunt:
729 1904 839 1936 neque
865 1899 914 1925 ta-

213 1954 289 1976 men
300 1945 342 1976 ob
351 1945 675 1976 merititenuitatem
687 1946 772 1977 coelo
783 1946 914 1986 recepti

215 2000 306 2027 suut.
375 1996 555 2026 Daemones
602 1996 748 2035 Graecis,
784 1996 915 2027 Latinis

218 2046 320 2077 Genii
336 2045 421 2077 dicti
447 2050 538 2084 sunt,
554 2046 734 2087 majoribus
757 2047 833 2077 Diis
855 2047 914 2077 mi-

217 2096 326 2134 nistri,
347 2097 584 2137 hominumque
611 2097 782 2137 custodes,
810 2101 846 2128 et
872 2097 914 2128 ad

217 2145 292 2174 illos
306 2145 524 2184 interpretes.

263 2194 381 2233 Fauni]
419 2196 606 2226 Colluviem
635 2196 735 2226 istam
764 2197 915 2227 Deorum

219 2252 277 2278 aut
287 2246 485 2277 Dremonum
500 2246 611 2285 potius
623 2247 915 2288 sylvestriumjam

218 2299 299 2330 satis
313 2307 477 2338 superque
488 2297 663 2327 habuimus
674 2297 707 2327 iu
718 2297 916 2337 praeceden-

221 2349 323 2380 tibus.

262 2398 375 2438 Lares]
391 2399 449 2438 Hi,
463 2399 606 2430 Nasonis
616 2397 720 2428 nostri
733 2397 917 2436 sententia,

222 2454 229 2467 ‘
248 2450 406 2489 Compita
422 2453 571 2488 servant,
592 2450 635 2479 Et
650 2448 788 2487 vigilant
802 2452 918 2479 nostra

222 2510 357 2540 semper
382 2500 415 2530 in
432 2500 507 2530 aede
523 2498 650 2529 Lares!
688 2499 745 2529 Dii
767 2499 918 2539 adeoque

223 2550 400 2581 domestici
417 2552 565 2581 fuerunt.

267 2604 307 2630 82
331 2600 520 2640 Semideum]
566 2599 611 2631 Hi
635 2600 793 2630 Semones
819 2598 919 2629 ctiam

226 2650 323 2687 dicti,
352 2660 458 2690 neque
487 2650 635 2681 homines
664 2660 772 2690 neque
804 2649 862 2680 Dii
888 2648 920 2679 in

226 2705 355 2738 totu1n3
380 2711 461 2741 quos
490 2706 602 2731 tamen
622 2701 664 2731 ab
687 2700 844 2731 heroibus
871 2699 921 2729 di-

226 2760 341 2781 versos
377 2751 527 2781 nonnulli
559 2751 694 2789 voluut;
727 2753 846 2790 utpote
878 2758 921 2780 ex

1010 1742 1110 1782 Novi]
1136 1741 1324 1782 Indigetes,
1337 1741 1393 1782 qni
1405 1741 1446 1773 ob
1460 1742 1581 1773 merita
1593 1742 1666 1773 Diis

968 1794 1118 1834 ascripti.

1009 1846 1050 1874 84
1079 1843 1206 1883 Cuncti]
1251 1842 1407 1885 Namque
1439 1843 1666 1883 periculosum

967 1893 1032 1925 fuit
1048 1903 1238 1935 quenquam
1263 1904 1305 1925 ex
1321 1894 1392 1925 istis
1409 1895 1594 1935 negligere,
1610 1896 1666 1936 qui

967 1945 1056 1975 solus
1073 1945 1148 1985 plus
1168 1943 1306 1976 fecisset
1332 1944 1421 1984 mali,
1436 1953 1535 1985 quam
1558 1945 1667 1976 ceteri

967 2005 1082 2027 omnes
1109 1995 1199 2026 boni.
1253 1995 1365 2027 Quare
1392 1995 1459 2025 ritu
1486 1993 1668 2026 Pontificio

968 2055 1083 2076 omnes
1100 2045 1236 2075 invocat
1254 2045 1357 2075 Naso.

1012 2099 1054 2127 86
1078 2096 1147 2135 Ινα]
1174 2096 1266 2133 Mea,
1282 2095 1424 2126 scilicet.

1011 2148 1052 2176 90
1091 2144 1276 2185 Pasiphaes]
1312 2145 1399 2175 Solis
1433 2144 1514 2183 filia,
1543 2143 1668 2175 Minois

969 2205 1075 2233 uxor3
1100 2195 1142 2225 de
1159 2205 1224 2235 qua
1242 2195 1349 2225 multa
1364 2195 1395 2225 in
1412 2194 1654 2234 superioribus.

1014 2244 1145 2283 Generi]
1172 2244 1322 2274 Theseus
1334 2243 1399 2274 fuit
1415 2244 1471 2283 qui
1485 2243 1668 2273 Ariadnam

970 2296 1094 2326 Minois
1124 2298 1158 2324 et
1183 2293 1368 2332 Pasiphaes
1401 2292 1504 2322 filiam
1529 2300 1668 2323 uxorem

971 2344 1078 2375 duxit.
1123 2342 1300 2375 Quomodo
1316 2346 1427 2371 autem
1441 2341 1668 2382 Hippolytum

969 2394 1073 2425 filium
1102 2393 1216 2423 uxoris
1255 2391 1420 2431 deceptus
1454 2392 1667 2424 accusatione

971 2444 1054 2475 falsa
1082 2443 1269 2482 devoverit,
1299 2441 1419 2481 hicque
1459 2441 1501 2472 ab
1540 2443 1669 2474 territis

974 2494 1068 2535 equis
1084 2493 1272 2533 discerptus
1287 2492 1342 2531 sit,
1363 2491 1439 2522 vide
1457 2492 1489 2522 in
1507 2493 1671 2532 Epistolis

974 2545 1118 2576 Heroid.
1132 2546 1196 2584 Ep.
1214 2553 1262 2575 lv.
1300 2542 1346 2573 At
1363 2543 1452 2573 enim
1476 2543 1517 2573 de
1536 2543 1670 2575 Glauco

975 2600 1052 2626 vate
1068 2595 1200 2634 insigni,
1216 2599 1248 2624 et
1275 2593 1436 2631 veridico,
1455 2594 1512 2634 qui
1533 2597 1570 2625 et
1592 2603 1669 2625 cum

976 2646 1124 2676 Ariadna
1141 2654 1209 2675 rem
1226 2644 1392 2683 habuerit,
1410 2644 1556 2685 intelligi
1569 2651 1670 2684 posse

974 2698 1060 2728 hunc
1078 2697 1185 2727 locum
1203 2696 1334 2726 erudite
1350 2696 1499 2726 ostendit
1514 2693 1671 2726 illustris-

974 2748 1075 2780 simus
1088 2748 1144 2778 ille
1161 2756 1286 2787 praeses
1300 2746 1482 2785 Dionysius
1495 2744 1672 2784 Salvagni-
