1877 3193
241 188 356 231 2566
730 201 773 231 P.
806 201 967 230 ovm11
998 201 1211 233 NAsoNis

242 293 384 337 Mittit
405 296 461 336 ab
482 295 708 337 indomitis
730 295 861 345 hanc,
883 295 1153 347 Messalline,
1177 297 1376 346 salutem,

301 360 446 412 Quam
468 363 625 404 solitus
646 376 841 417 praesens
862 367 930 404 est
952 364 1032 405 tibi
1053 365 1175 414 ferre,
1201 364 1344 406 Getis,

243 427 332 468 Hei
353 430 474 479 mihi,
497 430 534 470 si
554 430 668 471 lccto
691 430 834 472 vultus
855 431 933 471 tibi
952 432 1127 473 nomine
1148 446 1233 474 non
1254 437 1322 474 est
1674 436 1701 473 5

299 494 389 545 Qui
409 495 504 545 fuit,
526 500 568 538 et
589 497 764 539 dubitas
785 501 929 539 cetera
947 499 1166 552 perlegere
1183 501 1192 541 !

242 561 437 614 Perlege,
460 576 539 604 nec
562 577 730 604 mecum
751 565 909 617 pariter
928 578 1025 605 mea
1048 566 1176 607 verba
1196 567 1369 620 relega:

299 628 420 670 Urbe
438 631 544 672 licet
563 635 708 672 vestra
727 634 928 673 versibus
950 646 1050 673 esse
1072 634 1194 674 meis.

237 694 341 736 Non
360 709 438 748 ego
461 699 659 750 concepi,
682 698 720 737 si
743 698 900 738 Pelion
923 698 1041 739 Ossa
1064 701 1255 750 tulisset,

299 760 429 803 Clara
448 776 547 803 mea
568 763 686 814 tangi
708 763 851 803 sidera
871 777 1006 816 posse
1028 778 1175 806 manu.
1644 768 1699 807 10

242 827 340 869 Nec
361 843 460 879 nos,
484 829 692 870 Enceladi
715 829 929 870 dementia
951 834 1101 871 castra
1121 833 1278 881 secuti,

298 895 351 935 In
371 910 511 937 rerum
533 897 738 938 dominos
759 898 976 937 movimus
996 910 1117 938 arma
1139 898 1278 940 Deos.

243 961 355 1012 Nec,
379 964 498 1016 quod
517 964 704 1018 Tydidae
724 965 951 1005 temeraria
972 965 1157 1007 dextera
1176 966 1294 1016 fecit,

300 1029 495 1072 Numina
517 1036 618 1071 sunt
638 1031 736 1072 telis
763 1032 854 1072 ulla
875 1032 1014 1085 petita
1034 1033 1159 1074 meis.

243 1096 319 1137 Est
339 1110 438 1138 mea
459 1099 591 1152 culpa
616 1099 777 1150 gravis,
800 1099 879 1140 sed
900 1112 1002 1153 quae
1023 1113 1093 1140 me
1115 1100 1292 1154 perdere
1313 1099 1455 1142 solum
1643 1102 1700 1141 lo

298 1164 424 1205 Ausa
442 1166 512 1215 sit,
533 1170 575 1206 et
591 1166 758 1206 nullum
780 1167 925 1221 majus
946 1168 1098 1210 adorta
1116 1168 1258 1209 nefas.

239 1314 341 1344 mittit
358 1314 427 1355 tibi,
444 1315 632 1355 BIessallhw,
654 1316 732 1347 hanc
746 1317 875 1347 salutem
890 1327 909 1347 a
928 1317 1012 1355 feris
1038 1318 1141 1358 Getis,
1164 1328 1253 1358 quam
1269 1319 1425 1349 consuevit
1440 1318 1531 1356 ferre
1553 1327 1698 1357 proeseus.

247 1357 301 1387 1⁷oe
316 1357 391 1387 mih-i
404 1358 526 1397 misero,
538 1359 566 1388 si
576 1359 697 1389 nomine
708 1359 771 1389 viso
775 1359 879 1396 facies
890 1370 949 1390 non
962 1361 1078 1390 esttibi
1091 1362 1194 1391 euclem
1205 1371 1273 1400 quoe
1281 1359 1364 1399 fuit,
1375 1364 1404 1390 et
1418 1360 1532 1390 vereris
1542 1361 1699 1399 perlegere

239 1398 382 1439 reliqua!
426 1401 570 1439 Perlege,
587 1411 681 1440 neque
694 1402 771 1441 pelle
786 1402 906 1440 pariter
920 1412 1002 1433 meos
1025 1412 1176 1434 sermones
1191 1412 1306 1433 mecum
1319 1413 1328 1432 .·
1352 1402 1527 1433 conceditur
1542 1403 1617 1432 meis
1630 1412 1697 1432 car-

240 1441 374 1471 minibus
387 1451 448 1471 esse
462 1444 495 1472 in
515 1443 597 1473 Urbe
611 1447 722 1473 vestra.
767 1444 838 1482 Ego
859 1454 918 1474 ‘non
940 1445 1053 1475 induxi
1068 1446 1101 1475 in
1118 1445 1255 1475 animum
1269 1449 1355 1475 astra
1382 1445 1482 1474 lucida
1506 1454 1591 1484 posse
1607 1445 1698 1483 tangi

240 1493 308 1513 mea
323 1492 426 1521 manu,
439 1484 468 1513 si
486 1486 563 1514 Ossa
579 1485 702 1515 tulisset
720 1485 842 1516 Pelion.
891 1487 995 1525 Neque
1016 1496 1070 1516 nos
1092 1488 1187 1517 secuti
1202 1490 1305 1517 castra
1313 1486 1436 1523 furiosa
1455 1487 1615 1526 Enceladi,
1627 1497 1698 1526 ges—

240 1526 334 1555 simus
346 1535 433 1555 arma
446 1528 589 1556 adversus
604 1527 688 1557 Deos
704 1527 854 1557 Dominos
865 1536 981 1557 rerum.
1028 1529 1147 1569 Neque,
1162 1530 1241 1568 quod
1257 1538 1364 1558 manus
1379 1529 1484 1558 audax
1502 1529 1630 1568 Tydida?
1643 1539 1698 1569 pa-

240 1567 350 1606 travit,
366 1569 447 1599 ullus
461 1569 548 1599 Deus
560 1570 740 1599 vulneratus
754 1571 798 1599 est
813 1569 909 1599 mmis
919 1569 1004 1600 meis.
1050 1570 1158 1601 Meum
1171 1574 1326 1610 peccatum
1336 1573 1381 1600 est
1392 1580 1546 1609 magnum,
1557 1573 1607 1601 sed
1620 1573 1698 1610 quod

237 1610 375 1649 potuerit
393 1612 520 1651 perdere
542 1621 589 1642 me
610 1613 717 1652 solum,
737 1621 830 1652 neque
844 1612 958 1652 incepit
974 1611 1072 1650 majus
1079 1612 1256 1654 flagitium.
1303 1611 1394 1644 Nihil
1413 1622 1535 1652 possum
1550 1614 1699 1653 appellari

852 1717 1046 1730 OOOOOOOOOO
1048 1718 1085 1730 Ν

241 1790 307 1825 sui,·
331 1793 369 1820 ut
394 1791 560 1822 Euxinum
582 1792 657 1832 jam
683 1793 692 1810 ‘
708 1793 825 1824 suum’
857 1794 962 1834 dicat,
989 1794 1030 1825 ad
1059 1804 1158 1835 quem
1182 1793 1309 1825 tamdiu
1325 1792 1568 1824 habitavit.—5
1593 1793 1697 1824 Multi

244 1833 317 1863 Heu
338 1833 413 1864 mih..
436 1834 490 1865 Sa.
519 1835 548 1864 Ο
571 1835 645 1867 mih.
667 1836 741 1875 quid
756 1837 826 1867 lect.
852 1837 967 1868 Heins.
993 1837 1080 1877 conj.
1110 1837 1175 1868 Hei
1198 1837 1272 1867 mih.
1299 1837 1377 1876 quod
1403 1837 1538 1866 lect.-—6
1562 1836 1650 1866 Mor.
1668 1839 1699 1866 et

240 1877 319 1905 dura
334 1879 434 1906 cetera
449 1880 549 1907 mente
564 1878 651 1916 legis.
675 1879 756 1910 Jun.
774 1880 874 1910 omnia
891 1890 952 1920 pro
968 1883 1144 1911 ceterae—8
1169 1880 1323 1912 Quatuor
1340 1878 1416 1908 libri
1434 1878 1483 1908 lic.
1499 1880 1603 1907 nostra
1619 1887 1698 1909 vers,

241 1920 325 1948 —12
351 1918 562 1950 Membrana:
591 1920 751 1952 Auctoris
782 1923 893 1954 Elect.
924 1923 1026 1954 Eton.
1065 1923 1229 1953 Terrarum
1252 1922 1364 1952 domin.
1391 1920 1477 1951 unde
1504 1920 1576 1959 ipse
1609 1920 1697 1960 conj.

244 1960 407 1992 Terrarum
429 1962 462 1992 in
477 1963 674 1993 domim—15
700 1965 794 1995 Unus
816 1965 904 1996 liber
921 1967 980 1996 Est
1004 1965 1080 1996 mihi
1095 1966 1260 2005 culp.--16
1284 1964 1409 1994 Recte:
1437 1963 1547 1993 ‹idorta
1562 1963 1697 1993 Sarrav.

242 2002 386 2043 Argent.
403 2005 547 2042 Combii,
562 2006 683 2037 'rw-isa.
701 2007 823 2048 aliique
840 2008 987 2039 nonnulli
1003 2019 1010 2039 ε
1036 2012 1073 2039 ut
1089 2008 1178 2048 apud
1194 2006 1315 2046 Vin-gil.
1334 2015 1397 2037 vu.
1413 2008 1487 2036 385.
1512 2005 1520 2021 ‘
1540 2005 1697 2035 simulato

243 2045 377 2077 numine
397 2047 523 2078 Bacchi
539 2049 649 2088 Majus
665 2050 783 2081 adorta
795 2050 914 2083 nefas.'
940 2051 1054 2082 Heius.
1090 2050 1159 2082 Alii
1185 2051 1305 2080 adorsa.
1329 2049 1337 2065 ‘
1353 2049 1440 2079 Post
1454 2048 1542 2078 hunc
1564 2057 1698 2078 versum

244 2088 309 2119 Ms.
326 2088 446 2121 inserit
461 2097 640 2132 sequentes
656 2092 738 2123 duos
757 2103 882 2134 versus,
899 2095 985 2125 Neve
1001 2103 1100 2134 roges,
1123 2103 1190 2134 quae
1215 2092 1258 2123 sit
1272 2092 1400 2123 stultam
1415 2100 1506 2131 quam
1521 2090 1698 2130 scripsimus

888 2215 1026 2247 NOTAE

284 2311 304 2339 2
328 2308 481 2350 Sinistra]
519 2309 618 2340 Tomi
639 2310 726 2341 enim
753 2310 794 2341 ab
817 2310 941 2340 Euxini
1040 2312 1078 2339 10
1101 2307 1216 2347 Tangi]
1233 2308 1281 2338 Ut
1297 2306 1420 2338 deinde.
1432 2306 1590 2347 giganteo
1600 2315 1694 2337 more

243 2360 344 2390 maris
361 2365 458 2400 parte
475 2360 609 2392 sinistra
632 2361 711 2392 illuc
727 2360 940 2392 venientibus
998 2359 1071 2389 Diis
1090 2358 1213 2389 bellum
1228 2358 1446 2388 intentarem.

243 2415 425 2450 apparent.
1041 2412 1076 2439 ll
1103 2408 1267 2447 Enceladi]
1296 2408 1418 2444 Quem,
1440 2408 1553 2438 Terrae
1577 2406 1698 2447 filium,

286 2463 306 2491 6
332 2460 486 2500 Quifuit]
509 2461 664 2502 Serenus,
676 2462 822 2502 scilicet,
840 2466 940 2504 atque
995 2459 1136 2490 fulmine
1163 2459 1280 2497 ictum,
1305 2458 1441 2498 Jupiter
1457 2457 1566 2488 AEtnae
1589 2458 1697 2489 monti

243 2510 371 2541 hilaris.
995 2510 1182 2550 supposuit.

285 2563 305 2589 9
322 2560 446 2600 Pelion]
461 2560 644 2592 Thessaliae
657 2571 752 2593 mons
766 2561 830 2594 fnit
846 2563 940 2594 altis·
1038 2564 1075 2591 13
1101 2559 1248 2600 Tydida]
1285 2559 1472 2597 Diomedis,
1491 2557 1596 2599 Tydei
1622 2557 1695 2599 filii,

243 2609 356 2647 simus,
377 2611 429 2641 cui
458 2612 593 2651 Ossam,
619 2613 772 2653 ejusdcm
796 2614 940 2654 regionis
994 2611 1050 2651 (11Ιὶ
1066 2611 1233 2642 Venerem
1249 2609 1338 2641 bello
1353 2609 1498 2649 'l'l'0jan0
1519 2607 1610 2641 fffl'ro
1627 2609 1694 2640 ἦθ’

244 2660 345 2690 alinm
362 2666 524 2701 montem,
541 2662 696 2702 gigantes
719 2664 798 2695 olim
821 2665 941 2696 coelum
994 2662 1087 2695 lavit·

246 2709 389 2750 petituri
405 2711 604 2752 imposuisse
621 2712 791 2746 dicuntur.
