1877 3193
557 175 712 208 Erisr.
746 176 812 207 Ex
846 177 1005 207 PoN'ro
1039 178 1132 210 mn.
1164 179 1230 209 iv.
1260 170 1301 210 5.
1537 170 1650 214 2697

197 266 294 309 Aut
311 269 466 322 populi
485 269 650 311 reditus
666 272 856 324 positam
877 276 1111 326 componet
1131 273 1188 314 ad
1206 273 1390 323 hastam,

258 335 316 376 Et
334 337 471 377 minui
492 350 659 390 magnae
682 351 769 378 non
789 340 898 379 sinet
920 339 1052 379 Urbis
1072 354 1195 393 opes.
1596 342 1650 382 20

199 401 305 453 Aut,
326 409 376 444 ut
395 409 519 445 erunt
540 405 692 445 Patres
713 405 755 444 in
776 406 804 445 J
810 407 899 445 ulia
919 407 1086 458 templa
1106 408 1270 457 vocati,

192 495 195 498 ⁴
255 470 326 511 De
347 476 469 512 tanto
491 472 632 524 dignis
653 471 846 511 Consule
867 472 998 510 rebus
1020 476 1130 523 aget.

199 536 293 580 Aut
310 540 417 580 feret
437 539 639 592 Augusto
659 539 831 578 solitam
850 543 1036 591 natoque
1057 539 1264 592 salutem3

256 605 413 659 Deque
433 619 587 659 parum
606 609 710 646 noto
731 605 931 645 consulet
956 605 1115 646 officio.

195 670 390 724 Tempus
411 673 465 712 ab
486 672 554 712 his
574 684 761 713 vacuum
785 670 940 713 Caesar
961 671 1254 713 Germanicus
1276 686 1402 715 omne
1591 678 1649 718 {25

250 737 453 780 Auferet:
486 753 511 781 a
533 740 701 794 magnis
721 739 834 780 hunc
858 740 962 781 colit
982 740 1056 780 ille
1077 740 1202 781 Deis.

192 868 282 899 ‘nibus
293 879 306 906 ;
328 872 380 900 aut
391 873 506 900 statuet
521 871 559 901 de
570 870 769 910 proventibus
780 870 885 910 populi
901 871 941 900 ad
954 871 1074 901 hastam
1094 871 1242 912 positam,
1261 876 1293 903 et
1304 883 1363 904 non
1376 874 1516 913 patietur
1528 885 1648 906 censum

192 912 331 949 ingentis
350 912 442 942 Urbis
454 914 627 943 extenuari.
679 913 734 943 Vel
748 922 815 943 cum
826 913 988 943 Senatores
1000 917 1089 944 erant
1106 914 1195 945 citati
1210 914 1241 945 in
1256 917 1353 946 cedem
1364 917 1486 947 duliam
1500 918 1648 948 tractabit

193 954 230 983 (Ie
245 953 334 984 rebus
357 954 463 993 dignis
477 958 562 985 tanto
588 955 729 986 Consule.
780 955 809 985 V
807 956 834 985 cl
859 956 1007 986 salutabit
1030 956 1208 995 Aug-ustum
1222 961 1253 988 et
1258 957 1365 999 filium
1387 960 1424 989 (ie
1450 969 1542 999 more,
1557 964 1648 1000 atque

192 998 276 1033 petet
290 997 450 1027 consilium
464 999 502 1027 ‹Ie
516 998 612 1038 officio
627 998 728 1028 minus
738 1001 910 1038 perspecto.
954 999 1070 1028 Postea
1096 1000 1299 1030 Germanicus
1321 1001 1443 1031 habebit
1470 1012 1555 1033 omne
1571 1006 1645 1032 tem-

191 1047 249 1075 ρης
267 1039 418 1079 reliquum
430 1050 440 1070 .·
464 1039 515 1070 ille
529 1040 669 1071 observat
683 1040 762 1071 hunc
773 1043 843 1080 post
860 1050 986 1079 magnos
1002 1041 1096 1072 Deos.
1142 1043 1310 1083 Postquam
1326 1047 1425 1074 tamen
1452 1045 1613 1084 resipuerit
1630 1056 1648 1075 a

800 1125 1037 1136 eeeeeeeeeeee

192 1181 245 1208 aut
276 1186 338 1217 pro
363 1187 440 1208 cum.
484 1177 578 1209 Serv.
605 1188 672 1208 cum
691 1183 813 1217 premat
834 1180 978 1210 ala—19
1000 1181 1082 1211 Tres
1107 1180 1186 1211 libri
1211 1182 1348 1212 validam
1373 1192 1434 1222 pro
1458 1184 1647 1222 positam.—

191 1222 230 1250 ‘21
255 1220 360 1251 Multi
372 1220 425 1250 ubi
441 1229 502 1259 pro
519 1223 564 1250 ut.
579 1221 662 1250 Mox
679 1220 776 1251 Serv.
791 1222 828 1251 J.
845 1225 945 1252 tecta:
970 1226 1006 1253 et
1022 1223 1088 1253 Ms.
1104 1223 1234 1254 Bersm.
1250 1225 1463 1263 recepta—24
1487 1226 1648 1265 Explicat

192 1262 326 1292 Merula
340 1262 382 1292 de
399 1262 498 1292 rebus
514 1262 766 1301 pertinentibus
782 1263 825 1292 ad
842 1263 1054 1293 consulatum
1072 1265 1180 1294 minus
1203 1265 1289 1295 notis
1312 1265 1491 1305 Pompeio,
1507 1271 1544 1296 ut
1560 1277 1648 1298 novo

192 1303 331 1334 consuli.
377 1304 566 1343 Crispinus,
593 1304 669 1344 quia
691 1303 804 1334 omnia
830 1313 873 1334 ex
891 1304 1037 1334 caesaris
1059 1309 1144 1335 nutu
1167 1306 1401 1345 componenda
1417 1312 1526 1347 erant,
1541 1313 1577 1338 et
1600 1310 1648 1340 ita

190 1346 309 1376 consul
325 1345 511 1385 ignoraret,
527 1345 606 1386 quid
624 1346 792 1386 agendum
818 1349 930 1376 esset:
957 1355 1085 1386 parum,
1114 1351 1220 1385 certe,
1242 1347 1384 1386 blande3
1408 1358 1470 1380 nec
1487 1350 1648 1381 Ovidium

191 1392 258 1419 tam
280 1387 441 1419 adulandi
458 1389 651 1428 imperitum
675 1387 781 1419 fuisse
796 1394 891 1428 puto,
908 1392 945 1419 ut
959 1389 1190 1428 ignorantiam
1218 1394 1276 1420 aut
1293 1391 1490 1422 servitutem
1506 1396 1572 1423 tam
1590 1393 1649 1423 im-

188 1430 376 1470 prudenter
391 1431 562 1470 objiceret
575 1431 752 1470 Pompeio.
798 1432 977 1461 Praeterea
1000 1431 1144 1462 disticho
1162 1433 1314 1471 proximo
1339 1433 1410 1472 egit
1425 1433 1466 1464 de
1484 1434 1648 1466 relatione

190 1472 233 1504 ad
250 1478 415 1513 senatum,
431 1474 492 1504 hoc
513 1482 594 1503 vero
618 1473 691 1512 agit
714 1472 758 1503 de
772 1473 812 1502 iis
827 1482 902 1513 quae
920 1473 962 1503 ad
983 1471 1174 1512 Augustum
1191 1478 1225 1504 et
1242 1474 1394 1513 ejusjam
1415 1476 1578 1515 collegam
1594 1478 1647 1507 Ti·

188 1515 318 1546 berium
333 1514 463 1546 referre
479 1515 635 1545 solebant
650 1515 818 1545 consules.
863 1514 978 1546 Quare
994 1514 1154 1553 legerem,
1170 1516 1281 1554 Deque
1294 1519 1420 1555 patrum
1436 1519 1500 1546 toto
1514 1519 1648 1549 consulet

189 1557 308 1598 officio.-
333 1557 487 1588 consulet
515 1556 678 1595 Caesares,
703 1556 803 1596 quale
828 1556 935 1586 velint
962 1565 1036 1586 esse
1065 1556 1211 1586 officium
1236 1558 1341 1588 totius
1366 1562 1528 1589 senatus:
1553 1564 1648 1590 ante-

189 1608 290 1639 quam
305 1598 393 1629 enim
419 1607 470 1628 res
496 1598 538 1628 ad
556 1602 709 1628 senatum
736 1597 990 1636 referebantur,
1011 1598 1164 1628 solebant
1179 1599 1245 1629 illae
1269 1608 1288 1629 a
1310 1599 1501 1630 consulibus
1519 1600 1559 1630 ad
1577 1600 1647 1632 Au-

189 1646 323 1679 gustum
339 1640 472 1679 referri,
489 1640 546 1680 qui
562 1640 595 1670 in
613 1639 750 1671 consilio
779 1649 839 1670 suo
867 1640 1056 1670 domestico
1072 1650 1147 1671 cum
1166 1640 1364 1680 quibusdam
1381 1641 1424 1671 de
1440 1643 1586 1681 negotiis
1603 1645 1646 1674 ad

189 1683 405 1724 frequentem
432 1686 586 1713 senatum
614 1681 798 1713 referendis
826 1686 905 1712 ante
932 1682 1119 1720 tractabat;
1150 1682 1246 1713 Suet.
1270 1682 1360 1722 Aug.
1383 1686 1436 1713 35.
1454 1683 1516 1714 hoc
1533 1689 1646 1716 autem

190 1724 319 1757 factum
347 1724 482 1755 videtur
504 1725 536 1754 in
562 1724 759 1765 quotidiana
775 1729 811 1756 et
834 1725 1003 1755 matutina
1028 1724 1202 1755 consulum
1218 1725 1419 1756 salutatione
1447 1726 1482 1755 in
1499 1726 1645 1758 Palatio.

192 1768 267 1798 Toto
283 1771 336 1798 est
352 1767 384 1797 in
397 1766 514 1798 codice
529 1766 651 1798 Servii.
676 1768 836 1798 Ceterum
851 1767 955 1807 priori
970 1770 1220 1807 versu,natoque
1236 1777 1376 1798 coronam
1394 1768 1526 1798 Feschii
1542 1768 1643 1799 habe*

190 1809 299 1841 codex
314 1820 321 1840 :
338 1809 429 1849 quod
445 1819 512 1839 non
529 1809 695 1850 intelligo,
712 1819 777 1850 quo
790 1813 945 1850 spectet:
968 1809 1108 1840 videant
1121 1809 1234 1848 docti3
1258 1819 1300 1840 an
1315 1809 1370 1840 hic
1387 1809 1513 1850 aliquid
1531 1810 1573 1841 de
1589 1820 1644 1842 co-

189 1861 272 1882 rona
284 1852 406 1891 civica,
421 1856 457 1882 et
472 1852 638 1892 laureata,
660 1861 736 1893 quae
762 1861 806 1882 ex
828 1851 968 1882 decreto
991 1855 1129 1883 senatus
1146 1856 1225 1882 ante
1249 1852 1384 1883 domum
1401 1852 1548 1882 Caesaris
1563 1861 1642 1891 pen-

189 1894 306 1934 debat,
322 1894 367 1925 sit
384 1893 670 1934 intelligendum?
693 1904 734 1924 an
758 1893 848 1924 forte
871 1903 912 1924 ea
925 1894 1104 1934 quotannis
1132 1898 1305 1933 renovata,
1317 1895 1371 1934 (ut
1394 1894 1484 1924 Fast.
1498 1902 1552 1924 111.
1570 1896 1643 1925 133.

190 1937 233 1967 de
249 1937 450 1976 Flaminum‚
468 1936 580 1967 Curiae
594 1941 630 1966 et
646 1936 763 1976 Regiae
780 1936 882 1974 dixit)
904 1946 923 1966 a
939 1935 1142 1967 Consulibus
1159 1936 1200 1967 ad
1219 1937 1389 1967 Palatium
1410 1934 1578 1966 ferretur?
1601 1945 1644 1965 an

190 1977 249 2008 ubi
264 1987 352 2010 nova
367 1979 509 2010 victoria
525 1982 701 2018 reportata
717 1982 818 2017 esset,
835 1978 888 2009 vel
914 1978 986 2009 aliis
1002 1979 1036 2009 in
1053 1978 1206 2009 casibus?
1231 1988 1272 2009 an
1296 1988 1338 2008 ex
1354 1982 1434 2008 voto
1451 1977 1585 2018 aliquo?
1609 1982 1644 2008 et

191 2024 271 2051 tunc
299 2021 479 2060 legendum
507 2025 608 2059 esset,
633 2021 727 2060 deque
750 2023 878 2061 patrum
901 2024 993 2056 votem
1025 2024 1063 2051 ut
1086 2021 1228 2050 ‘laurea
1255 2020 1463 2051 vota'Trist.
1479 2028 1527 2051 lv.
1544 2022 1574 2050 2.
1591 2023 1643 2050 56.

190 2062 292 2094 Latet
317 2067 411 2094 certe
438 2063 472 2094 iu
498 2063 562 2094 hoc
588 2062 728 2094 disticho
758 2062 882 2104 aliquid
899 2062 1135 2095 reconditioris
1151 2062 1376 2103 antiquitatis,
1391 2061 1479 2103 quod
1495 2061 1552 2092 vix
1568 2070 1646 2102 per-

844 2181 876 2213 N
881 2181 989 2214 0⁹1*AE

234 2266 273 2295 19
297 2263 445 2304 Raedims]
474 2263 619 2296 Publica
634 2265 824 2307 vectigalia.
992 2265 1115 2307 Vocati]
1144 2264 1222 2296 Non
1246 2263 1335 2294 enim
1358 2262 1392 2294 in
1415 2271 1517 2294 unum
1540 2266 1643 2303 atque

234 2315 415 2357 Componet]
431 2315 549 2347 Posita
564 2315 597 2347 in
608 2315 683 2348 foro
696 2317 792 2348 hasta
803 2326 889 2357 prae·
943 2315 1089 2346 eundem
1111 2315 1222 2346 locum
1239 2322 1373 2354 semper
1396 2312 1644 2344 conveniebant

189 2366 297 2406 conis,
312 2370 352 2398 ut
367 2365 478 2407 inquit
490 2366 620 2408 Cicero,
633 2366 772 2407 publica
784 2366 889 2398 vecti·
942 2366 1136 2398 Senatores.

190 2416 277 2456 galia
290 2416 325 2447 in
351 2416 508 2448 auctione
533 2417 677 2449 emenda
700 2416 889 2450 conducen-
986 2419 1026 2448 23
1052 2413 1154 2454 Nato]
1180 2413 1330 2453 Tiberio,
1344 2412 1486 2451 scilicet,
1499 2410 1641 2451 Augusti

190 2466 276 2498 dave
292 2472 473 2508 proponet.
518 2468 550 2499 Ιι
564 2467 686 2507 νέςῑενα
701 2468 744 2498 les
764 2476 891 2498 retentas
943 2464 1014 2497 filio
1029 2475 1090 2506 per
1106 2463 1336 2503 adoptionem.

191 2515 533 2556 del'Etat,lesfaisant
544 2518 750 2558 crz'erauplus
761 2517 889 2558 offrant.
985 2517 1027 2547 2-1
1051 2514 1170 2545 Parum
1195 2510 1281 2550 noto]
1322 2510 1410 2542 Quia
1433 2518 1474 2539 ex
1498 2508 1642 2540 Caesaris

233 2567 273 2595 21
298 2566 403 2605 Julia]
429 2565 551 2597 Inforo
562 2567 711 2599 Romano
723 2565 890 2599 fuitistud
943 2567 1029 2595 nutu
1054 2562 1167 2593 omnia
1193 2558 1437 2599 componenda.
1482 2558 1640 2599 Namque

194 2614 370 2654 templum,
397 2615 431 2645 in
455 2624 522 2655 quo
544 2615 690 2648 Veneris
717 2617 890 2658 genitricis
944 2612 1079 2645 alitersi
1095 2609 1327 2651 exponas‚vix
1337 2608 1419 2639 satis
1433 2607 1475 2640 ad
1488 2608 1641 2650 Pompeii

191 2663 276 2695 mari
292 2663 447 2696 exeuntis
458 2663 638 2706 imaginem
654 2666 827 2709 Angustus
841 2667 889 2699 di·
942 2664 1060 2697 laudes
1076 2662 1165 2693 istud
1178 2661 1407 2703 quadraverit.

193 2715 295 2748 cavit.
985 2717 1024 2746 25
1051 2710 1269 2752 Germanicus]
1313 2710 1380 2744 Hic
1411 2720 1506 2753 vero,
1534 2710 1639 2744 Sexto
