1877 3193
674 205 919 236 'ruls'er
953 205 1049 236 ΜΒ.
1086 206 1126 235 v.
1157 196 1199 236 5.
1555 193 1667 241 2453

208 295 436 347 Quatenus
459 299 502 338 et
520 310 606 338 non
622 302 688 339 est
706 299 751 339 in
774 313 877 341 caro
898 301 1081 355 conjuge
1102 300 1223 349 felix,

265 365 377 406 Pars
398 366 501 406 vitae
524 365 635 405 tristi
655 370 797 408 cetera
814 369 927 409 nube
950 373 1092 409 vacet.

207 432 362 482 Vivat,
385 437 582 486 ametque
603 434 756 484 virum,
778 436 981 488 quoniam
1002 436 1065 476 sic
1088 436 1272 487 cogitur,
1292 435 1481 476 absens:

265 500 632 552 Consummetque
654 513 804 550 annos,
831 501 907 541 sed
930 501 1151 549 diuturna,
1173 515 1291 542 suos.

207 566 460 621 Adjicerem
481 570 523 608 et
540 571 735 608 nostros:
768 568 846 608 sed
866 581 920 608 ne
941 569 1145 620 contagia
1166 568 1244 608 fati

263 634 552 688 Corrumpant
571 636 718 685 timeo,
740 648 850 689 quos
872 636 963 688 agit
982 636 1098 689 ipsa,
1119 636 1221 677 mei.

206 701 284 742 Nil
303 701 462 742 homini
483 706 646 743 certum
663 707 744 742 est.
790 703 909 743 Fieri
931 704 1032 756 quis
1052 716 1187 756 posse
1205 707 1392 755 putaret,

261 769 321 809 Ut
340 769 526 810 facerem
546 770 590 810 in
611 769 768 811 mediis
788 771 983 823 haec-ego
1005 784 1131 811 saera
1151 770 1280 811 Getis
1297 773 1315 812 ἲ

200 833 385 889 Aspice,
402 840 451 878 ut
472 851 580 879 aura
600 843 745 879 tamen
765 837 909 878 fumos
931 851 955 877 e
976 838 1097 878 thure
1118 842 1291 880 coortos

258 903 311 943 In
331 908 477 957 partes
501 905 639 945 Italas
662 908 705 945 et
724 905 822 945 loca
843 904 998 945 dextra
1018 904 1139 945 ferat.

201 970 370 1011 Sensus
392 972 504 1012 inest
530 972 656 1024 igitur
675 973 862 1022 nebulis,
884 985 996 1026 quas
1017 973 1153 1024 exigit
1172 973 1285 1026 ignis
1306 987 1315 1013 :

257 1038 501 1079 Consilium
521 1039 688 1091 fugiunt
708 1043 850 1080 cetera
871 1052 1000 1092 paene
1020 1052 1180 1080 meum,

201 1105 412 1155 Consilio,
435 1120 662 1148 commune
684 1120 856 1148 sacrum
877 1120 978 1147 cum
1000 1107 1080 1147 fiat
1100 1108 1144 1147 in
1165 1119 1240 1147 ara

258 1172 496 1223 Fratribus,
516 1175 681 1214 alterna
702 1174 778 1226 qui
801 1174 967 1227 periere
985 1186 1130 1223 manu,

1604 907 1659 947 30

197 1300 356 1341 Siquidem
372 1312 431 1332 non
447 1305 493 1332 est
508 1302 601 1331 etiam
615 1300 702 1331 beata
715 1301 748 1330 in
763 1300 875 1330 dilecto
889 1300 1013 1338 marito,
1029 1299 1146 1339 reliqua
1167 1309 1243 1339 pars
1266 1299 1342 1329 vitoe
1363 1303 1466 1330 careat
1484 1303 1589 1330 moesta
1606 1311 1656 1331 ne·

196 1343 276 1373 bula.
326 1343 418 1374 Vivat
445 1348 474 1374 et
499 1344 615 1382 diligat
629 1343 789 1382 conjugem
804 1342 924 1381 absens,
941 1344 1181 1382 quandoquidem
1197 1342 1243 1372 ita
1261 1342 1407 1381 cogitum
1430 1346 1520 1382 utque
1535 1345 1655 1374 evolvat

193 1394 262 1415 suos
272 1395 376 1425 annos,
386 1387 438 1416 sed
453 1387 600 1424 longam-a.
645 1386 800 1416 Auderem
816 1396 929 1425 quoque
941 1389 1060 1416 nostros
1073 1396 1082 1420 ;
1104 1394 1208 1415 verum
1235 1388 1345 1422 metuo,
1368 1395 1406 1415 ne
1421 1386 1565 1424 contagia
1580 1396 1654 1416 meoe

193 1427 287 1458 sortis
301 1428 449 1466 infestent
465 1439 538 1468 quos
554 1430 620 1469 ipsu
643 1429 755 1467 exigit.
802 1428 894 1459 Nihil
908 1432 953 1459 est
969 1428 1101 1468 firmum
1116 1428 1244 1458 homini.
1292 1428 1370 1462 Quis
1389 1428 1568 1458 credidisset
1574 1428 1653 1469 fieri

188 1480 289 1510 posse,
305 1475 340 1501 ut
355 1482 411 1509 ego
438 1472 619 1501 celebrarem
634 1472 699 1501 lzoec
713 1481 802 1501 sacru
826 1471 908 1501 inter
934 1472 1031 1501 Getas
1044 1470 1059 1501 ί)
1109 1471 1187 1501 Vide
1202 1473 1304 1501 tumen
1319 1474 1353 1500 ut
1367 1474 1474 1500 venius
1488 1472 1589 1510 rapiat
1596 1471 1652 1508 su-

192 1523 256 1543 mos
273 1514 466 1552 conglobatos
482 1524 522 1544 esc
537 1515 625 1544 thure
641 1514 673 1543 in
686 1517 794 1553 partes
812 1514 911 1543 Italas
936 1516 965 1542 et
989 1514 1053 1543 [oca
1068 1514 1192 1543 dextra.
1241 1514 1328 1550 Ergo
1343 1522 1448 1542 sensus
1462 1514 1539 1543 inest
1547 1513 1652 1551 fumo,

191 1565 280 1595 quem
294 1556 378 1595 ignis
403 1557 538 1586 excitat:
562 1557 681 1594 reliqua
689 1555 763 1592 fere
780 1565 838 1585 non
857 1555 1036 1594 respondent
1064 1565 1127 1585 meo
1150 1557 1229 1584 voto.
1269 1556 1348 1584 Cum
1362 1565 1481 1584 sacrum
1496 1564 1651 1586 commune

188 1602 360 1638 peragatur
373 1608 463 1638 super
478 1598 573 1628 aliteri
579 1597 740 1634 fratribus
754 1598 805 1637 qui
829 1598 1021 1627 conciderunt
1050 1597 1166 1627 mutuis
1191 1597 1375 1636 vulneribus,
1390 1597 1452 1637 ipse
1468 1597 1557 1636 niger
1573 1597 1652 1628 cinis

802 1677 1037 1688 eeeeeeeeeeee

189 1730 269 1760 Duo
286 1730 364 1760 libri
384 1731 590 1772 Ereptamque
601 1733 753 1764 uuaz-24
770 1733 871 1772 Vulg.
890 1734 1136 1773 consumatque:
1162 1732 1283 1763 Heins.
1302 1732 1423 1763 suadet
1439 1734 1649 1764 Consummct-

190 1782 266 1812 que;
283 1774 432 1813 quamvis
447 1775 535 1815 vulg.
550 1776 687 1806 minime
701 1776 877 1815 displicet:
892 1776 987 1806 Serv.
1004 1778 1236 1815 Consumetque.
1273 1776 1356 1806 Mox
1374 1776 1435 1806 Be.
1451 1776 1494 1806 sic
1509 1785 1569 1816 pro
1582 1777 1646 1806 scd.

192 1817 276 1846 -28
299 1816 338 1846 In
354 1816 450 1846 abest
465 1826 531 1847 uno
542 1818 773 1849 Gallico—29
790 1819 865 1849 Duo
878 1819 956 1849 libri
971 1819 1102 1858 Inspice.
1129 1819 1212 1848 Tum
1227 1819 1301 1849 Pol.
1314 1822 1349 1848 et
1365 1818 1513 1849 Strozzae
1528 1822 1558 1849 ul
1578 1829 1644 1849 um.

190 1857 242 1887 Ex
260 1859 300 1889 V.
320 1858 478 1889 Ciofanus
501 1859 633 1899 profert
659 1863 779 1891 tamen.-
805 1862 894 1900 vulg.
919 1865 1057 1892 tumens:
1081 1862 1142 1891 Be.
1167 1861 1263 1895 levis;
1287 1865 1322 1890 et
1345 1870 1421 1890 mox
1444 1862 1486 1892 th.
1508 1864 1647 1897 creatos,-

189 1900 272 1930 alius
289 1901 390 1931 etiam
402 1905 536 1932 creatos:
553 1907 696 1942 quatuor
706 1913 862 1939 coruscos;
880 1909 949 1934 tres
961 1907 1100 1940 coactos;
1117 1903 1182 1933 duo
1198 1903 1436 1933 cohortes—30
1450 1904 1518 1933 Pro
1533 1905 1647 1934 (lextra

188 1943 285 1973 multi
302 1943 415 1981 jussa;
445 1949 480 1974 et
498 1944 563 1975 duo
580 1948 761 1976 sacrm-31
787 1946 849 1975 Be.
874 1946 962 1976 Sens.
988 1948 1086 1976 adest.
1131 1946 1218 1975 Tum
1246 1945 1430 1983 Gottorph.
1461 1954 1520 1983 pro
1546 1945 1648 1982 igitur

189 1985 327 2016 exhibet
340 1986 480 2026 aliquan
506 1987 593 2027 quod
612 1988 727 2019 Burm.
745 1992 844 2027 putat
861 1989 1009 2027 positum
1027 1997 1086 2027 pro
1102 1988 1222 2027 aliquis
1268 1987 1352 2017 Mox
1370 1987 1431 2016 Be.
1457 1996 1531 2025 quas
1546 1987 1643 2024 erigit

188 2027 253 2063 ign.
278 2032 314 2058 et
340 2038 424 2059 unus
454 2030 574 2060 Heius.
599 2031 798 2060 exerit.—32
825 2030 893 2060 Pro
925 2040 1022 2060 meum
1050 2035 1128 2060 octo
1156 2033 1239 2059 vett.
1267 2032 1373 2059 tuum:
1407 2028 1525 2059 Heius.
1554 2029 1644 2067 conj.

187 2073 371 2101 suum—33
395 2070 464 2102 Alii
489 2072 566 2102 libri
595 2073 764 2103 Consilium
789 2083 895 2104 comm.
920 2072 1038 2104 Heius.
1067 2077 1178 2103 autem
1205 2070 1347 2112 praefert
1367 2071 1521 2102 Consilio.-
1561 2081 1644 2101 unu<

842 2174 981 2205 NOTAE

939 2248 1028 2288 regis
1053 2247 1113 2278 filii
1129 2247 1282 2286 fuerunt,
1299 2256 1381 2288 quos
1397 2247 1488 2278 inter
1503 2248 1642 2279 alternis

939 2298 1047 2337 annis,
1072 2298 1130 2329 illo
1145 2305 1292 2337 mortuo,
1309 2308 1451 2338 regnare
1475 2308 1640 2329 convene-

185 2245 292 2276 utitur
309 2246 480 2287 allegoria.

224 2298 266 2327 22
291 2297 397 2337 Nube]
429 2298 498 2329 Pro
515 2297 650 2329 casibus
669 2297 831 2329 adversis.

225 2349 266 2377 30
292 2348 436 2388 Dextra]
481 2348 600 2379 Po'eztae
629 2353 800 2389 respectu,
827 2349 883 2390 qui

182 2397 370 2429 sacrificans
386 2398 420 2429 in
433 2402 542 2430 ortum
559 2399 732 2430 obversus.

225 2449 260 2477 31
283 2447 411 2489 Sensus]
426 2449 515 2480 Quia
532 2458 571 2480 eo
584 2448 758 2480 ferebatur
768 2448 880 2479 fumus

184 2505 249 2533 quo
279 2501 356 2527 vota
381 2507 440 2529 sua
467 2498 637 2539 dirigebat
662 2499 768 2538 Naso,
797 2498 879 2529 illud

186 2544 281 2576 ‹licit-

226 2596 266 2624 32
296 2595 450 2636 Fugiunt]
491 2599 586 2630 Solus
613 2599 740 2641 quippe
767 2598 878 2629 fumus

185 2643 271 2673 idem
286 2644 375 2683 quod
389 2645 500 2677 Poeta
516 2648 627 2680 facere
644 2650 833 2681 videbatur.

224 2696 264 2724 33
279 2694 428 2733 Consilio]
458 2696 546 2727 Haec*
556 2704 607 2729 est
621 2699 747 2731 fabula.
775 2701 876 2731 Eteo-

181 2746 250 2775 cles
266 2749 301 2776 et
324 2745 504 2787 Polynices
518 2747 633 2790 OEdipi
644 2751 877 2783 Thebanorum

939 2354 1004 2379 rat.
1033 2349 1171 2379 Priores
1191 2353 1307 2388 partes
1325 2353 1405 2379 natu
1419 2349 1523 2388 major
1538 2350 1640 2378 Eteo-

938 2399 1005 2430 cles
1022 2398 1213 2439 exequitur.
1237 2398 1366 2428 Verum
1383 2397 1480 2428 fratri
1493 2407 1553 2427 suo
1564 2407 1639 2428 cum

937 2453 1096 2480 renueret
1107 2457 1211 2486 regno
1224 2448 1359 2486 cedere,
1374 2447 1556 2486 Polynices
1570 2447 1639 2477 boh.

936 2499 1004 2529 lum
1035 2498 1160 2529 intulit.
1205 2498 1336 2528 Mutuis
1362 2497 1556 2527 vulneribus
1586 2508 1638 2528 oc-

935 2550 1138 2588 cubuerunt,
1164 2547 1288 2577 deinde
1318 2556 1400 2585 rogo
1422 2545 1532 2576 eidem
1559 2553 1638 2579 sunt

933 2598 1094 2638 impositi.
1137 2597 1277 2633 Verum,
1294 2600 1331 2626 ut
1351 2595 1477 2626 cecinit
1493 2597 1635 2636 Statius,

933 2648 1040 2678 altero
1064 2650 1236 2685 correpto,
1261 2647 1269 2662 ‘
1290 2646 1417 2676 Fratris
1443 2646 1564 2685 primos
1600 2654 1635 2680 ut

933 2696 1077 2735 contigit
1103 2699 1197 2726 artus
1215 2695 1310 2734 Ignis
1336 2695 1441 2734 edax,
1465 2701 1632 2728 tremuere

932 2746 1014 2788 rogi,
1029 2750 1066 2778 et
1082 2755 1188 2777 novus
1206 2745 1337 2778 advena
1355 2746 1460 2778 bustis
1478 2748 1633 2788 Pellitur,
