1863 3193
620 161 863 192 'rmsrmM
898 162 993 193 mn.
1026 162 1058 192 1.
1089 154 1129 193 7.
1487 153 1603 198 2235

143 257 348 301 Foemina
368 269 444 299 seu
464 255 688 310 princeps,
712 268 861 297 omnes
884 255 964 297 tibi
985 256 1105 298 culta
1125 269 1207 310 per
1228 269 1385 308 annos,
1545 258 1602 298 25

199 327 265 367 Te
285 326 411 367 docet
428 324 680 377 exemplum
704 323 903 377 conjugis
924 336 1023 364 esse
1043 325 1170 365 bonae
1190 338 1199 366 :

144 392 482 444 Assimilemque
502 391 570 431 sui
590 392 720 444 longa
740 392 1023 432 assuetudine
1046 391 1150 433 fecit
1167 407 1176 433 ;

202 459 397 501 Grandia
416 459 453 499 si
473 458 625 512 parvis
645 459 888 499 assimilare
913 459 1030 500 licet.

145 526 233 568 Hei
252 525 371 575 mihi,
392 539 474 566 non
494 538 675 578 magnas
696 526 819 579 quod
839 526 1002 566 habent
1022 538 1120 567 mea
1140 527 1335 567 carmina
1356 524 1487 576 vires,

202 593 457 646 Nostraque
480 597 582 633 sunt
601 593 769 633 meritis
792 605 869 633 ora
887 593 1056 633 minora
1075 593 1187 635 tuis!
1546 591 1602 632 30

146 661 194 702 Si
215 660 319 714 quid
342 665 383 702 et
405 661 448 701 in
468 660 596 701 nobis
618 661 710 702 vivi
729 660 813 701 fuit
833 664 932 701 ante
955 661 1134 713 vigoris,

205 727 458 768 Extinctum
479 728 620 780 longis
642 727 804 768 occidit
825 740 951 768 omne
971 729 1098 769 malis
1117 742 1126 770 ε

144 793 293 835 Prima
311 794 458 835 locum
479 798 654 835 sanctas
673 794 880 835 heroidas
901 796 1013 836 inter
1032 796 1215 837 haberes
1234 810 1243 837 :

199 860 348 902 Prima
366 862 494 902 bonis
516 862 650 901 animi
669 861 974 914 conspicerere
994 862 1072 903 tui.

142 927 558 982 Quantumcumque
578 932 728 968 tamen
746 928 973 980 praeconia
993 931 1141 968 nostra
1159 930 1390 981 valebunt3
1546 929 1603 970 35

200 995 473 1037 Carminibus
494 996 619 1037 vives
639 999 811 1048 tempus
832 994 877 1034 in
898 1007 1024 1035 omne
1042 995 1166 1036 meis.

142 1117 230 1152 tilam
251 1116 454 1152 sivefoemina
471 1117 631 1155 Princeps,
656 1125 675 1145 α
690 1119 721 1145 te
735 1115 894 1145 observata
917 1125 973 1154 per
989 1118 1086 1145 totam
1102 1114 1209 1154 vitum,
1226 1118 1256 1145 te
1272 1114 1358 1145 docet
1374 1123 1436 1145 esse
1453 1113 1485 1144 in
1501 1112 1603 1145 εποίη-

140 1159 225 1197 plum
251 1159 314 1197 pioe
344 1158 462 1196 uxoris,
486 1161 516 1188 et
543 1156 679 1188 reddidit
711 1162 745 1188 te
774 1157 834 1187 sibi
862 1157 994 1188 similem
1020 1158 1109 1196 longo
1132 1168 1211 1193 usu,
1207 1167 1213 1174 ·
1250 1157 1400 1198 siquidem
1429 1157 1605 1188 conceditur

143 1209 318 1239 componire
343 1209 456 1238 magna
484 1209 552 1230 cum
581 1199 698 1239 parvis.
760 1199 825 1230 Hei
861 1200 939 1230 mihi
972 1201 1052 1239 quod
1089 1200 1148 1230 mcz'
1174 1209 1278 1230 versus
1305 1210 1365 1231 non
1395 1202 1466 1230 sunt
1495 1200 1604 1238 magni

141 1242 307 1282 ponderi&
329 1245 358 1272 et
374 1245 511 1272 nostrum
526 1242 678 1281 eloquium
693 1245 737 1272 est
753 1242 853 1272 minus
869 1243 932 1272 tuis
947 1242 1109 1283 beneficiis.
1155 1242 1193 1273 Si
1208 1243 1302 1272 etium
1317 1242 1437 1282 aliquid
1444 1241 1514 1279 suit
1529 1243 1604 1272 olim

141 1284 223 1314 ueris
244 1284 361 1322 vigens
382 1284 416 1314 in
431 1284 528 1333 nob-2⁶⁸,
551 1294 726 1324 oppressum
748 1284 880 1315 diutinis
894 1284 1042 1315 (erumnis
1057 1288 1155 1316 totum
1179 1285 1325 1315 interiit:
1358 1284 1510 1316 obtineres
1536 1284 1605 1324 pri-

141 1336 223 1357 mum
238 1326 336 1357 locum
349 1326 432 1357 inter
455 1327 525 1367 pias
539 1327 699 1357 heroidas:
719 1337 822 1366 prema
845 1328 1007 1367 conspicua
1022 1337 1100 1358 esses
1117 1328 1204 1358 laude
1226 1327 1355 1367 pietatis
1378 1330 1452 1358 tuce.
1498 1327 1604 1362 Quan-

143 1373 330 1410 tuma-umque
346 1371 448 1400 tamen
463 1369 628 1401 celebratio
642 1372 748 1401 nostra
760 1370 889 1410 poterit,
902 1370 983 1401 vives
999 1371 1032 1400 in
1047 1380 1133 1401 omne
1146 1380 1244 1401 oevum
1261 1370 1336 1401 meis
1350 1369 1548 1401 cavmim'bus.

800 1466 940 1499 NOTAE

185 1543 227 1572 24
251 1539 341 1571 Nova
356 1541 435 1582 luce]
469 1541 537 1572 Die
553 1541 659 1573 natali
676 1542 843 1582 peculiari
941 1544 981 1573 33
1007 1541 1163 1581 Halteres]
1201 1539 1337 1571 Pendet
1369 1549 1412 1570 ex
1442 1548 1482 1570 eo
1512 1538 1602 1580 quod

142 1589 286 1632 quodam
304 1592 381 1622 coeli
397 1591 486 1623 dono
503 1597 681 1623 exornato.
897 1592 998 1631 dixit,
1034 1593 1044 1610 ‘
1061 1592 1128 1622 Hei
1145 1591 1224 1622 mihi
1237 1600 1303 1622 non
1320 1588 1492 1630 magnus?
1507 1588 1603 1629 quasi

184 1643 224 1671 25
250 1640 414 1681 Princeps]
440 1642 543 1673 Liviae
572 1641 720 1682 Augusti
745 1642 842 1674 uxori
897 1641 1010 1674 dicat:
1045 1641 1219 1682 Siquidem
1250 1641 1283 1671 id
1320 1643 1505 1681 praestaret
1532 1639 1603 1669 elo-

144 1687 381 1721 adblanditur:
403 1700 510 1732 neque
526 1691 711 1730 persuadet
726 1691 844 1722 Amer-
899 1691 1039 1733 quentia
1054 1701 1130 1722 mea
1145 1700 1211 1732 quo
1238 1690 1338 1731 digna
1354 1694 1408 1721 est
1431 1693 1490 1720 tua
1516 1687 1602 1719 fides

143 1737 294 1777 bachius,
320 1744 357 1772 ut
382 1740 425 1772 de
448 1741 581 1772 Marcia
602 1741 843 1783 intelligamus.
898 1747 935 1774 et
955 1743 990 1774 in
1013 1742 1170 1774 maritum
1199 1741 1324 1782 pietas,
1348 1739 1457 1782 prima
1478 1739 1603 1778 locum,

187 1789 228 1817 30
255 1788 334 1828 Ora]
357 1790 571 1832 Eloquentia.
898 1796 964 1825 ὄις.

610 2196 940 2246 ELEGIA
995 2197 1115 2244 VH.

690 2357 1044 2390 ARGUMENTUM.

145 2454 297 2486 ΑΜιουΜ
324 2453 482 2486 admonet
503 2453 626 2495 Poeta,
649 2458 689 2486 ut
714 2463 846 2496 gemma
862 2453 982 2486 faciem
1005 2463 1098 2486 suam
1128 2455 1332 2496 insculptam
1355 2456 1504 2493 intuens,
1522 2455 1597 2496 ejus

184 2507 274 2538 exilii
292 2508 503 2547 recordetur,
526 2508 709 2549 dematque
735 2508 783 2539 illi
799 2517 958 2540 coronam
976 2518 1017 2539 ex
1042 2508 1191 2540 hedera:
1217 2509 1381 2550 siquidem
1407 2508 1598 2548 hujusmodi

185 2559 326 2600 insignia
351 2561 557 2592 conveniunt
583 2560 740 2592 felicibus
766 2560 886 2601 poetis.
930 2561 1076 2592 Mandat
1103 2566 1215 2592 tamen
1240 2560 1417 2601 insculptae
1441 2561 1597 2602 imaginis

187 2610 259 2641 loco
281 2613 412 2653 legatur
433 2623 518 2654 opus
544 2613 864 2655 Metamorphoseon
886 2614 918 2644 in
935 2614 1128 2655 quindecim
1147 2614 1278 2645 libellos
1295 2613 1486 2655 digestum:
1513 2624 1598 2655 quos

189 2665 336 2702 ‹luamvis
351 2665 423 2706 ipse
449 2667 482 2697 in
509 2667 646 2698 exilium
663 2666 894 2708 proficiscens,
909 2667 942 2697 in
968 2667 1076 2707 ignem
1105 2667 1304 2707 conjecerit,
1327 2671 1438 2698 tamen
1455 2665 1596 2698 eosdem

190 2714 340 2755 pluribus
355 2720 519 2761 exemplis
535 2720 744 2763 conscriptos
761 2724 877 2753 extare
893 2719 1067 2762 intelligit.
1089 2720 1270 2752 Postremo
1285 2730 1346 2753 sex
1362 2729 1480 2753 versus
1505 2728 1596 2751 man-
