1877 3193
532 173 686 204 Emsr.
721 172 785 203 EX
820 171 979 202 PoN'ro
1014 172 1110 203 ΜΒ.
1143 172 1219 203 111.
1252 161 1293 203 l.
1522 161 1636 203 ‘2633

189 264 293 318 Qua
311 268 417 309 nihil
437 268 481 309 in
496 269 637 318 terris,
660 267 715 309 ad
735 268 864 309 finem
886 267 1006 308 Solis
1025 268 1081 308 ab
1103 274 1215 317 ortu,

246 333 434 386 Clarius,
454 339 640 389 excepto
662 334 854 385 Caesare,
874 333 1060 375 mundus
1079 334 1223 376 habet.

188 400 351 455 Eligito
372 407 558 455 tempus,
578 405 799 455 captatum
820 413 955 454 saepe,
975 401 1175 452 rogandi,

245 468 389 510 Exeat
409 468 595 510 adversa
616 481 670 508 ne
690 471 766 507 tua
784 467 907 507 navis
918 478 1059 519 equa.

189 534 293 576 Non
312 547 482 588 semper
504 546 656 575 sacras
676 531 860 572 reddunt
876 529 1052 571 oracula
1074 534 1214 572 sortes
1231 545 1243 582 ;

246 601 438 655 Ipsaque
457 613 542 641 non
562 598 677 640 omni
696 601 889 651 tempore
910 596 1013 637 fana
1031 600 1194 650 patent.

188 666 302 710 Cum
323 671 464 708 status
486 666 617 708 Urbis
637 665 733 715 erit,
766 665 942 719 qualem
962 677 1074 705 nunc
1097 677 1288 718 auguror
1308 677 1433 717 esse3

243 733 300 775 Et
319 734 464 774 nullus
487 733 643 788 populi
665 732 892 773 contrahet
910 743 986 772 ora
1005 730 1128 772 dolor
1145 745 1156 782 3

186 799 297 842 Cum
318 800 476 842 domus
498 800 698 853 Augusti,
721 798 910 852 Capitoli
930 811 1048 839 more
1068 799 1268 848 colenda,

242 866 369 908 Laeta
384 866 524 921 (quod
543 871 628 916 est,
650 872 694 906 et
715 863 795 918 sit)
816 865 1028 918 plenaque
1047 866 1170 918 pacis
1192 865 1272 906 erit
1289 879 1301 917 ;

185 931 299 973 Tum
320 935 401 974 tibi
424 934 483 974 Di
503 934 667 974 faciant
687 931 873 972 adeundi
894 932 1024 986 copia
1044 932 1135 982 fiat,

244 999 500 1042 Profectura
518 1000 686 1053 aliquid
704 1003 795 1040 tum
817 1002 892 1039 tua
913 999 1047 1040 verba
1067 1002 1186 1052 puta.

1556 463 1639 505 130

1554 798 1639 839 135

184 1132 268 1164 orbis
292 1135 371 1165 nihil
386 1136 476 1167 habet
491 1137 644 1168 illustrius
659 1138 691 1168 in
714 1138 809 1168 terris
823 1138 861 1168 ab
877 1141 948 1168 ortu
965 1137 1046 1168 Solis
1062 1138 1101 1168 ad
1115 1146 1263 1176 occasum,
1278 1136 1306 1166 si
1320 1135 1456 1175 excipias
1473 1135 1638 1165 Caesarem.

186 1176 280 1216 Elige
294 1180 412 1217 tempus
427 1189 506 1218 soepe
520 1180 682 1219 quoesitum
697 1181 817 1218 orandi,
834 1190 871 1210 ne
892 1184 945 1211 tua
964 1180 1051 1209 navis
1075 1181 1212 1210 solvatur
1237 1188 1316 1218 aqua
1341 1177 1509 1208 contraria.
1557 1177 1638 1206 Om-

184 1220 251 1249 cula
266 1230 324 1250 non
336 1220 499 1259 proferunt
515 1231 632 1261 semper
654 1231 758 1252 sacras
780 1225 888 1261 sortes,
917 1224 947 1251 et
974 1223 1087 1261 templa
1110 1222 1176 1261 ipsa
1198 1231 1257 1251 non
1285 1224 1356 1250 sunt
1380 1228 1499 1259 semper
1521 1220 1639 1257 aperta.

187 1261 266 1291 Cum
280 1265 380 1292 status
399 1263 493 1293 Urbis
507 1263 579 1299 erit,
606 1265 722 1303 qualem
745 1264 875 1301 conjicio
895 1273 974 1293 nunc
989 1273 1064 1299 esse,
1089 1267 1119 1293 et
1147 1264 1232 1293 nulla
1246 1272 1384 1292 (erumna
1398 1259 1577 1299 corrugabit
1585 1258 1639 1296 fa-

180 1303 255 1333 ciem
267 1304 362 1343 plebis
373 1314 385 1339 ;
400 1315 467 1334 cum
482 1306 588 1335 domus
600 1306 746 1344 Augusti,
756 1305 881 1336 colenda
894 1306 959 1335 rita
974 1304 1136 1345 Capitolii,
1149 1305 1209 1335 erit
1222 1306 1293 1335 laeta
1306 1305 1408 1344 (quod
1421 1307 1477 1341 est,
1491 1306 1521 1332 et
1533 1302 1597 1340 sit)
1608 1303 1639 1330 et

179 1345 270 1386 plena
279 1348 389 1385 pacis;
411 1350 476 1377 tum
491 1347 551 1378 Dii
567 1347 692 1385 faciant
708 1348 766 1378 tihi
780 1348 871 1379 liceat
887 1349 1049 1378 accedere.-
1072 1349 1161 1378 crede
1177 1351 1246 1378 tuas
1260 1357 1347 1378 voces
1361 1346 1475 1386 aliquid
1492 1348 1557 1376 tum
1573 1344 1639 1383 opis

793 1433 1026 1444 naemu

183 1486 244 1515 129
268 1485 415 1524 Rogamii
436 1496 478 1516 ex
506 1486 701 1517 melioribus
730 1488 861 1526 recepit
884 1487 1004 1518 Heius.
1036 1497 1097 1526 pro
1122 1488 1212 1525 vulg.
1240 1487 1482 1525 roganti.—130
1505 1484 1638 1514 Tliuan.

184 1527 284 1557 Exiet
304 1528 339 1558 in
354 1530 471 1559 advers.
501 1529 620 1558 Heius.
644 1528 732 1567 conj.
751 1529 898 1558 Perstet:
922 1538 1006 1558 unus
1022 1529 1064 1559 V.
1095 1530 1197 1559 Extat
1220 1529 1396 1558 inach-ersa
1421 1537 1458 1556 ne
1484 1526 1542 1556 tibi
1565 1535 1636 1555 nav.

184 1578 268 1598 unus
284 1570 325 1599 V.
342 1570 451 1608 Ereat‚
471 1571 557 1610 quod
579 1570 698 1609 judice
717 1570 834 1600 Heius.
859 1571 1005 1611 positum
1025 1575 1078 1601 est
1100 1581 1162 1610 pro
1179 1571 1429 1601 Hoereat.-131
1456 1567 1637 1599 Distichon

182 1610 294 1640 dubiae
322 1611 413 1650 fidei,
444 1612 504 1641 nisi
537 1613 792 1643 Clariae-sortes
825 1612 977 1643 fortassiz
1010 1614 1128 1652 reponi
1157 1614 1284 1652 placet.
1325 1611 1546 1642 Heins.-132
1570 1610 1637 1640 Ms.

184 1653 314 1683 Bersm.
329 1655 443 1693 templa
467 1663 526 1693 pro
543 1654 743 1691 sunm—133
770 1655 812 1686 R.
835 1656 919 1685 Dum
942 1658 1127 1685 slah—134
1153 1656 1254 1685 Bari).
1279 1664 1350 1694 pop.
1374 1656 1508 1683 conteret
1538 1662 1583 1683 or.
1600 1656 1638 1682 et

182 1694 250 1726 Ms.
267 1695 396 1727 Bersm.
412 1697 507 1726 timor
534 1707 595 1736 pro
622 1698 825 1728 ‹lubun—135
851 1698 898 1728 Ut
921 1696 1095 1735 κακοφωνία
1110 1698 1250 1735 vitetur,
1274 1696 1398 1731 malim,
1418 1696 1555 1734 Cumque
1571 1695 1637 1724 Au-

178 1740 271 1775 gusta
287 1738 318 1768 d.
337 1739 374 1768 C.
388 1748 470 1768 more
484 1739 621 1769 colendi:
644 1749 719 1769 nam
742 1739 860 1770 colendi
877 1740 1095 1780 Argentinus.
1119 1740 1206 1770 Vide
1222 1740 1328 1770 Notas
1346 1738 1447 1769 Trist.
1464 1746 1519 1767 111.
1538 1737 1636 1776 Eleg.

181 1781 211 1809 3.
236 1779 358 1810 Posset
390 1785 436 1819 et,
469 1781 505 1811 C.
521 1781 553 1811 in
584 1782 658 1812 mole
669 1782 798 1812 colendi.
825 1782 943 1814 Heius.
978 1782 1124 1819 Vellem,
1141 1783 1276 1822 Cumque
1292 1781 1436 1820 Augusta
1448 1781 1479 1810 d.
1499 1780 1536 1809 C.
1555 1788 1636 1809 more

181 1822 314 1853 colenda.
338 1821 469 1853 Auctor
485 1824 597 1854 Elect.
613 1824 711 1855 Eton.
752 1825 830 1856 Voce
846 1834 930 1855 unus
947 1824 1066 1855 Heins.
1091 1825 1165 1864 Ego
1183 1824 1265 1855 nihil
1289 1833 1426 1853 moveo:
1453 1831 1527 1851 nam
1545 1830 1636 1860 saepe

182 1863 215 1893 in
231 1863 281 1894 his
297 1865 502 1895 etQ-istium
521 1866 614 1896 libris
632 1866 821 1906 Augustum
837 1867 926 1905 Jovi,
943 1871 977 1897 et
996 1868 1164 1898 Palatium
1182 1866 1309 1905 templo
1327 1863 1509 1905 Capitolini
1526 1863 1635 1901 Jovis,

182 1905 329 1938 confert.
353 1907 430 1938 vid.
446 1917 502 1938 111.
517 1908 617 1938 Trist.
636 1912 663 1939 l.
680 1912 730 1939 35.
746 1914 781 1940 et
797 1918 866 1949 seq.
890 1910 1109 1940 Burm.—137
1130 1909 1243 1939 Etiam
1256 1908 1308 1937 hic
1325 1916 1441 1937 versus
1459 1905 1636 1935 mendosus

183 1955 247 1978 est.
264 1949 396 1981 SarraV.
417 1951 491 1980 Tum
507 1950 565 1980 tibi
582 1950 747 1992 deficiant:
772 1951 916 1992 quinque
933 1951 1002 1990 alii,
1033 1951 1077 1981 Di
1091 1950 1243 1988 faveant:
1268 1949 1313 1980 Di
1328 1948 1432 1986 fuerit
1455 1947 1634 1987 Argentin.

183 1990 267 2021 alius
283 1991 321 2021 τὸ
336 1992 381 2023 Di
398 2002 460 2023 non
479 2000 640 2033 agnoscit.
664 1993 776 2025 Heius.
804 1994 900 2033 Copia
915 1994 1004 2024 detur
1020 1993 1204 2024 dum-138
1231 1992 1308 2022 Tum
1324 1991 1490 2022 meliores.
1524 1992 1637 2021 sarra-

843 2088 982 2120 NOTAE

183 2161 242 2192 sed
273 2163 440 2201 consulm,
469 2168 504 2193 et
530 2173 592 2203 pro
621 2163 742 2193 merito
766 2172 881 2193 eorum

183 2220 265 2252 qnos
281 2213 427 2251 extollit,
444 2222 504 2242 sua
521 2212 608 2243 bona
624 2211 789 2243 conferat.

227 2264 287 2292 127
313 2261 399 2301 Qua]
438 2263 547 2303 Livia,
573 2263 718 2301 scilicet,
747 2262 882 2293 t'oemina

182 2312 351 2351 principe.

224 2361 397 2402 Adfinem]
428 2361 480 2392 Ad
498 2371 665 2393 occasum.

226 2412 288 2440 129
328 2411 463 2451 Eligito]
505 2412 695 2452 Optimum,
722 2411 749 2442 si
779 2411 881 2442 ullum

184 2458 297 2498 datur,
334 2461 532 2499 consilinum
571 2472 612 2493 ex
643 2472 708 2503 quo
744 2462 882 2502 insuper

186 2516 284 2548 quam
300 2510 455 2540 miserum
478 2512 522 2541 sit
542 2522 616 2542 cum
634 2513 881 2552 potentioribus

186 2566 257 2588 rem
267 2557 405 2596 habere,
414 2561 476 2589 nisi
487 2562 733 2599 generosissimi
745 2562 884 2602 fuerint,

188 2605 296 2647 quivis
311 2606 488 2645 intelligat.

234 2658 294 2686 130
318 2656 436 2695 Exeat]
476 2658 541 2697 Ne,
556 2659 655 2689 sicuti
678 2661 785 2701 navis,
808 2672 882 2702 quae

188 2704 298 2739 ventis
315 2704 465 2739 adversis
490 2710 526 2740 et
549 2707 693 2741 turbatae
718 2719 812 2751 aquae
835 2711 883 2742 in-

935 2162 1084 2193 feliciter
1099 2162 1302 2203 quandoque
1328 2161 1370 2192 ab
1386 2160 1547 2201 imperitis
1564 2169 1635 2191 cre-

935 2212 1038 2251 ditur,
1054 2217 1090 2243 tu
1106 2212 1209 2242 etiam
1225 2212 1339 2242 inania
1356 2211 1460 2242 verba
1483 2215 1519 2242 et
1532 2220 1634 2241 vanas

936 2271 1056 2302 preces
1072 2262 1105 2292 in
1125 2262 1226 2293 Liviae
1244 2272 1342 2293 aures
1357 2262 1502 2302 ingeraS.

980 2315 1038 2343 131
1055 2312 1180 2353 Sacros]
1196 2313 1288 2344 Quas
1304 2312 1474 2343 venereris
1487 2315 1632 2341 etames.

979 2365 1039 2393 1301
1053 2363 1238 2404 Contrahet]
1254 2362 1473 2402 Corrngabit,
1487 2365 1522 2391 ut
1535 2360 1634 2399 solet,

935 2422 1010 2443 cum
1027 2413 1136 2452 gravis
1152 2418 1203 2443 est
1216 2413 1324 2443 dolor.

979 2466 1038 2494 135
1065 2462 1216 2502 Capitoli]
1241 2463 1339 2495 Quod
1352 2471 1413 2502 per
1426 2460 1581 2491 laetitiam
1597 2464 1634 2492 et

936 2513 1119 2551 triumphos
1136 2513 1292 2542 intratur.

979 2565 1040 2591 136
1067 2562 1108 2590 Et
1128 2561 1186 2599 sit]
1218 2561 1300 2590 Mali
1318 2560 1435 2590 ominis
1454 2558 1632 2590 avertendi

937 2620 1050 2648 cansa,
1066 2610 1159 2649 quasi
1178 2619 1243 2639 nou
1266 2619 1399 2650 semper
1421 2610 1534 2640 laetam
1558 2608 1633 2640 fore

938 2659 1083 2698 Augusti
1099 2658 1234 2688 donnum
1250 2658 1426 2700 innuisse„
1441 2658 1632 2691 cautissime.

937 2711 1009 2741 liaec
1025 2708 1126 2740 verba
1141 2707 1303 2750 subjecit.
