1877 3193
637 199 881 231 TRISTIUM
917 199 1012 232 me.
1045 201 1086 232 v.
1118 190 1157 232 8.
1510 192 1624 235 2469

168 290 256 334 Vel
273 292 380 347 quia
398 292 462 334 nil
481 293 631 346 ingens
647 294 704 335 ad
722 296 849 336 finem
872 296 988 337 Solis
1004 297 1065 341 ab
1087 300 1198 348 ortu,
1565 296 1623 338 25

228 360 328 410 Illo,
351 361 424 402 cui
443 366 584 414 paret,
603 362 750 402 mitius
769 363 890 402 orbis
912 363 1058 403 habet.

169 429 346 470 Scilicet
367 432 411 468 ut
430 440 515 467 non
534 433 603 468 est
624 442 702 481 per
723 431 810 469 vim
830 429 1092 481 superabilis
1113 429 1203 479 ulli,

226 495 364 535 Molle
386 507 461 535 cor
482 494 539 534 ad
558 495 735 534 timidas
757 495 821 534 sic
838 495 972 534 habet
991 495 1063 534 ille
1085 507 1253 547 preces.

168 562 475 614 Exemploque
500 561 656 610 Deum,
678 561 838 614 quibus
861 573 1121 602 accessurus
1142 566 1188 602 et
1208 563 1304 616 ipse
1321 566 1403 614 est,

224 629 353 683 [Cum
374 641 517 681 poenae
538 628 673 668 venia
692 628 820 681 plura
838 628 1032 680 roganda
1050 628 1236 681 petam.]
1568 631 1624 673 30

169 696 216 738 Si
237 708 434 737 numeres
456 708 569 735 anno
592 695 718 736 Soles
738 702 781 737 et
800 696 951 736 nubila
971 700 1080 745 toto,

222 762 428 803 Invenies
448 762 633 802 nitidum
655 762 821 815 saepius
842 762 933 801 isse
954 762 1085 802 diem.

166 828 294 882 Ergo,
315 842 369 869 ne
388 835 536 870 nostra
557 830 738 869 nimium
762 829 907 870 laetere
927 829 1068 878 ruina,

221 896 416 937 Restitui
436 895 656 949 quondam
678 910 745 936 me
766 910 943 950 quoque
963 909 1093 949 posse
1115 903 1240 951 puta.

166 964 305 1006 Posse
325 969 433 1018 puta
452 964 559 1012 fieri,
578 964 709 1004 lenito
730 964 954 1017 Principe,
977 965 1122 1005 vultus
1568 967 1625 1009 35

224 1031 286 1073 Ut
303 1032 456 1073 videas
477 1031 622 1071 media
640 1031 779 1071 tristis
800 1032 842 1072 in
864 1032 985 1073 Urbe
1007 1045 1155 1073 meos:

168 1097 315 1151 thue
333 1111 412 1150 ego
433 1102 474 1138 te
493 1097 667 1138 videam
689 1111 826 1139 causa
844 1099 1042 1150 graviore
1062 1099 1274 1150 fugatum.

224 1166 342 1208 Haec
364 1169 460 1206 sunt
479 1178 506 1206 a
524 1166 673 1218 primis
693 1166 896 1218 proxima
915 1169 1021 1206 vota
1040 1166 1162 1207 mihi.

165 1307 224 1328 non
239 1300 284 1328 est
310 1297 376 1327 sine
395 1298 520 1336 pudore,
539 1297 584 1326 ita
598 1299 644 1327 est
658 1297 724 1327 sine
746 1296 863 1327 invidia
874 1307 884 1326 .·
906 1297 954 1327 vel
968 1296 1040 1337 quia
1055 1300 1160 1327 vastus
1177 1298 1306 1328 mundus
1321 1297 1399 1328 nihil
1422 1298 1512 1330 habet
1526 1299 1624 1330 lenius

164 1340 202 1370 ab
225 1342 294 1369 ortu
308 1338 390 1368 Solis
406 1341 445 1368 ud
459 1348 596 1369 occasum
619 1338 683 1377 illo,
710 1339 760 1369 cui
788 1339 973 1379 obsequitur.
1020 1339 1178 1370 Nimirum
1204 1343 1239 1370 ut
1260 1350 1320 1371 non
1333 1344 1376 1371 est
1393 1341 1554 1373 domabilis
1566 1352 1623 1383 per

166 1382 227 1412 vim
242 1381 279 1411 ab
294 1382 365 1419 ullo,
380 1381 426 1411 ita
441 1381 492 1411 ille
508 1381 598 1411 habet
612 1391 665 1411 cor
673 1380 771 1418 facile
793 1383 833 1412 ad
851 1392 957 1421 preces
984 1382 1122 1413 humiles.
1166 1383 1270 1422 Atque
1297 1394 1379 1414 more
1403 1385 1553 1423 Deorum,
1583 1385 1625 1415 ml

164 1434 236 1464 quos
247 1424 297 1454 ille
312 1424 406 1454 etiam
422 1427 466 1454 est
483 1427 638 1462 venturus,
654 1424 789 1461 conseret
804 1425 893 1464 plura
907 1426 1037 1464 petenda
1054 1435 1123 1455 cum
1136 1426 1313 1456 remissione
1337 1427 1466 1465 peccati.
1512 1428 1548 1457 Si
1575 1437 1624 1458 re·

163 1476 283 1498 censeas
297 1467 362 1496 dies
377 1466 446 1496 Sole
463 1466 644 1505 illustratos,
656 1470 685 1496 et
701 1467 818 1497 nubilos
831 1470 894 1497 toto
909 1477 1000 1504 anno,
1025 1468 1159 1506 reperies
1182 1467 1295 1507 saepius
1310 1468 1409 1505 fuisse
1423 1479 1526 1508 puros-
1572 1469 1622 1500 Ne

163 1509 262 1548 igitur
275 1509 405 1539 nimium
418 1510 554 1547 gaudeus
568 1512 671 1538 nostro
697 1509 808 1546 exuit),
830 1511 919 1539 crede
944 1519 992 1538 me
1007 1509 1102 1538 etiam
1117 1509 1281 1548 aliquando
1294 1520 1381 1548 posse
1397 1511 1621 1549 redintegrari.

166 1552 265 1582 Crede
286 1561 373 1591 posse
380 1551 470 1591 fieri,
497 1554 544 1589 ut,
562 1550 711 1588 Principe
732 1551 865 1589 placato,
887 1553 1013 1581 moestus
1033 1554 1148 1590 spectes
1163 1561 1260 1581 meam
1269 1551 1385 1588 faciem
1401 1553 1433 1582 in
1459 1553 1543 1583 Urbe
1559 1564 1620 1583 me-

163 1594 216 1624 dia
228 1603 241 1630 ;
263 1598 354 1633 utque
377 1593 524 1632 aspiciam
551 1595 580 1623 te
604 1592 732 1630 ejectum
756 1602 850 1623 causa
872 1593 1033 1624 atrociore.
1079 1593 1159 1623 Hoec
1185 1597 1256 1624 sunt
1281 1603 1349 1625 mea
1362 1594 1515 1626 desideria
1525 1605 1621 1636 prox-

164 1645 228 1666 zma
238 1647 257 1666 a
268 1645 392 1676 przmw.

764 1707 799 1717 oe
805 1706 999 1719 “leucoe“

166 1775 250 1803 -30
275 1773 428 1811 Negamla
452 1772 675 1805 Combianus:
701 1774 862 1814 dno‚cum
876 1775 966 1806 venia
987 1785 1096 1816 poenae.
1143 1775 1215 1807 Aut
1238 1775 1362 1808 desunt
1376 1776 1432 1808 hic
1447 1776 1621 1815 nonnulla,

165 1820 225 1846 aut
241 1825 358 1845 versus
374 1819 426 1845 est
441 1816 629 1847 mendosus.
676 1817 847 1848 Putabam
864 1818 1056 1858 aliquando,
1076 1820 1154 1849 Cum
1178 1829 1210 1859 p.
1226 1829 1253 1849 v.
1267 1820 1359 1860 plura
1372 1819 1506 1857 serenda
1519 1823 1622 1859 putat.

165 1858 382 1898 Tanaquillus
408 1858 518 1887 Faber
534 1858 589 1888 lib.
615 1868 638 1890 1.
656 1860 721 1899 Ep.
746 1863 798 1891 67.
816 1862 896 1890 Cum
917 1871 948 1900 p.
964 1871 993 1892 v.
1018 1862 1108 1900 plura
1134 1863 1265 1901 petenda
1289 1861 1388 1892 dabit.
1435 1861 1621 1892 Commodo

165 1909 279 1939 sensu,
303 1901 364 1930 nisi
389 1900 476 1940 quod
504 1910 637 1931 causam
668 1901 757 1931 haud
785 1901 884 1932 video
912 1912 971 1933 cur
994 1905 1127 1942 petenda
1145 1913 1206 1943 pro
1229 1906 1368 1942 roganda
1385 1903 1467 1934 velit
1490 1903 1621 1943 reponi.

165 1942 279 1973 Heius.
312 1943 414 1973 Forte
432 1943 621 1982 scripserit,
635 1945 727 1982 plura
740 1943 1006 1984 rogandaferam,
1021 1954 1082 1984 pro
1096 1945 1268 1985 obtinebo,
1281 1950 1319 1976 ut
1335 1946 1382 1976 ita
1390 1944 1479 1982 serre
1495 1945 1621 1984 passim

166 1985 335 2016 occurrit:
358 1989 461 2024 petam
478 1991 512 2015 ct
523 1985 628 2022 serum
646 1986 747 2016 etiam
763 1985 990 2017 confuderunt
1006 1987 1132 2017 librarii
1146 1988 1196 2017 Ex
1210 1987 1313 2020 Pont,
1329 1991 1396 2018 1.5.
1412 1990 1464 2018 30.
1479 1991 1513 2018 et
1528 1987 1622 2019 alibi.

167 2026 309 2057 Petenda
325 2028 405 2058 edit.
422 2028 554 2058 Bersm.
571 2034 607 2059 et
620 2028 779 2059 Pontani.
795 2029 994 2059 Burm.—32
1020 2030 1082 2060 Be.
1102 2030 1207 2060 Inven.
1223 2030 1334 2060 nitidis
1347 2032 1506 2070 step—38
1528 2029 1618 2060 Mor.

163 2069 255 2108 prim.
267 2073 338 2099 vota
353 2072 494 2100 secunda.
521 2071 571 2100 Ex
589 2071 677 2110 conj.
694 2071 812 2102 Heius.
837 2071 953 2102 Burm.
971 2071 1104 2112 recepit
1119 2072 1215 2103 mihi.-
1231 2073 1310 2104 olim
1327 2072 1507 2114 legebatur
1522 2073 1618 2103 meis:

166 2110 243 2143 Pol.
259 2121 310 2153 pr.
324 2121 390 2143 mea
404 2116 471 2149 est;
494 2112 643 2154 quinque
661 2113 717 2144 alii
733 2123 810 2144 mea.

823 2215 963 2247 NOTAE

163 2290 294 2328 perant,
309 2296 420 2329 neque
442 2286 610 2329 flagitiose
635 2288 779 2321 admissa
794 2288 864 2321 sue-
917 2293 1021 2330 pacto
1038 2291 1191 2322 emenda.

165 2341 254 2368 runt.
960 2342 1001 2371 32
1025 2340 1190 2380 Nitidnm]
1221 2341 1282 2379 Ut,
1299 2340 1398 2372 sicuti
1418 2341 1556 2381 Jupiter
1573 2342 1618 2371 in-

205 2389 246 2418 28
284 2387 338 2418 Sic
367 2387 472 2427 habet]
525 2388 682 2429 Optime:
719 2399 862 2432 namque
914 2389 1038 2422 formes
1062 2391 1200 2431 hyemes
1218 2396 1418 2432 summovet,
1433 2392 1481 2422 ita
1498 2396 1533 2422 et
1551 2392 1618 2422 Na-

166 2436 265 2467 iidem
279 2438 333 2478 qui
349 2438 612 2478 generosissimi,
623 2444 659 2471 et
671 2440 777 2471 minus
787 2444 863 2471 sunt
915 2442 1003 2472 sonis
1014 2441 1242 2472 calamitatem
1252 2441 1427 2481 Augustus
1436 2441 1476 2471 ad
1488 2441 1620 2471 laetiora

166 2487 294 2526 injuriae
313 2488 461 2527 obnoxii,
477 2495 510 2519 et
527 2489 656 2520 facilius
675 2491 862 2529 ignoscunt.
918 2490 1110 2522 transferat.

210 2538 251 2566 30
277 2538 352 2566 Cum
373 2539 483 2577 poenoe]
519 2540 657 2570 Scilicet
681 2540 861 2570 mendosus
960 2545 1000 2572 38
1021 2541 1115 2579 Hoec]
1134 2541 1180 2571 Ut
1196 2539 1239 2570 ob
1256 2538 1384 2579 flagitia
1396 2539 1499 2570 exilio
1514 2541 1617 2571 mulc-

166 2590 221 2617 est
233 2585 285 2614 hic
296 2595 422 2624 versus,
435 2589 495 2618 nisi
508 2589 633 2629 aliquid
646 2589 755 2620 deest.
775 2589 863 2620 Ade-
920 2595 1012 2623 tetur
1027 2590 1084 2620 ille
1101 2589 1297 2619 malevolus.

168 2644 253 2677 oque
268 2644 329 2675 pro
341 2638 444 2674 petam
459 2637 534 2676 lege
548 2639 633 2670 dabit
651 2641 739 2681 quod
758 2641 863 2671 voluit
960 2638 1093 2678 Primis]
1136 2637 1266 2669 Quibus
1291 2637 1437 2670 reditum
1464 2648 1558 2670 suuni
1582 2639 1616 2670 in

168 2685 296 2718 clariss.
313 2684 370 2715 ille
385 2684 470 2717 Tan.
493 2686 624 2728 Fabcr5
647 2693 704 2720 aut
727 2700 863 2732 quoquo
916 2689 1046 2721 Urbem
1061 2686 1288 2720 accelerabat.
