1877 3193
218 161 331 203 2398
704 174 744 202 P.
777 173 935 203 ovio11
970 172 1186 203 NAsouis

216 267 314 309 Nec
336 271 477 309 tamen
495 267 684 308 officium
706 271 854 309 nostro
876 267 956 308 tibi
978 268 1165 308 carmine
1184 267 1366 316 factum,

272 335 478 388 Principe
498 339 588 375 tam
603 335 744 388 justo,
766 348 899 388 posse
920 347 1082 376 nocere
1107 339 1230 388 puta.

214 403 318 457 Ipse
341 404 472 444 Pater
490 403 669 452 Patriae,
691 402 819 457 (quid
840 403 955 443 enim
977 404 1152 445 civilius
1173 403 1249 444 illo
1263 401 1307 456 Τ)

273 471 465 511 Sustinet
484 471 530 509 in
550 474 697 510 nostro
720 471 907 511 carmine
930 484 1050 525 saepe
1070 472 1171 523 legi.

216 537 313 578 Nec
335 537 562 590 prohibere
583 540 742 590 potest,
765 538 869 590 quia
889 551 958 579 res
978 542 1044 579 est
1062 539 1241 592 publica
1263 536 1438 588 Caesar3
1612 537 1668 578 15

273 604 330 645 Et
351 604 403 645 de
423 604 642 645 communi
662 617 765 657 pars
786 619 960 659 quoque
980 610 1128 646 nostra
1147 607 1263 646 bono
1284 608 1362 645 est.

215 670 389 726 Jupiter
409 671 588 724 ingeniis
608 672 776 723 praebet
791 685 871 712 sua
889 674 1066 713 numina
1080 676 1226 714 vatum
1241 686 1252 725 ;

172 792 175 794 .
272 739 417 793 Seque
437 738 640 779 celebrari
662 738 858 790 quolibet
880 753 954 780 ore
978 741 1098 781 sinit.

215 804 362 847 Causa
381 809 456 846 tua
476 805 679 859 exemplo
701 805 964 859 Superorum
985 810 1080 847 tuta
1097 805 1283 847 duorum
1302 810 1367 849 est
1384 820 1396 848 t

274 872 473 922 Quorum
492 872 563 913 hic
585 873 870 925 conspicitur,
892 873 1079 914 creditur
1099 873 1171 913 ille
1194 874 1331 914 Deus.
1614 874 1672 914 ‘20

218 938 279 979 Ut
299 952 383 979 non
404 939 641 988 debuerim,
663 943 805 980 tamen
824 940 909 980 hoc
931 952 1014 992 ego
1036 939 1197 980 crimen
1217 940 1374 980 amabo
1393 951 1402 980 :

274 1004 381 1046 Non
398 1004 481 1046 fuit
501 1005 668 1046 arbitrii
687 1006 815 1047 litera
834 1010 985 1055 nostra
1007 1007 1084 1048 tui.

217 1070 315 1113 Nec
334 1084 464 1122 nova,
487 1072 608 1125 quod
627 1076 771 1114 tecum
791 1074 966 1128 loquor,
989 1078 1057 1116 est
1076 1073 1259 1129 injuria3
1294 1077 1444 1116 nostro

274 1140 514 1180 Incolumis
536 1151 636 1179 cum
658 1153 745 1193 quo
767 1153 887 1195 saepe
908 1142 1082 1183 locutus
1104 1155 1237 1183 eram.

216 1270 254 1302 Si
269 1271 382 1302 videris
404 1272 481 1310 qnod
505 1280 536 1300 es
548 1282 558 1306 ;
584 1280 645 1307 ego?
665 1280 736 1301 vaco
761 1271 860 1310 culpa.
906 1272 1015 1311 Neque
1037 1275 1139 1303 tamen.
1162 1273 1250 1302 crede
1271 1271 1400 1312 officium
1417 1272 1476 1302 tibi
1498 1270 1672 1303 exhibitura

216 1317 317 1344 nostro
332 1314 465 1344 carmine
474 1323 559 1352 posse
570 1313 629 1343 tibi
643 1313 742 1344 obesse
754 1313 904 1353 Principe
919 1316 982 1344 tam
985 1313 1082 1351 justo.
1128 1314 1198 1352 Ipse
1215 1314 1313 1344 Pater
1333 1314 1465 1352 Patrioe,
1479 1314 1576 1353 (quid
1589 1314 1671 1344 enim

216 1356 337 1387 civilius
352 1356 403 1386 illo
415 1354 454 1394 2²)
475 1355 598 1395 patitur
613 1365 693 1396 soepe
708 1356 770 1395 legi
784 1356 816 1387 in
830 1359 934 1386 nostro
950 1356 1094 1387 carmine.
1139 1357 1247 1395 Neque
1265 1356 1370 1386 Coesar
1384 1358 1483 1395 potest
1511 1355 1672 1395 impedire,

215 1399 288 1438 quia
302 1402 347 1429 est
373 1408 422 1428 res
443 1397 586 1438 publica:
609 1401 639 1428 et
664 1401 710 1428 est
733 1399 828 1429 etiam
845 1409 919 1438 pars
934 1402 1039 1430 nostra
1053 1400 1090 1429 de
1105 1398 1179 1428 bono
1194 1398 1355 1428 communi.
1400 1398 1528 1437 Jupiter
1555 1398 1671 1437 praebet

215 1450 270 1471 sua
285 1441 409 1471 numina
426 1440 563 1478 ingeniis
579 1440 749 1470 Poetarum
762 1451 773 1477 ;
795 1445 824 1471 et
849 1441 973 1481 patitur
995 1451 1029 1471 se
1043 1441 1166 1471 laudari
1181 1440 1313 1480 quolibet
1329 1449 1390 1470 ore.
1439 1441 1541 1471 Causa
1557 1443 1610 1470 tua
1625 1442 1672 1470 est

215 1492 322 1513 secura
336 1483 472 1522 exemplo
487 1484 615 1512 duorum
633 1483 771 1512 Deorum
783 1493 795 1519 ,·
818 1493 857 1513 ex
873 1483 983 1522 quibus
997 1483 1046 1513 hic
1062 1484 1148 1514 Deus
1162 1484 1296 1519 videtur,
1315 1483 1367 1513 ille
1383 1483 1529 1513 creditur.
1555 1482 1672 1518 Quam·

216 1525 262 1555 vis
276 1535 335 1555 non
349 1525 517 1563 debuerim,
532 1524 732 1554 nihilominus
747 1534 802 1563 ego
822 1525 954 1563 diligam
969 1525 1024 1556 hoc
1043 1528 1200 1564 peccalum
1212 1536 1222 1555 .·
1246 1527 1350 1555 nostra
1374 1525 1503 1564 epistola
1525 1534 1585 1555 non
1603 1524 1673 1562 suit

215 1567 249 1596 in
276 1571 330 1597 tua
356 1569 518 1607 potestate.
567 1567 671 1606 Neque
701 1566 817 1605 injuria
845 1571 951 1598 nostra
979 1569 1058 1607 quod
1085 1570 1114 1598 te
1136 1567 1281 1607 alloquor,
1303 1570 1347 1597 est
1370 1576 1467 1603 nova‚·
1490 1577 1578 1608 quem
1592 1576 1672 1607 saepe

830 1649 1063 1662 oeaeowm

217 1704 301 1734 Mox
317 1704 378 1734 ista
403 1708 454 1734 est
476 1713 518 1734 ex
549 1704 655 1734 altero
681 1704 756 1734 Pol.
780 1704 871 1744 vulg.
895 1704 1058 1744 ipsa—12
1083 1706 1167 1735 Puta
1183 1704 1314 1745 recepit
1332 1704 1451 1735 Heius.
1467 1707 1672 1745 exquatuor

218 1750 299 1776 vett.
318 1755 378 1785 pro
396 1745 485 1785 v'ulg.
501 1748 674 1785 puto.-13
697 1746 873 1784 Melior-es,
886 1750 975 1777 teste
992 1747 1111 1777 Heius.
1127 1747 1271 1782 civi!ius;
1296 1752 1365 1778 tres
1382 1751 1494 1777 tamen
1511 1747 1674 1777 communi-

217 1791 346 1819 us.-15
364 1788 458 1828 Lege
476 1797 551 1818 cum
568 1788 703 1828 optimis
721 1788 937 1829 editionibus,
949 1789 1082 1820 sublata
1098 1789 1331 1827 distinctione,
1344 1789 1416 1829 quia
1431 1799 1478 1820 res
1493 1793 1537 1820 est
1552 1788 1674 1829 publica

221 1831 327 1861 Coesm·
337 1841 348 1862 .-
362 1839 425 1861 nec
439 1830 675 1870 conjungenda
690 1831 748 1861 illa
761 1835 854 1869 sunt,
864 1832 970 1862 Coesar
983 1835 1083 1871 potest
1097 1832 1274 1872 prohibere:
1292 1836 1344 1862 est
1358 1832 1446 1862 enim
1461 1842 1513 1862 res
1525 1840 1672 1862 commu·

217 1873 268 1903 nis
282 1872 408 1911 Caesar,
420 1877 454 1904 et
471 1872 504 1902 in
521 1873 578 1903 illo
593 1873 680 1903 bono
697 1874 865 1904 communi
881 1874 961 1904 mihi
976 1883 1109 1914 quoque
1125 1884 1201 1914 pars
1218 1879 1280 1905 cst.
1304 1874 1503 1906 Bam—17
1527 1872 1595 1904 Alii
1616 1882 1672 1903 suu

217 1915 340 1945 nomina
352 1918 501 1946 vat.-—20
518 1916 683 1956 Excerpt.
694 1917 790 1947 Voss.
808 1917 1014 1956 conspicitm·,·
1033 1917 1089 1947 alii
1101 1926 1176 1947 cum
1191 1917 1280 1957 vulg.
1295 1917 1537 1957 usmaitau—21
1553 1914 1672 1946 Amabo

219 1957 338 1988 Heius.
350 1956 447 1988 dedit
458 1967 499 1988 ex
512 1967 561 1997 pr.
576 1958 618 1988 V.
633 1963 665 1988 et
678 1959 771 1989 Leid.
785 1968 847 1998 pro
860 1959 950 1999 vulg.
962 1958 1172 1991 habebo.--22
1187 1960 1345 1990 Francius
1357 1958 1491 1998 legebat
1503 1960 1597 1988 nostr.
1608 1958 1671 1987 sui.

217 2002 299 2030 —23
323 1999 379 2030 Sic
394 2000 512 2031 Burni.
535 1999 757 2032 distinctione
774 2011 834 2032 sua
856 2002 967 2033 locum
993 2003 1104 2032 levat:
1130 2002 1208 2033 olim
1231 2005 1277 2032 est
1302 2001 1420 2040 injuria
1447 2003 1560 2031 nostra.
1589 2000 1670 2030 Nos-

875 2103 1014 2135 NOTAE

218 2184 316 2215 quem
355 2175 498 2204 maxime
536 2176 757 2214 compellaret
796 2176 917 2215 Poeta,
973 2188 1071 2218 qnam
1089 2188 1140 2208 mo
1158 2179 1253 2217 piget
1266 2178 1362 2217 hujus
1378 2176 1572 2215 impietatis.

218 2234 283 2253 nou
312 2223 360 2254 ita
383 2222 482 2253 facile
511 2228 598 2254 esset
622 2224 828 2263 intelllggcre,
856 2226 918 2256 nisi
1015 2229 1056 2255 20
1075 2226 1237 2264 Creditur]
1259 2226 1366 2255 Immo
1383 2235 1448 2255 non
1463 2226 1586 2265 ubique
1603 2233 1669 2255 mo-

217 2272 350 2304 aliunde
386 2272 541 2312 cognitus
579 2272 677 2305 foret.
736 2274 917 2305 Messalam
973 2274 1016 2304 do
1030 2274 1499 2314 videturJupiter-‚siquidem
1517 2283 1577 2313 per
1593 2283 1669 2304 eum

219 2327 329 2353 tamen
361 2328 531 2353 oratorem
560 2322 731 2363 designari
762 2324 917 2364 conjece·
974 2324 1118 2355 Ethnico
1145 2333 1236 2354 more
1269 2324 1381 2354 Deum
1408 2333 1523 2354 verum
1548 2324 1670 2355 intelli-

219 2376 307 2402 runt.
973 2385 1044 2413 gas,
1069 2375 1127 2404 scd
1155 2374 1313 2412 sentitur,
1340 2373 1553 2414 cognoscitur
1578 2383 1669 2405 max-

263 2424 299 2452 ll
321 2421 479 2462 Officium]
495 2422 570 2453 Quo
586 2427 619 2452 te
636 2421 746 2462 dignis
762 2422 916 2454 laudibus
971 2425 1048 2463 ime,
1065 2429 1163 2464 atque
1182 2434 1241 2464 per
1259 2434 1332 2454 cum
1351 2425 1472 2455 onmia.

218 2470 401 2507 celebravi.
1013 2478 1050 2504 21
1078 2474 1163 2513 Hoc]
1185 2474 1231 2504 Te
1249 2474 1424 2505 celebrare
1443 2475 1524 2506 meis
1549 2475 1669 2506 carmi-

266 2523 301 2550 13
342 2522 472 2552 ewinus
497 2520 564 2559 illo]
602 2522 668 2554 Qui
696 2531 761 2553 uon
793 2522 914 2553 civium
970 2523 1076 2554 nibus.

218 2569 319 2600 modo
344 2571 610 2602 necessitudines
626 2572 705 2613 quid
736 2572 849 2603 ferant
864 2584 917 2605 ca·
1013 2576 1053 2604 22
1077 2573 1229 2612 „lv-hierii]
1266 2575 1310 2604 Ut
1336 2575 1408 2614 ipse
1435 2574 1498 2605 sibi
1527 2573 1669 2614 injurius

220 2620 291 2660 pit;
314 2620 374 2651 sed
389 2626 424 2652 et
441 2631 555 2652 earum
579 2622 671 2662 leges
689 2622 845 2662 religiose
861 2623 918 2654 ob·
974 2623 1144 2664 Augustus
1162 2623 1329 2661 videatur,
1354 2624 1520 2665 siquidem
1536 2625 1579 2656 ob
1595 2624 1668 2655 lite-

221 2673 346 2699 bervat.
972 2683 1022 2704 ras
1039 2678 1170 2705 nostras
1188 2673 1248 2705 tibi
1265 2673 1442 2706 irascatur.

265 2721 304 2750 10
317 2719 471 2760 Duorum]
485 2722 578 2753 Jovis
591 2726 625 2753 ct
638 2722 792 2763 Augusti.
809 2724 919 2755 Quan-
