<?xml version="1.0" encoding="UTF-8"?>
<!DOCTYPE html PUBLIC "-//W3C//DTD XHTML 1.0 Transitional//EN"
    "http://www.w3.org/TR/xhtml1/DTD/xhtml1-transitional.dtd">
<html xmlns="http://www.w3.org/1999/xhtml" xml:lang="en" lang="en">
 <head>
  <title>
</title>
<meta http-equiv="Content-Type" content="text/html;charset=utf-8" />
  <meta name='ocr-system' content='tesseract 3.04.00' />
  <meta name='ocr-capabilities' content='ocr_page ocr_carea ocr_par ocr_line ocrx_word'/>
</head>
<body>
  <div class='ocr_page' id='page_1' title='image "./operaomniaexedit05oviduoft/operaomniaexedit05oviduoft_0272.png"; bbox 0 0 1877 3193; ppageno 0'>
   <div class='ocr_carea' id='block_1_1' title="bbox 236 151 1204 197">
    <p class='ocr_par' dir='ltr' id='par_1_1' title="bbox 236 151 1204 197">
     <span class='ocr_line' id='line_1_1' title="bbox 236 151 1204 197; baseline 0.003 -3"><span class='ocrx_word' id='word_1_1' title='bbox 236 151 350 195; x_wconf 77' lang='grc'>2476</span> <span class='ocrx_word' id='word_1_2' title='bbox 723 165 762 196; x_wconf 86' lang='lat' dir='ltr'>P.</span> <span class='ocrx_word' id='word_1_3' title='bbox 795 166 953 197; x_wconf 81' lang='lat' dir='ltr'>ovmu</span> <span class='ocrx_word' id='word_1_4' title='bbox 987 165 1204 197; x_wconf 76' lang='lat' dir='ltr'>NAsoms</span> 
     </span>
    </p>
   </div>
   <div class='ocr_carea' id='block_1_2' title="bbox 235 257 1690 916">
    <p class='ocr_par' dir='ltr' id='par_1_2' title="bbox 235 257 1690 916">
     <span class='ocr_line' id='line_1_2' title="bbox 238 257 1405 316; baseline 0.006 -18"><span class='ocrx_word' id='word_1_5' title='bbox 238 257 402 311; x_wconf 85' lang='lat' dir='ltr'><strong>Meque</strong></span> <span class='ocrx_word' id='word_1_6' title='bbox 421 259 571 312; x_wconf 80' lang='lat' dir='ltr'>palam</span> <span class='ocrx_word' id='word_1_7' title='bbox 593 259 647 301; x_wconf 92' lang='lat' dir='ltr'>de</span> <span class='ocrx_word' id='word_1_8' title='bbox 664 272 734 300; x_wconf 88' lang='lat' dir='ltr'>me</span> <span class='ocrx_word' id='word_1_9' title='bbox 755 262 850 301; x_wconf 88' lang='lat' dir='ltr'>tuto</span> <span class='ocrx_word' id='word_1_10' title='bbox 870 261 986 301; x_wconf 80' lang='lat' dir='ltr'>mala</span> <span class='ocrx_word' id='word_1_11' title='bbox 1005 273 1126 315; x_wconf 86' lang='lat' dir='ltr'>saepe</span> <span class='ocrx_word' id='word_1_12' title='bbox 1145 262 1405 316; x_wconf 87' lang='lat' dir='ltr'>loquuntur:</span> 
     </span>
     <span class='ocr_line' id='line_1_3' title="bbox 294 324 1686 381; baseline 0.004 -15"><span class='ocrx_word' id='word_1_13' title='bbox 294 324 493 367; x_wconf 83' lang='lat' dir='ltr'><strong>Forsitan</strong></span> <span class='ocrx_word' id='word_1_14' title='bbox 515 327 728 380; x_wconf 86' lang='lat' dir='ltr'>objiciunt</span> <span class='ocrx_word' id='word_1_15' title='bbox 750 327 1025 381; x_wconf 86' lang='lat' dir='ltr'>exiliumque</span> <span class='ocrx_word' id='word_1_16' title='bbox 1045 328 1167 370; x_wconf 87' lang='lat' dir='ltr'>mihi.</span> <span class='ocrx_word' id='word_1_17' title='bbox 1631 332 1686 371; x_wconf 84' lang='lat'>40</span> 
     </span>
     <span class='ocr_line' id='line_1_4' title="bbox 237 391 1394 448; baseline 0.004 -15"><span class='ocrx_word' id='word_1_18' title='bbox 237 391 385 447; x_wconf 91' lang='lat' dir='ltr'>thue</span> <span class='ocrx_word' id='word_1_19' title='bbox 408 394 470 443; x_wconf 87' lang='lat' dir='ltr'>fit,</span> <span class='ocrx_word' id='word_1_20' title='bbox 492 395 534 434; x_wconf 90' lang='lat' dir='ltr'>in</span> <span class='ocrx_word' id='word_1_21' title='bbox 556 407 624 435; x_wconf 90' lang='lat' dir='ltr'>me</span> <span class='ocrx_word' id='word_1_22' title='bbox 647 394 829 448; x_wconf 85' lang='lat' dir='ltr'>aliquid,</span> <span class='ocrx_word' id='word_1_23' title='bbox 853 395 892 435; x_wconf 91' lang='lat' dir='ltr'>si</span> <span class='ocrx_word' id='word_1_24' title='bbox 913 395 1018 448; x_wconf 89' lang='lat' dir='ltr'>quid</span> <span class='ocrx_word' id='word_1_25' title='bbox 1040 395 1288 437; x_wconf 82' lang='lat' dir='ltr'>dicentibus</span> <span class='ocrx_word' id='word_1_26' title='bbox 1306 397 1394 438; x_wconf 89' lang='lat' dir='ltr'>illis</span> 
     </span>
     <span class='ocr_line' id='line_1_5' title="bbox 291 457 1263 516; baseline 0.006 -18"><span class='ocrx_word' id='word_1_27' title='bbox 291 457 532 500; x_wconf 85' lang='lat' dir='ltr'>Abnuerim</span> <span class='ocrx_word' id='word_1_28' title='bbox 553 462 724 513; x_wconf 90' lang='lat' dir='ltr'>quoties</span> <span class='ocrx_word' id='word_1_29' title='bbox 745 463 1069 515; x_wconf 84' lang='lat' dir='ltr'>annuerimque,</span> <span class='ocrx_word' id='word_1_30' title='bbox 1092 467 1263 516; x_wconf 84' lang='lat' dir='ltr'>putant.</span> 
     </span>
     <span class='ocr_line' id='line_1_6' title="bbox 235 523 1324 581; baseline 0.005 -15"><span class='ocrx_word' id='word_1_31' title='bbox 235 523 380 576; x_wconf 87' lang='lat' dir='ltr'>Adde,</span> <span class='ocrx_word' id='word_1_32' title='bbox 403 528 519 580; x_wconf 91' lang='lat' dir='ltr'>quod</span> <span class='ocrx_word' id='word_1_33' title='bbox 539 527 747 580; x_wconf 83' lang='lat' dir='ltr'>injustum</span> <span class='ocrx_word' id='word_1_34' title='bbox 768 528 908 580; x_wconf 85' lang='lat' dir='ltr'>rigido</span> <span class='ocrx_word' id='word_1_35' title='bbox 925 528 1000 581; x_wconf 90' lang='lat' dir='ltr'>jus</span> <span class='ocrx_word' id='word_1_36' title='bbox 1020 528 1177 570; x_wconf 88' lang='lat' dir='ltr'>dicitur</span> <span class='ocrx_word' id='word_1_37' title='bbox 1197 543 1324 571; x_wconf 88' lang='lat' dir='ltr'>ense:</span> 
     </span>
     <span class='ocr_line' id='line_1_7' title="bbox 293 593 1230 648; baseline 0.003 -14"><span class='ocrx_word' id='word_1_38' title='bbox 293 593 465 634; x_wconf 85' lang='lat' dir='ltr'>Dantur</span> <span class='ocrx_word' id='word_1_39' title='bbox 485 599 529 635; x_wconf 89' lang='lat' dir='ltr'>et</span> <span class='ocrx_word' id='word_1_40' title='bbox 549 595 590 634; x_wconf 90' lang='lat' dir='ltr'>in</span> <span class='ocrx_word' id='word_1_41' title='bbox 610 594 757 634; x_wconf 91' lang='lat' dir='ltr'>medio</span> <span class='ocrx_word' id='word_1_42' title='bbox 778 594 958 635; x_wconf 81' lang='lat' dir='ltr'>vulnera</span> <span class='ocrx_word' id='word_1_43' title='bbox 976 608 1097 648; x_wconf 84' lang='lat' dir='ltr'>saepe</span> <span class='ocrx_word' id='word_1_44' title='bbox 1117 596 1230 637; x_wconf 87' lang='lat' dir='ltr'>foro.</span> 
     </span>
     <span class='ocr_line' id='line_1_8' title="bbox 237 658 1690 713; baseline 0.005 -14"><span class='ocrx_word' id='word_1_45' title='bbox 237 658 276 699; x_wconf 95' lang='grc' dir='ltr'>Ο</span> <span class='ocrx_word' id='word_1_46' title='bbox 298 659 451 701; x_wconf 85' lang='lat' dir='ltr'>duram</span> <span class='ocrx_word' id='word_1_47' title='bbox 472 660 701 708; x_wconf 84' lang='lat' dir='ltr'><strong>Lachesin,</strong></span> <span class='ocrx_word' id='word_1_48' title='bbox 724 674 822 712; x_wconf 83' lang='lat' dir='ltr'>quae</span> <span class='ocrx_word' id='word_1_49' title='bbox 843 664 932 701; x_wconf 81' lang='lat' dir='ltr'>tam</span> <span class='ocrx_word' id='word_1_50' title='bbox 952 675 1081 713; x_wconf 82' lang='lat' dir='ltr'>grave</span> <span class='ocrx_word' id='word_1_51' title='bbox 1102 663 1226 704; x_wconf 90' lang='lat' dir='ltr'>sidus</span> <span class='ocrx_word' id='word_1_52' title='bbox 1247 663 1423 705; x_wconf 82' lang='lat' dir='ltr'>habenti</span> <span class='ocrx_word' id='word_1_53' title='bbox 1633 663 1690 704; x_wconf 86' lang='grc'>45</span> 
     </span>
     <span class='ocr_line' id='line_1_9' title="bbox 294 727 1129 769; baseline 0.002 -2"><span class='ocrx_word' id='word_1_54' title='bbox 294 727 395 768; x_wconf 86' lang='lat' dir='ltr'>Fila</span> <span class='ocrx_word' id='word_1_55' title='bbox 415 727 534 768; x_wconf 89' lang='lat' dir='ltr'>dedit</span> <span class='ocrx_word' id='word_1_56' title='bbox 553 727 657 767; x_wconf 87' lang='lat' dir='ltr'>vitae</span> <span class='ocrx_word' id='word_1_57' title='bbox 676 739 758 766; x_wconf 89' lang='lat' dir='ltr'>non</span> <span class='ocrx_word' id='word_1_58' title='bbox 778 727 978 768; x_wconf 81' lang='lat' dir='ltr'>breviora</span> <span class='ocrx_word' id='word_1_59' title='bbox 994 731 1129 769; x_wconf 84' lang='lat' dir='ltr'>meae!</span> 
     </span>
     <span class='ocr_line' id='line_1_10' title="bbox 237 791 1363 847; baseline 0.003 -13"><span class='ocrx_word' id='word_1_60' title='bbox 237 791 369 843; x_wconf 82' lang='lat' dir='ltr'>Quod</span> <span class='ocrx_word' id='word_1_61' title='bbox 389 795 543 847; x_wconf 83' lang='lat' dir='ltr'>patriae</span> <span class='ocrx_word' id='word_1_62' title='bbox 564 794 700 842; x_wconf 89' lang='lat' dir='ltr'>vultu,</span> <span class='ocrx_word' id='word_1_63' title='bbox 722 797 950 846; x_wconf 85' lang='lat' dir='ltr'>vestroque</span> <span class='ocrx_word' id='word_1_64' title='bbox 971 807 1185 844; x_wconf 84' lang='lat' dir='ltr'>caremus,</span> <span class='ocrx_word' id='word_1_65' title='bbox 1207 797 1363 847; x_wconf 83' lang='lat' dir='ltr'>amici3</span> 
     </span>
     <span class='ocr_line' id='line_1_11' title="bbox 294 859 1404 916; baseline 0.003 -15"><span class='ocrx_word' id='word_1_66' title='bbox 294 859 512 913; x_wconf 82' lang='lat' dir='ltr'>Quodque</span> <span class='ocrx_word' id='word_1_67' title='bbox 532 861 603 901; x_wconf 93' lang='lat' dir='ltr'>hic</span> <span class='ocrx_word' id='word_1_68' title='bbox 625 861 669 901; x_wconf 89' lang='lat' dir='ltr'>in</span> <span class='ocrx_word' id='word_1_69' title='bbox 691 861 909 915; x_wconf 84' lang='lat' dir='ltr'>Scythicis</span> <span class='ocrx_word' id='word_1_70' title='bbox 930 861 1091 902; x_wconf 89' lang='lat' dir='ltr'>finibus</span> <span class='ocrx_word' id='word_1_71' title='bbox 1113 875 1210 903; x_wconf 91' lang='lat' dir='ltr'>esse</span> <span class='ocrx_word' id='word_1_72' title='bbox 1228 877 1404 916; x_wconf 71' lang='lat' dir='ltr'>queml-3</span> 
     </span>
    </p>
   </div>
   <div class='ocr_carea' id='block_1_3' title="bbox 234 983 1692 1243">
    <p class='ocr_par' dir='ltr' id='par_1_3' title="bbox 234 983 1692 1243">
     <span class='ocr_line' id='line_1_12' title="bbox 234 983 1690 1028; baseline 0.004 -14"><span class='ocrx_word' id='word_1_73' title='bbox 234 983 342 1015; x_wconf 77' lang='lat' dir='ltr'>insulsi</span> <span class='ocrx_word' id='word_1_74' title='bbox 359 984 450 1015; x_wconf 83' lang='lat' dir='ltr'>Getoe</span> <span class='ocrx_word' id='word_1_75' title='bbox 465 984 599 1015; x_wconf 77' lang='lat' dir='ltr'>irrident</span> <span class='ocrx_word' id='word_1_76' title='bbox 615 994 699 1015; x_wconf 82' lang='lat' dir='ltr'>voces</span> <span class='ocrx_word' id='word_1_77' title='bbox 714 985 855 1017; x_wconf 54' lang='lat' dir='ltr'>Latina&amp;</span> <span class='ocrx_word' id='word_1_78' title='bbox 901 987 1091 1026; x_wconf 78' lang='lat' dir='ltr'>Frequenter</span> <span class='ocrx_word' id='word_1_79' title='bbox 1102 988 1195 1018; x_wconf 83' lang='lat' dir='ltr'>etiam</span> <span class='ocrx_word' id='word_1_80' title='bbox 1207 989 1284 1019; x_wconf 79' lang='lat' dir='ltr'>male</span> <span class='ocrx_word' id='word_1_81' title='bbox 1294 988 1466 1028; x_wconf 63' lang='lat' dir='ltr'>praedicant</span> <span class='ocrx_word' id='word_1_82' title='bbox 1481 989 1518 1020; x_wconf 83' lang='lat' dir='ltr'>de</span> <span class='ocrx_word' id='word_1_83' title='bbox 1532 998 1579 1020; x_wconf 87' lang='lat' dir='ltr'>me</span> <span class='ocrx_word' id='word_1_84' title='bbox 1588 998 1690 1020; x_wconf 79' lang='lat' dir='ltr'>secure</span> 
     </span>
     <span class='ocr_line' id='line_1_13' title="bbox 234 1027 1688 1072; baseline 0.003 -15"><span class='ocrx_word' id='word_1_85' title='bbox 234 1027 269 1057; x_wconf 86' lang='lat' dir='ltr'>z&#39;n</span> <span class='ocrx_word' id='word_1_86' title='bbox 283 1030 444 1066; x_wconf 82' lang='lat' dir='ltr'>conspectu</span> <span class='ocrx_word' id='word_1_87' title='bbox 459 1037 523 1057; x_wconf 86' lang='lat' dir='ltr'>meo</span> <span class='ocrx_word' id='word_1_88' title='bbox 534 1038 545 1063; x_wconf 91' lang='lat'><em>;</em></span> <span class='ocrx_word' id='word_1_89' title='bbox 569 1027 695 1065; x_wconf 78' lang='lat' dir='ltr'>etsorte</span> <span class='ocrx_word' id='word_1_90' title='bbox 710 1028 786 1058; x_wconf 78' lang='lat' dir='ltr'>mihi</span> <span class='ocrx_word' id='word_1_91' title='bbox 802 1029 1121 1069; x_wconf 61' lang='lat' dir='ltr'>exprobrantfugam.</span> <span class='ocrx_word' id='word_1_92' title='bbox 1171 1031 1225 1069; x_wconf 75' lang='lat' dir='ltr'>Et,</span> <span class='ocrx_word' id='word_1_93' title='bbox 1252 1034 1286 1061; x_wconf 84' lang='lat' dir='ltr'>nt</span> <span class='ocrx_word' id='word_1_94' title='bbox 1302 1031 1359 1072; x_wconf 84' lang='lat' dir='ltr'>fit,</span> <span class='ocrx_word' id='word_1_95' title='bbox 1381 1032 1409 1062; x_wconf 83' lang='lat' dir='ltr'>si</span> <span class='ocrx_word' id='word_1_96' title='bbox 1431 1031 1504 1072; x_wconf 81' lang='lat' dir='ltr'>quid</span> <span class='ocrx_word' id='word_1_97' title='bbox 1519 1032 1688 1070; x_wconf 80' lang='lat' dir='ltr'>abnuerim,</span> 
     </span>
     <span class='ocr_line' id='line_1_14' title="bbox 235 1070 1692 1114; baseline 0.003 -15"><span class='ocrx_word' id='word_1_98' title='bbox 235 1072 266 1099; x_wconf 79' lang='lat' dir='ltr'>et</span> <span class='ocrx_word' id='word_1_99' title='bbox 280 1070 398 1109; x_wconf 77' lang='lat' dir='ltr'>quoties</span> <span class='ocrx_word' id='word_1_100' title='bbox 411 1071 581 1109; x_wconf 74' lang='lat' dir='ltr'>annuerim,</span> <span class='ocrx_word' id='word_1_101' title='bbox 595 1072 668 1100; x_wconf 79' lang='lat' dir='ltr'>dum</span> <span class='ocrx_word' id='word_1_102' title='bbox 683 1071 858 1110; x_wconf 79' lang='lat' dir='ltr'>loquuntur,</span> <span class='ocrx_word' id='word_1_103' title='bbox 882 1074 1021 1110; x_wconf 74' lang='lat' dir='ltr'>cog-itant</span> <span class='ocrx_word' id='word_1_104' title='bbox 1037 1073 1153 1112; x_wconf 80' lang='lat' dir='ltr'>aliquid</span> <span class='ocrx_word' id='word_1_105' title='bbox 1167 1075 1328 1104; x_wconf 67' lang='lat' dir='ltr'>adversum</span> <span class='ocrx_word' id='word_1_106' title='bbox 1345 1083 1400 1105; x_wconf 86' lang='lat' dir='ltr'>me.</span> <span class='ocrx_word' id='word_1_107' title='bbox 1445 1074 1534 1104; x_wconf 85' lang='lat' dir='ltr'>Adde</span> <span class='ocrx_word' id='word_1_108' title='bbox 1549 1075 1628 1114; x_wconf 82' lang='lat' dir='ltr'>quod</span> <span class='ocrx_word' id='word_1_109' title='bbox 1635 1073 1692 1111; x_wconf 76' lang='lat' dir='ltr'>jus</span> 
     </span>
     <span class='ocr_line' id='line_1_15' title="bbox 235 1112 1691 1155; baseline 0.003 -14"><span class='ocrx_word' id='word_1_110' title='bbox 235 1112 372 1151; x_wconf 81' lang='lat' dir='ltr'>iniquum</span> <span class='ocrx_word' id='word_1_111' title='bbox 386 1115 546 1142; x_wconf 76' lang='lat' dir='ltr'>exercetur</span> <span class='ocrx_word' id='word_1_112' title='bbox 563 1112 636 1149; x_wconf 85' lang='lat' dir='ltr'>fero</span> <span class='ocrx_word' id='word_1_113' title='bbox 649 1114 765 1151; x_wconf 83' lang='lat' dir='ltr'>gladio,</span> <span class='ocrx_word' id='word_1_114' title='bbox 788 1117 817 1143; x_wconf 79' lang='lat' dir='ltr'>et</span> <span class='ocrx_word' id='word_1_115' title='bbox 831 1115 933 1153; x_wconf 80' lang='lat' dir='ltr'>plagoe</span> <span class='ocrx_word' id='word_1_116' title='bbox 958 1116 1124 1145; x_wconf 72' lang='lat' dir='ltr'>inuruntur</span> <span class='ocrx_word' id='word_1_117' title='bbox 1146 1126 1225 1155; x_wconf 78' lang='lat' dir='ltr'>soepe</span> <span class='ocrx_word' id='word_1_118' title='bbox 1248 1118 1281 1146; x_wconf 85' lang='lat' dir='ltr'>in</span> <span class='ocrx_word' id='word_1_119' title='bbox 1296 1117 1394 1147; x_wconf 83' lang='lat' dir='ltr'>medio</span> <span class='ocrx_word' id='word_1_120' title='bbox 1402 1115 1486 1154; x_wconf 83' lang='lat' dir='ltr'>foro,</span> <span class='ocrx_word' id='word_1_121' title='bbox 1535 1117 1563 1146; x_wconf 86' lang='lat'>0</span> <span class='ocrx_word' id='word_1_122' title='bbox 1578 1125 1691 1147; x_wconf 83' lang='lat' dir='ltr'>saevam</span> 
     </span>
     <span class='ocr_line' id='line_1_16' title="bbox 236 1154 1692 1193; baseline 0.003 -10"><span class='ocrx_word' id='word_1_123' title='bbox 236 1154 399 1192; x_wconf 77' lang='lat' dir='ltr'>Lachesin,</span> <span class='ocrx_word' id='word_1_124' title='bbox 426 1164 492 1193; x_wconf 77' lang='lat' dir='ltr'>qitoe</span> <span class='ocrx_word' id='word_1_125' title='bbox 506 1164 567 1184; x_wconf 83' lang='lat' dir='ltr'>non</span> <span class='ocrx_word' id='word_1_126' title='bbox 581 1155 712 1193; x_wconf 78' lang='lat' dir='ltr'>praebuz&#39;t</span> <span class='ocrx_word' id='word_1_127' title='bbox 736 1156 868 1186; x_wconf 72' lang='lat' dir='ltr'>stamina</span> <span class='ocrx_word' id='word_1_128' title='bbox 895 1157 1033 1187; x_wconf 73' lang='lat' dir='ltr'>breviora</span> <span class='ocrx_word' id='word_1_129' title='bbox 1058 1158 1131 1188; x_wconf 80' lang='lat' dir='ltr'>vitoe</span> <span class='ocrx_word' id='word_1_130' title='bbox 1157 1168 1232 1188; x_wconf 67' lang='lat' dir='ltr'>mete</span> <span class='ocrx_word' id='word_1_131' title='bbox 1259 1159 1337 1189; x_wconf 91' lang='lat' dir='ltr'>mihi</span> <span class='ocrx_word' id='word_1_132' title='bbox 1353 1159 1479 1190; x_wconf 77' lang='lat' dir='ltr'>habenti</span> <span class='ocrx_word' id='word_1_133' title='bbox 1493 1161 1614 1189; x_wconf 79' lang='lat' dir='ltr'>astrum</span> <span class='ocrx_word' id='word_1_134' title='bbox 1628 1162 1692 1189; x_wconf 85' lang='lat' dir='ltr'>tam</span> 
     </span>
     <span class='ocr_line' id='line_1_17' title="bbox 235 1196 1692 1243; baseline 0.003 -17"><span class='ocrx_word' id='word_1_135' title='bbox 235 1205 386 1237; x_wconf 81' lang='lat' dir='ltr'>asperum.</span> <span class='ocrx_word' id='word_1_136' title='bbox 434 1196 524 1230; x_wconf 80' lang='lat' dir='ltr'>Quod</span> <span class='ocrx_word' id='word_1_137' title='bbox 537 1196 603 1226; x_wconf 77' lang='lat' dir='ltr'>orbi</span> <span class='ocrx_word' id='word_1_138' title='bbox 616 1206 719 1227; x_wconf 75' lang='lat' dir='ltr'>samus</span> <span class='ocrx_word' id='word_1_139' title='bbox 725 1197 812 1235; x_wconf 83' lang='lat' dir='ltr'>facie</span> <span class='ocrx_word' id='word_1_140' title='bbox 822 1199 949 1238; x_wconf 76' lang='lat' dir='ltr'>patrioe,</span> <span class='ocrx_word' id='word_1_141' title='bbox 965 1203 1135 1243; x_wconf 74' lang='lat' dir='ltr'>vestraque,</span> <span class='ocrx_word' id='word_1_142' title='bbox 1147 1201 1240 1233; x_wconf 83' lang='lat' dir='ltr'>amici</span> <span class='ocrx_word' id='word_1_143' title='bbox 1249 1211 1261 1238; x_wconf 88' lang='grc'>,·</span> <span class='ocrx_word' id='word_1_144' title='bbox 1282 1204 1312 1231; x_wconf 79' lang='lat' dir='ltr'>et</span> <span class='ocrx_word' id='word_1_145' title='bbox 1327 1202 1404 1242; x_wconf 85' lang='lat' dir='ltr'>quod</span> <span class='ocrx_word' id='word_1_146' title='bbox 1419 1202 1503 1233; x_wconf 86' lang='lat' dir='ltr'>doleo</span> <span class='ocrx_word' id='word_1_147' title='bbox 1518 1201 1568 1233; x_wconf 72' lang='lat' dir='ltr'>hic</span> <span class='ocrx_word' id='word_1_148' title='bbox 1583 1211 1646 1233; x_wconf 80' lang='lat' dir='ltr'>esse</span> <span class='ocrx_word' id='word_1_149' title='bbox 1658 1201 1692 1232; x_wconf 84' lang='lat' dir='ltr'>in</span> 
     </span>
    </p>
   </div>
   <div class='ocr_carea' id='block_1_4' title="bbox 853 1295 1082 1306">
    <p class='ocr_par' dir='ltr' id='par_1_4' title="bbox 853 1295 1082 1306">
     <span class='ocr_line' id='line_1_18' title="bbox 853 1295 1082 1306; baseline 0.004 -1"><span class='ocrx_word' id='word_1_150' title='bbox 853 1295 1082 1306; x_wconf 54' lang='lat' dir='ltr'>&amp;emmer</span> 
     </span>
    </p>
   </div>
   <div class='ocr_carea' id='block_1_5' title="bbox 235 1354 1694 2285">
    <p class='ocr_par' dir='ltr' id='par_1_5' title="bbox 235 1354 1694 2285">
     <span class='ocr_line' id='line_1_19' title="bbox 236 1354 1691 1398; baseline 0.003 -14"><span class='ocrx_word' id='word_1_151' title='bbox 236 1354 356 1385; x_wconf 76' lang='lat' dir='ltr'>rident:</span> <span class='ocrx_word' id='word_1_152' title='bbox 379 1355 467 1394; x_wconf 85' lang='lat' dir='ltr'>vulg.</span> <span class='ocrx_word' id='word_1_153' title='bbox 484 1355 736 1388; x_wconf 78' lang='lat' dir='ltr'>Derident.—39</span> <span class='ocrx_word' id='word_1_154' title='bbox 760 1357 848 1388; x_wconf 79' lang='lat' dir='ltr'>Male</span> <span class='ocrx_word' id='word_1_155' title='bbox 865 1367 939 1387; x_wconf 86' lang='lat' dir='ltr'>cum</span> <span class='ocrx_word' id='word_1_156' title='bbox 957 1358 1073 1397; x_wconf 86' lang='lat' dir='ltr'>primis</span> <span class='ocrx_word' id='word_1_157' title='bbox 1090 1358 1308 1397; x_wconf 79' lang='lat' dir='ltr'>editionibus,</span> <span class='ocrx_word' id='word_1_158' title='bbox 1328 1359 1434 1398; x_wconf 86' lang='lat' dir='ltr'>primo</span> <span class='ocrx_word' id='word_1_159' title='bbox 1451 1359 1566 1389; x_wconf 78' lang='lat' dir='ltr'>Vatic.</span> <span class='ocrx_word' id='word_1_160' title='bbox 1583 1362 1617 1389; x_wconf 89' lang='lat' dir='ltr'>et</span> <span class='ocrx_word' id='word_1_161' title='bbox 1631 1367 1691 1388; x_wconf 76' lang='lat' dir='ltr'>sex</span> 
     </span>
     <span class='ocr_line' id='line_1_20' title="bbox 237 1396 1691 1441; baseline 0.002 -14"><span class='ocrx_word' id='word_1_162' title='bbox 237 1396 323 1427; x_wconf 86' lang='lat' dir='ltr'>aliis.</span> <span class='ocrx_word' id='word_1_163' title='bbox 349 1397 463 1427; x_wconf 78' lang='lat' dir='ltr'>Heius.</span> <span class='ocrx_word' id='word_1_164' title='bbox 508 1398 598 1428; x_wconf 76' lang='lat' dir='ltr'><em>Mala</em></span> <span class='ocrx_word' id='word_1_165' title='bbox 619 1399 775 1439; x_wconf 82' lang='lat' dir='ltr'>plerique</span> <span class='ocrx_word' id='word_1_166' title='bbox 800 1400 921 1439; x_wconf 87' lang='lat' dir='ltr'>scripti</span> <span class='ocrx_word' id='word_1_167' title='bbox 938 1406 972 1429; x_wconf 90' lang='lat' dir='ltr'>et</span> <span class='ocrx_word' id='word_1_168' title='bbox 988 1401 1065 1430; x_wconf 87' lang='lat' dir='ltr'>olim</span> <span class='ocrx_word' id='word_1_169' title='bbox 1091 1401 1187 1440; x_wconf 87' lang='lat' dir='ltr'>editi,</span> <span class='ocrx_word' id='word_1_170' title='bbox 1211 1401 1301 1441; x_wconf 90' lang='lat' dir='ltr'>quod</span> <span class='ocrx_word' id='word_1_171' title='bbox 1325 1411 1385 1432; x_wconf 86' lang='lat' dir='ltr'>cur</span> <span class='ocrx_word' id='word_1_172' title='bbox 1412 1401 1537 1432; x_wconf 86' lang='lat' dir='ltr'>mutari</span> <span class='ocrx_word' id='word_1_173' title='bbox 1563 1400 1691 1431; x_wconf 85' lang='lat' dir='ltr'>debeat</span> 
     </span>
     <span class='ocr_line' id='line_1_21' title="bbox 236 1439 1690 1483; baseline 0.003 -14"><span class='ocrx_word' id='word_1_174' title='bbox 236 1439 370 1470; x_wconf 87' lang='lat' dir='ltr'>nescio:</span> <span class='ocrx_word' id='word_1_175' title='bbox 402 1448 479 1469; x_wconf 85' lang='lat' dir='ltr'>nam</span> <span class='ocrx_word' id='word_1_176' title='bbox 507 1440 589 1470; x_wconf 85' lang='lat' dir='ltr'>mala</span> <span class='ocrx_word' id='word_1_177' title='bbox 618 1445 695 1471; x_wconf 86' lang='lat' dir='ltr'>sunt</span> <span class='ocrx_word' id='word_1_178' title='bbox 723 1442 888 1479; x_wconf 87' lang='lat' dir='ltr'>convicia,</span> <span class='ocrx_word' id='word_1_179' title='bbox 912 1442 1106 1482; x_wconf 82' lang='lat' dir='ltr'>maledicta,</span> <span class='ocrx_word' id='word_1_180' title='bbox 1139 1447 1177 1473; x_wconf 89' lang='lat' dir='ltr'>ut</span> <span class='ocrx_word' id='word_1_181' title='bbox 1204 1444 1344 1473; x_wconf 80' lang='lat' dir='ltr'>Terent.</span> <span class='ocrx_word' id='word_1_182' title='bbox 1377 1446 1386 1460; x_wconf 90' lang='lat'>‘</span> <span class='ocrx_word' id='word_1_183' title='bbox 1416 1444 1504 1473; x_wconf 87' lang='lat' dir='ltr'>mala</span> <span class='ocrx_word' id='word_1_184' title='bbox 1534 1444 1690 1483; x_wconf 84' lang='lat' dir='ltr'>ingerere</span> 
     </span>
     <span class='ocr_line' id='line_1_22' title="bbox 235 1480 1691 1524; baseline 0.004 -14"><span class='ocrx_word' id='word_1_185' title='bbox 235 1480 351 1511; x_wconf 82' lang='lat' dir='ltr'>multa’</span> <span class='ocrx_word' id='word_1_186' title='bbox 376 1480 482 1511; x_wconf 89' lang='lat' dir='ltr'>Andr.</span> <span class='ocrx_word' id='word_1_187' title='bbox 499 1490 548 1512; x_wconf 84' lang='grc' dir='ltr'>ιν.</span> <span class='ocrx_word' id='word_1_188' title='bbox 568 1485 596 1513; x_wconf 92' lang='grc'>1.</span> <span class='ocrx_word' id='word_1_189' title='bbox 614 1485 665 1513; x_wconf 87' lang='grc'>16.</span> <span class='ocrx_word' id='word_1_190' title='bbox 684 1488 719 1514; x_wconf 93' lang='lat' dir='ltr'>et</span> <span class='ocrx_word' id='word_1_191' title='bbox 739 1484 787 1514; x_wconf 85' lang='lat' dir='ltr'>ita</span> <span class='ocrx_word' id='word_1_192' title='bbox 811 1485 819 1500; x_wconf 91' lang='lat'>‘</span> <span class='ocrx_word' id='word_1_193' title='bbox 838 1484 926 1513; x_wconf 81' lang='lat' dir='ltr'>mala</span> <span class='ocrx_word' id='word_1_194' title='bbox 943 1483 1056 1513; x_wconf 82' lang='lat' dir='ltr'>verba&#39;</span> <span class='ocrx_word' id='word_1_195' title='bbox 1084 1484 1174 1524; x_wconf 84' lang='lat' dir='ltr'>apud</span> <span class='ocrx_word' id='word_1_196' title='bbox 1192 1485 1363 1514; x_wconf 85' lang='lat' dir='ltr'>Tibullum</span> <span class='ocrx_word' id='word_1_197' title='bbox 1382 1494 1419 1515; x_wconf 90' lang='lat'>11.</span> <span class='ocrx_word' id='word_1_198' title='bbox 1437 1490 1466 1515; x_wconf 90' lang='lat'>5.</span> <span class='ocrx_word' id='word_1_199' title='bbox 1484 1488 1557 1516; x_wconf 89' lang='lat'>101.</span> <span class='ocrx_word' id='word_1_200' title='bbox 1582 1485 1691 1516; x_wconf 80' lang='lat' dir='ltr'>codex</span> 
     </span>
     <span class='ocr_line' id='line_1_23' title="bbox 236 1522 1690 1567; baseline 0.003 -14"><span class='ocrx_word' id='word_1_201' title='bbox 236 1522 367 1561; x_wconf 86' lang='lat' dir='ltr'>Mattii,</span> <span class='ocrx_word' id='word_1_202' title='bbox 390 1528 427 1553; x_wconf 89' lang='lat' dir='ltr'>ut</span> <span class='ocrx_word' id='word_1_203' title='bbox 452 1524 567 1554; x_wconf 81' lang='lat' dir='ltr'>‘mala</span> <span class='ocrx_word' id='word_1_204' title='bbox 594 1524 708 1554; x_wconf 78' lang='lat' dir='ltr'>verba’</span> <span class='ocrx_word' id='word_1_205' title='bbox 731 1525 822 1556; x_wconf 89' lang='lat' dir='ltr'>idem</span> <span class='ocrx_word' id='word_1_206' title='bbox 848 1525 934 1555; x_wconf 84' lang='lat' dir='ltr'>dixit</span> <span class='ocrx_word' id='word_1_207' title='bbox 958 1534 982 1554; x_wconf 90' lang='lat'>1.</span> <span class='ocrx_word' id='word_1_208' title='bbox 1001 1528 1053 1555; x_wconf 86' lang='grc'>11.</span> <span class='ocrx_word' id='word_1_209' title='bbox 1070 1528 1121 1556; x_wconf 86' lang='grc'>57.</span> <span class='ocrx_word' id='word_1_210' title='bbox 1149 1527 1345 1556; x_wconf 63' lang='lat' dir='ltr'>Barim—41</span> <span class='ocrx_word' id='word_1_211' title='bbox 1375 1527 1477 1566; x_wconf 81' lang='lat' dir='ltr'>thue</span> <span class='ocrx_word' id='word_1_212' title='bbox 1493 1527 1538 1567; x_wconf 85' lang='lat' dir='ltr'>fit</span> <span class='ocrx_word' id='word_1_213' title='bbox 1554 1532 1690 1558; x_wconf 81' lang='lat' dir='ltr'>veteres</span> 
     </span>
     <span class='ocr_line' id='line_1_24' title="bbox 236 1564 1690 1606; baseline 0.003 -11"><span class='ocrx_word' id='word_1_214' title='bbox 236 1564 410 1606; x_wconf 88' lang='lat' dir='ltr'>plerique:</span> <span class='ocrx_word' id='word_1_215' title='bbox 435 1566 541 1606; x_wconf 87' lang='lat' dir='ltr'>[vulg.</span> <span class='ocrx_word' id='word_1_216' title='bbox 557 1566 626 1606; x_wconf 78' lang='lat' dir='ltr'>sit.]</span> <span class='ocrx_word' id='word_1_217' title='bbox 648 1567 717 1598; x_wconf 90' lang='lat' dir='ltr'>Sed</span> <span class='ocrx_word' id='word_1_218' title='bbox 733 1568 900 1599; x_wconf 81' lang='lat' dir='ltr'>distichon</span> <span class='ocrx_word' id='word_1_219' title='bbox 918 1567 1020 1597; x_wconf 86' lang='lat' dir='ltr'>etiam</span> <span class='ocrx_word' id='word_1_220' title='bbox 1043 1567 1107 1598; x_wconf 91' lang='lat' dir='ltr'>hoc</span> <span class='ocrx_word' id='word_1_221' title='bbox 1132 1569 1401 1599; x_wconf 82' lang='lat' dir='ltr'>commentitium</span> <span class='ocrx_word' id='word_1_222' title='bbox 1423 1574 1475 1599; x_wconf 81' lang='lat' dir='ltr'>est</span> <span class='ocrx_word' id='word_1_223' title='bbox 1501 1574 1536 1599; x_wconf 88' lang='lat' dir='ltr'>ct</span> <span class='ocrx_word' id='word_1_224' title='bbox 1562 1568 1690 1600; x_wconf 85' lang='lat' dir='ltr'>fictum.</span> 
     </span>
     <span class='ocr_line' id='line_1_25' title="bbox 238 1606 1692 1651; baseline 0.003 -14"><span class='ocrx_word' id='word_1_225' title='bbox 238 1606 349 1638; x_wconf 76' lang='lat' dir='ltr'>Heius.</span> <span class='ocrx_word' id='word_1_226' title='bbox 396 1608 600 1647; x_wconf 89' lang='lat' dir='ltr'>Corruptum</span> <span class='ocrx_word' id='word_1_227' title='bbox 623 1608 734 1640; x_wconf 83' lang='lat' dir='ltr'>fateor</span> <span class='ocrx_word' id='word_1_228' title='bbox 751 1610 931 1649; x_wconf 78' lang='lat' dir='ltr'>distichon,</span> <span class='ocrx_word' id='word_1_229' title='bbox 954 1610 1011 1639; x_wconf 87' lang='lat' dir='ltr'>sed</span> <span class='ocrx_word' id='word_1_230' title='bbox 1037 1610 1078 1640; x_wconf 85' lang='lat' dir='ltr'>ab</span> <span class='ocrx_word' id='word_1_231' title='bbox 1102 1609 1217 1641; x_wconf 89' lang='lat' dir='ltr'>Ovidii</span> <span class='ocrx_word' id='word_1_232' title='bbox 1243 1616 1354 1641; x_wconf 87' lang='lat' dir='ltr'>tamen</span> <span class='ocrx_word' id='word_1_233' title='bbox 1377 1621 1475 1641; x_wconf 81' lang='lat' dir='ltr'>mauu</span> <span class='ocrx_word' id='word_1_234' title='bbox 1498 1609 1692 1651; x_wconf 86' lang='lat' dir='ltr'>profectum</span> 
     </span>
     <span class='ocr_line' id='line_1_26' title="bbox 237 1649 1694 1694; baseline 0.003 -15"><span class='ocrx_word' id='word_1_235' title='bbox 237 1649 358 1680; x_wconf 88' lang='lat' dir='ltr'>credo:</span> <span class='ocrx_word' id='word_1_236' title='bbox 383 1649 474 1680; x_wconf 87' lang='lat' dir='ltr'>forte</span> <span class='ocrx_word' id='word_1_237' title='bbox 489 1651 675 1692; x_wconf 84' lang='lat' dir='ltr'>scripserit,</span> <span class='ocrx_word' id='word_1_238' title='bbox 703 1653 802 1692; x_wconf 80' lang='lat' dir='ltr'>thue</span> <span class='ocrx_word' id='word_1_239' title='bbox 818 1653 876 1694; x_wconf 81' lang='lat' dir='ltr'>fit,</span> <span class='ocrx_word' id='word_1_240' title='bbox 898 1654 929 1682; x_wconf 86' lang='lat' dir='ltr'>in</span> <span class='ocrx_word' id='word_1_241' title='bbox 947 1662 994 1682; x_wconf 89' lang='lat' dir='ltr'>me</span> <span class='ocrx_word' id='word_1_242' title='bbox 1009 1652 1128 1691; x_wconf 83' lang='lat' dir='ltr'>aliquid</span> <span class='ocrx_word' id='word_1_243' title='bbox 1150 1653 1234 1691; x_wconf 83' lang='lat' dir='ltr'>soevi,</span> <span class='ocrx_word' id='word_1_244' title='bbox 1255 1653 1427 1684; x_wconf 78' lang='lat' dir='ltr'>dicentibus</span> <span class='ocrx_word' id='word_1_245' title='bbox 1441 1653 1505 1684; x_wconf 83' lang='lat' dir='ltr'>illis</span> <span class='ocrx_word' id='word_1_246' title='bbox 1521 1653 1694 1684; x_wconf 67' lang='lat' dir='ltr'>:innuerim</span> 
     </span>
     <span class='ocr_line' id='line_1_27' title="bbox 236 1691 1693 1733; baseline 0.003 -12"><span class='ocrx_word' id='word_1_247' title='bbox 236 1702 265 1731; x_wconf 80' lang='lat' dir='ltr'>q.</span> <span class='ocrx_word' id='word_1_248' title='bbox 282 1691 508 1732; x_wconf 80' lang='lat' dir='ltr'>abnuerimque,</span> <span class='ocrx_word' id='word_1_249' title='bbox 529 1698 662 1733; x_wconf 85' lang='lat' dir='ltr'>parant:</span> <span class='ocrx_word' id='word_1_250' title='bbox 684 1695 711 1724; x_wconf 90' lang='lat' dir='ltr'>si</span> <span class='ocrx_word' id='word_1_251' title='bbox 739 1705 805 1725; x_wconf 87' lang='lat' dir='ltr'>non</span> <span class='ocrx_word' id='word_1_252' title='bbox 833 1704 874 1724; x_wconf 81' lang='lat' dir='ltr'>ex</span> <span class='ocrx_word' id='word_1_253' title='bbox 903 1704 1018 1725; x_wconf 82' lang='lat' dir='ltr'>eoruui</span> <span class='ocrx_word' id='word_1_254' title='bbox 1044 1696 1214 1725; x_wconf 80' lang='lat' dir='ltr'>sententia</span> <span class='ocrx_word' id='word_1_255' title='bbox 1240 1695 1358 1726; x_wconf 89' lang='lat' dir='ltr'>videor</span> <span class='ocrx_word' id='word_1_256' title='bbox 1383 1696 1530 1727; x_wconf 85' lang='lat' dir='ltr'>abnuere</span> <span class='ocrx_word' id='word_1_257' title='bbox 1559 1696 1613 1726; x_wconf 87' lang='lat' dir='ltr'>vel</span> <span class='ocrx_word' id='word_1_258' title='bbox 1637 1705 1693 1726; x_wconf 88' lang='lat' dir='ltr'>an-</span> 
     </span>
     <span class='ocr_line' id='line_1_28' title="bbox 236 1736 1691 1778; baseline 0.003 -15"><span class='ocrx_word' id='word_1_259' title='bbox 236 1742 354 1772; x_wconf 87' lang='lat' dir='ltr'>nuere,</span> <span class='ocrx_word' id='word_1_260' title='bbox 377 1739 410 1764; x_wconf 88' lang='lat' dir='ltr'>et</span> <span class='ocrx_word' id='word_1_261' title='bbox 428 1744 519 1765; x_wconf 88' lang='lat' dir='ltr'>meos</span> <span class='ocrx_word' id='word_1_262' title='bbox 537 1740 651 1775; x_wconf 85' lang='lat' dir='ltr'>gestus</span> <span class='ocrx_word' id='word_1_263' title='bbox 675 1741 709 1767; x_wconf 87' lang='lat' dir='ltr'>et</span> <span class='ocrx_word' id='word_1_264' title='bbox 732 1737 827 1777; x_wconf 82' lang='lat' dir='ltr'>signa</span> <span class='ocrx_word' id='word_1_265' title='bbox 845 1745 1001 1776; x_wconf 81' lang='lat' dir='ltr'>perverse</span> <span class='ocrx_word' id='word_1_266' title='bbox 1019 1736 1299 1777; x_wconf 73' lang='lat' dir='ltr'>interpretantur,</span> <span class='ocrx_word' id='word_1_267' title='bbox 1323 1743 1357 1768; x_wconf 88' lang='lat' dir='ltr'>et</span> <span class='ocrx_word' id='word_1_268' title='bbox 1377 1743 1498 1778; x_wconf 83' lang='lat' dir='ltr'>parant</span> <span class='ocrx_word' id='word_1_269' title='bbox 1513 1739 1547 1768; x_wconf 91' lang='lat' dir='ltr'>in</span> <span class='ocrx_word' id='word_1_270' title='bbox 1562 1747 1616 1768; x_wconf 89' lang='lat' dir='ltr'>me</span> <span class='ocrx_word' id='word_1_271' title='bbox 1633 1737 1691 1768; x_wconf 86' lang='lat' dir='ltr'>ali-</span> 
     </span>
     <span class='ocr_line' id='line_1_29' title="bbox 237 1775 1693 1821; baseline 0.003 -15"><span class='ocrx_word' id='word_1_272' title='bbox 237 1775 317 1816; x_wconf 89' lang='lat' dir='ltr'>quid</span> <span class='ocrx_word' id='word_1_273' title='bbox 335 1776 435 1806; x_wconf 85' lang='lat' dir='ltr'>saevi:</span> <span class='ocrx_word' id='word_1_274' title='bbox 461 1778 527 1815; x_wconf 87' lang='lat' dir='ltr'>vel,</span> <span class='ocrx_word' id='word_1_275' title='bbox 555 1778 655 1818; x_wconf 77' lang='lat' dir='ltr'>thue</span> <span class='ocrx_word' id='word_1_276' title='bbox 671 1778 726 1819; x_wconf 82' lang='lat' dir='ltr'>fit,</span> <span class='ocrx_word' id='word_1_277' title='bbox 748 1789 766 1809; x_wconf 91' lang='lat' dir='ltr'>a</span> <span class='ocrx_word' id='word_1_278' title='bbox 792 1789 838 1809; x_wconf 78' lang='lat' dir='ltr'>nze</span> <span class='ocrx_word' id='word_1_279' title='bbox 853 1779 971 1818; x_wconf 78' lang='lat' dir='ltr'>aliquid</span> <span class='ocrx_word' id='word_1_280' title='bbox 988 1779 1049 1809; x_wconf 79' lang='lat' dir='ltr'>dici</span> <span class='ocrx_word' id='word_1_281' title='bbox 1071 1782 1108 1809; x_wconf 79' lang='lat' dir='ltr'>de</span> <span class='ocrx_word' id='word_1_282' title='bbox 1127 1781 1274 1818; x_wconf 77' lang='lat' dir='ltr'>gentibus</span> <span class='ocrx_word' id='word_1_283' title='bbox 1290 1781 1366 1819; x_wconf 78' lang='lat' dir='ltr'>illis,</span> <span class='ocrx_word' id='word_1_284' title='bbox 1388 1781 1558 1811; x_wconf 82' lang='lat' dir='ltr'>Abnuerz&#39;m</span> <span class='ocrx_word' id='word_1_285' title='bbox 1573 1780 1693 1821; x_wconf 79' lang='lat' dir='ltr'>quoties</span> 
     </span>
     <span class='ocr_line' id='line_1_30' title="bbox 235 1818 1690 1861; baseline 0.005 -14"><span class='ocrx_word' id='word_1_286' title='bbox 235 1818 443 1856; x_wconf 76' lang='lat' dir='ltr'>annuerimve‚</span> <span class='ocrx_word' id='word_1_287' title='bbox 465 1822 587 1858; x_wconf 77' lang='lat' dir='ltr'>putant.</span> <span class='ocrx_word' id='word_1_288' title='bbox 635 1821 714 1851; x_wconf 84' lang='lat' dir='ltr'>Puto</span> <span class='ocrx_word' id='word_1_289' title='bbox 733 1822 861 1852; x_wconf 89' lang='lat' dir='ltr'>Bonon.</span> <span class='ocrx_word' id='word_1_290' title='bbox 886 1822 1084 1852; x_wconf 62' lang='lat' dir='ltr'>Barim—43</span> <span class='ocrx_word' id='word_1_291' title='bbox 1111 1822 1251 1853; x_wconf 82' lang='lat' dir='ltr'>Plurimi</span> <span class='ocrx_word' id='word_1_292' title='bbox 1267 1823 1324 1861; x_wconf 79' lang='lat' dir='ltr'>jus</span> <span class='ocrx_word' id='word_1_293' title='bbox 1339 1824 1463 1853; x_wconf 81' lang='lat' dir='ltr'>ducitur</span> <span class='ocrx_word' id='word_1_294' title='bbox 1479 1825 1627 1854; x_wconf 57' lang='lat' dir='ltr'>ense—44</span> <span class='ocrx_word' id='word_1_295' title='bbox 1650 1823 1690 1854; x_wconf 89' lang='lat' dir='ltr'>R.</span> 
     </span>
     <span class='ocr_line' id='line_1_31' title="bbox 236 1861 1691 1904; baseline 0.003 -14"><span class='ocrx_word' id='word_1_296' title='bbox 236 1870 309 1900; x_wconf 60' lang='grc' dir='ltr'>περ.</span> <span class='ocrx_word' id='word_1_297' title='bbox 324 1861 508 1892; x_wconf 61' lang='lat' dir='ltr'>chora—45</span> <span class='ocrx_word' id='word_1_298' title='bbox 534 1862 624 1893; x_wconf 89' lang='lat' dir='ltr'>Mor.</span> <span class='ocrx_word' id='word_1_299' title='bbox 640 1863 732 1893; x_wconf 89' lang='lat' dir='ltr'>Serv.</span> <span class='ocrx_word' id='word_1_300' title='bbox 761 1868 795 1894; x_wconf 80' lang='lat' dir='ltr'>ct</span> <span class='ocrx_word' id='word_1_301' title='bbox 823 1864 904 1894; x_wconf 86' lang='lat' dir='ltr'>alius</span> <span class='ocrx_word' id='word_1_302' title='bbox 921 1864 1002 1894; x_wconf 90' lang='lat' dir='ltr'>Cod.</span> <span class='ocrx_word' id='word_1_303' title='bbox 1038 1865 1066 1893; x_wconf 88' lang='lat' dir='ltr'><em>O</em></span> <span class='ocrx_word' id='word_1_304' title='bbox 1088 1864 1189 1895; x_wconf 85' lang='lat' dir='ltr'>diram</span> <span class='ocrx_word' id='word_1_305' title='bbox 1205 1865 1330 1897; x_wconf 74' lang='lat' dir='ltr'><strong><em>L.—-47</em></strong></span> <span class='ocrx_word' id='word_1_306' title='bbox 1353 1866 1433 1897; x_wconf 85' lang='lat' dir='ltr'>Jun.</span> <span class='ocrx_word' id='word_1_307' title='bbox 1461 1865 1524 1900; x_wconf 82' lang='lat' dir='ltr'>Qui</span> <span class='ocrx_word' id='word_1_308' title='bbox 1545 1868 1632 1904; x_wconf 84' lang='lat' dir='ltr'>patr.</span> <span class='ocrx_word' id='word_1_309' title='bbox 1655 1869 1691 1895; x_wconf 87' lang='lat' dir='ltr'>et</span> 
     </span>
     <span class='ocr_line' id='line_1_32' title="bbox 237 1903 1691 1947; baseline 0.003 -15"><span class='ocrx_word' id='word_1_310' title='bbox 237 1907 307 1933; x_wconf 82' lang='lat' dir='ltr'>tres</span> <span class='ocrx_word' id='word_1_311' title='bbox 334 1903 453 1943; x_wconf 82' lang='lat' dir='ltr'>scripti</span> <span class='ocrx_word' id='word_1_312' title='bbox 466 1904 668 1943; x_wconf 62' lang='lat' dir='ltr'>patria—48</span> <span class='ocrx_word' id='word_1_313' title='bbox 692 1906 731 1936; x_wconf 90' lang='lat' dir='ltr'>In</span> <span class='ocrx_word' id='word_1_314' title='bbox 748 1906 901 1945; x_wconf 85' lang='lat' dir='ltr'>plurimis</span> <span class='ocrx_word' id='word_1_315' title='bbox 918 1906 1018 1936; x_wconf 85' lang='lat' dir='ltr'>editis</span> <span class='ocrx_word' id='word_1_316' title='bbox 1038 1906 1126 1941; x_wconf 74' lang='lat' dir='ltr'>Quod</span> <span class='ocrx_word' id='word_1_317' title='bbox 1145 1907 1188 1937; x_wconf 87' lang='lat' dir='ltr'>sic</span> <span class='ocrx_word' id='word_1_318' title='bbox 1215 1908 1248 1937; x_wconf 85' lang='lat' dir='ltr'>in</span> <span class='ocrx_word' id='word_1_319' title='bbox 1265 1908 1301 1939; x_wconf 83' lang='lat' dir='ltr'>S.</span> <span class='ocrx_word' id='word_1_320' title='bbox 1315 1909 1459 1947; x_wconf 81' lang='lat' dir='ltr'>gentibus</span> <span class='ocrx_word' id='word_1_321' title='bbox 1474 1917 1528 1938; x_wconf 89' lang='lat' dir='ltr'>ess.</span> <span class='ocrx_word' id='word_1_322' title='bbox 1575 1908 1584 1923; x_wconf 90' lang='lat'>‘</span> <span class='ocrx_word' id='word_1_323' title='bbox 1602 1906 1691 1937; x_wconf 88' lang='lat' dir='ltr'>Rec-</span> 
     </span>
     <span class='ocr_line' id='line_1_33' title="bbox 236 1944 1690 1990; baseline 0.004 -16"><span class='ocrx_word' id='word_1_324' title='bbox 236 1944 303 1975; x_wconf 87' lang='lat' dir='ltr'>tius</span> <span class='ocrx_word' id='word_1_325' title='bbox 332 1945 477 1986; x_wconf 81' lang='lat' dir='ltr'>Quidque</span> <span class='ocrx_word' id='word_1_326' title='bbox 498 1946 548 1976; x_wconf 78' lang='lat' dir='ltr'>hic</span> <span class='ocrx_word' id='word_1_327' title='bbox 573 1956 736 1987; x_wconf 85' lang='lat' dir='ltr'>reponas:</span> <span class='ocrx_word' id='word_1_328' title='bbox 752 1948 872 1989; x_wconf 81' lang='lat' dir='ltr'>finibus</span> <span class='ocrx_word' id='word_1_329' title='bbox 897 1949 998 1979; x_wconf 82' lang='lat' dir='ltr'>enam</span> <span class='ocrx_word' id='word_1_330' title='bbox 1024 1948 1110 1979; x_wconf 86' lang='lat' dir='ltr'>bene</span> <span class='ocrx_word' id='word_1_331' title='bbox 1134 1950 1282 1980; x_wconf 88' lang='lat' dir='ltr'>nonnulli</span> <span class='ocrx_word' id='word_1_332' title='bbox 1306 1950 1435 1990; x_wconf 83' lang='lat' dir='ltr'>scripti.</span> <span class='ocrx_word' id='word_1_333' title='bbox 1480 1949 1547 1980; x_wconf 89' lang='lat' dir='ltr'>Sed</span> <span class='ocrx_word' id='word_1_334' title='bbox 1570 1953 1606 1980; x_wconf 89' lang='lat' dir='ltr'>et</span> <span class='ocrx_word' id='word_1_335' title='bbox 1627 1949 1690 1980; x_wconf 88' lang='lat' dir='ltr'>hoc</span> 
     </span>
     <span class='ocr_line' id='line_1_34' title="bbox 237 1986 1690 2033; baseline 0.004 -17"><span class='ocrx_word' id='word_1_336' title='bbox 237 1986 405 2018; x_wconf 89' lang='lat' dir='ltr'>distichon</span> <span class='ocrx_word' id='word_1_337' title='bbox 435 1990 589 2028; x_wconf 87' lang='lat' dir='ltr'>spurium</span> <span class='ocrx_word' id='word_1_338' title='bbox 617 1996 680 2021; x_wconf 75' lang='lat' dir='ltr'>est.</span> <span class='ocrx_word' id='word_1_339' title='bbox 727 1991 853 2021; x_wconf 84' lang='lat' dir='ltr'>Omnia</span> <span class='ocrx_word' id='word_1_340' title='bbox 882 1991 983 2030; x_wconf 84' lang='lat' dir='ltr'>enirn,</span> <span class='ocrx_word' id='word_1_341' title='bbox 1009 2000 1083 2031; x_wconf 84' lang='lat' dir='ltr'>quae</span> <span class='ocrx_word' id='word_1_342' title='bbox 1111 1992 1165 2022; x_wconf 91' lang='lat' dir='ltr'>hic</span> <span class='ocrx_word' id='word_1_343' title='bbox 1189 1992 1361 2030; x_wconf 87' lang='lat' dir='ltr'>dicuntur,</span> <span class='ocrx_word' id='word_1_344' title='bbox 1385 1992 1537 2033; x_wconf 86' lang='lat' dir='ltr'>proxime</span> <span class='ocrx_word' id='word_1_345' title='bbox 1563 2000 1690 2032; x_wconf 85' lang='lat' dir='ltr'>praece-</span> 
     </span>
     <span class='ocr_line' id='line_1_35' title="bbox 237 2028 1692 2075; baseline 0.004 -17"><span class='ocrx_word' id='word_1_346' title='bbox 237 2028 332 2060; x_wconf 84' lang='lat' dir='ltr'>denti</span> <span class='ocrx_word' id='word_1_347' title='bbox 349 2030 494 2061; x_wconf 86' lang='lat' dir='ltr'>disticho</span> <span class='ocrx_word' id='word_1_348' title='bbox 515 2031 588 2070; x_wconf 87' lang='lat' dir='ltr'>jam</span> <span class='ocrx_word' id='word_1_349' title='bbox 605 2038 678 2063; x_wconf 88' lang='lat' dir='ltr'>erat</span> <span class='ocrx_word' id='word_1_350' title='bbox 695 2034 905 2072; x_wconf 85' lang='lat' dir='ltr'>complexuS,</span> <span class='ocrx_word' id='word_1_351' title='bbox 931 2039 1053 2073; x_wconf 82' lang='lat' dir='ltr'>argute</span> <span class='ocrx_word' id='word_1_352' title='bbox 1080 2038 1191 2064; x_wconf 85' lang='lat' dir='ltr'>tamen</span> <span class='ocrx_word' id='word_1_353' title='bbox 1218 2039 1253 2065; x_wconf 89' lang='lat' dir='ltr'>et</span> <span class='ocrx_word' id='word_1_354' title='bbox 1275 2035 1437 2074; x_wconf 85' lang='lat' dir='ltr'>breviter,</span> <span class='ocrx_word' id='word_1_355' title='bbox 1461 2034 1549 2075; x_wconf 93' lang='lat' dir='ltr'>quod</span> <span class='ocrx_word' id='word_1_356' title='bbox 1577 2033 1692 2065; x_wconf 81' lang='lat' dir='ltr'>obtusi</span> 
     </span>
     <span class='ocr_line' id='line_1_36' title="bbox 239 2072 1690 2117; baseline 0.005 -17"><span class='ocrx_word' id='word_1_357' title='bbox 239 2076 358 2111; x_wconf 80' lang='lat' dir='ltr'>eaptus</span> <span class='ocrx_word' id='word_1_358' title='bbox 375 2072 530 2103; x_wconf 75' lang='lat' dir='ltr'>librarios</span> <span class='ocrx_word' id='word_1_359' title='bbox 546 2073 697 2106; x_wconf 85' lang='lat' dir='ltr'>offendit.</span> <span class='ocrx_word' id='word_1_360' title='bbox 723 2076 835 2106; x_wconf 85' lang='lat' dir='ltr'>Heins.</span> <span class='ocrx_word' id='word_1_361' title='bbox 880 2076 946 2106; x_wconf 86' lang='lat' dir='ltr'>Sed</span> <span class='ocrx_word' id='word_1_362' title='bbox 974 2077 999 2106; x_wconf 85' lang='lat' dir='ltr'>si</span> <span class='ocrx_word' id='word_1_363' title='bbox 1025 2076 1193 2116; x_wconf 84' lang='lat' dir='ltr'>deleatur,</span> <span class='ocrx_word' id='word_1_364' title='bbox 1216 2087 1282 2117; x_wconf 93' lang='lat' dir='ltr'>quo</span> <span class='ocrx_word' id='word_1_365' title='bbox 1309 2076 1435 2108; x_wconf 84' lang='lat' dir='ltr'>referas</span> <span class='ocrx_word' id='word_1_366' title='bbox 1456 2076 1550 2115; x_wconf 87' lang='lat' dir='ltr'>illud,</span> <span class='ocrx_word' id='word_1_367' title='bbox 1573 2078 1581 2093; x_wconf 93' lang='lat'>‘</span> <span class='ocrx_word' id='word_1_368' title='bbox 1600 2081 1690 2107; x_wconf 88' lang='lat' dir='ltr'>utra-</span> 
     </span>
     <span class='ocr_line' id='line_1_37' title="bbox 238 2115 1688 2159; baseline 0.005 -17"><span class='ocrx_word' id='word_1_369' title='bbox 238 2122 303 2153; x_wconf 90' lang='lat' dir='ltr'>que</span> <span class='ocrx_word' id='word_1_370' title='bbox 320 2123 418 2153; x_wconf 82' lang='lat' dir='ltr'>poena</span> <span class='ocrx_word' id='word_1_371' title='bbox 434 2115 456 2143; x_wconf 57' lang='grc' dir='ltr'><em>Γ</em></span> <span class='ocrx_word' id='word_1_372' title='bbox 478 2124 553 2154; x_wconf 78' lang='lat' dir='ltr'>quae</span> <span class='ocrx_word' id='word_1_373' title='bbox 573 2117 725 2155; x_wconf 86' lang='lat' dir='ltr'>respicit,</span> <span class='ocrx_word' id='word_1_374' title='bbox 751 2123 785 2148; x_wconf 92' lang='lat' dir='ltr'>et</span> <span class='ocrx_word' id='word_1_375' title='bbox 802 2118 891 2158; x_wconf 90' lang='lat' dir='ltr'>quod</span> <span class='ocrx_word' id='word_1_376' title='bbox 909 2123 1024 2149; x_wconf 75' lang='lat' dir='ltr'>eareat</span> <span class='ocrx_word' id='word_1_377' title='bbox 1040 2119 1167 2155; x_wconf 85' lang='lat' dir='ltr'>amicis,</span> <span class='ocrx_word' id='word_1_378' title='bbox 1191 2123 1226 2149; x_wconf 88' lang='lat' dir='ltr'>et</span> <span class='ocrx_word' id='word_1_379' title='bbox 1253 2120 1342 2159; x_wconf 91' lang='lat' dir='ltr'>quod</span> <span class='ocrx_word' id='word_1_380' title='bbox 1366 2129 1432 2150; x_wconf 84' lang='lat' dir='ltr'>non</span> <span class='ocrx_word' id='word_1_381' title='bbox 1459 2119 1598 2149; x_wconf 88' lang='lat' dir='ltr'>meliore</span> <span class='ocrx_word' id='word_1_382' title='bbox 1615 2119 1688 2149; x_wconf 90' lang='lat' dir='ltr'>loco</span> 
     </span>
     <span class='ocr_line' id='line_1_38' title="bbox 240 2155 1690 2200; baseline 0.004 -17"><span class='ocrx_word' id='word_1_383' title='bbox 240 2155 317 2185; x_wconf 89' lang='lat' dir='ltr'>exul</span> <span class='ocrx_word' id='word_1_384' title='bbox 349 2156 449 2186; x_wconf 88' lang='lat' dir='ltr'>vivat.</span> <span class='ocrx_word' id='word_1_385' title='bbox 506 2157 651 2187; x_wconf 83' lang='lat' dir='ltr'>Variant</span> <span class='ocrx_word' id='word_1_386' title='bbox 679 2168 756 2188; x_wconf 91' lang='lat' dir='ltr'>vero</span> <span class='ocrx_word' id='word_1_387' title='bbox 781 2160 959 2189; x_wconf 82' lang='lat' dir='ltr'>admodum</span> <span class='ocrx_word' id='word_1_388' title='bbox 990 2160 1144 2190; x_wconf 81' lang='lat' dir='ltr'>codices:</span> <span class='ocrx_word' id='word_1_389' title='bbox 1171 2161 1303 2200; x_wconf 84' lang='lat' dir='ltr'>quidam</span> <span class='ocrx_word' id='word_1_390' title='bbox 1328 2171 1430 2200; x_wconf 82' lang='lat' dir='ltr'>meque</span> <span class='ocrx_word' id='word_1_391' title='bbox 1456 2163 1535 2200; x_wconf 79' lang='lat' dir='ltr'>quod</span> <span class='ocrx_word' id='word_1_392' title='bbox 1557 2162 1610 2190; x_wconf 83' lang='lat' dir='ltr'>in.-</span> <span class='ocrx_word' id='word_1_393' title='bbox 1634 2158 1690 2190; x_wconf 82' lang='lat' dir='ltr'>alii</span> 
     </span>
     <span class='ocr_line' id='line_1_39' title="bbox 238 2198 1689 2242; baseline 0.003 -17"><span class='ocrx_word' id='word_1_394' title='bbox 238 2199 329 2235; x_wconf 76' lang='lat' dir='ltr'>atque</span> <span class='ocrx_word' id='word_1_395' title='bbox 343 2198 441 2235; x_wconf 83' lang='lat' dir='ltr'>quod:</span> <span class='ocrx_word' id='word_1_396' title='bbox 466 2203 645 2236; x_wconf 72' lang='lat' dir='ltr'>praeterea,</span> <span class='ocrx_word' id='word_1_397' title='bbox 666 2203 756 2238; x_wconf 80' lang='lat' dir='ltr'>utque</span> <span class='ocrx_word' id='word_1_398' title='bbox 772 2201 848 2237; x_wconf 79' lang='lat' dir='ltr'>hcec,</span> <span class='ocrx_word' id='word_1_399' title='bbox 864 2204 954 2239; x_wconf 79' lang='lat' dir='ltr'>atque</span> <span class='ocrx_word' id='word_1_400' title='bbox 967 2201 1042 2236; x_wconf 70' lang='lat' dir='ltr'>lucc,</span> <span class='ocrx_word' id='word_1_401' title='bbox 1067 2201 1116 2239; x_wconf 93' lang='lat' dir='ltr'>(ut</span> <span class='ocrx_word' id='word_1_402' title='bbox 1137 2203 1220 2231; x_wconf 82' lang='lat' dir='ltr'>editi</span> <span class='ocrx_word' id='word_1_403' title='bbox 1238 2203 1338 2232; x_wconf 80' lang='lat' dir='ltr'>etiam</span> <span class='ocrx_word' id='word_1_404' title='bbox 1354 2202 1505 2242; x_wconf 84' lang='lat' dir='ltr'>quidam)</span> <span class='ocrx_word' id='word_1_405' title='bbox 1522 2206 1611 2240; x_wconf 80' lang='lat' dir='ltr'>atque</span> <span class='ocrx_word' id='word_1_406' title='bbox 1625 2201 1689 2237; x_wconf 78' lang='lat' dir='ltr'>hic,</span> 
     </span>
     <span class='ocr_line' id='line_1_40' title="bbox 237 2239 1687 2285; baseline 0.004 -17"><span class='ocrx_word' id='word_1_407' title='bbox 237 2240 329 2278; x_wconf 79' lang='lat' dir='ltr'>utque</span> <span class='ocrx_word' id='word_1_408' title='bbox 343 2239 475 2269; x_wconf 80' lang='lat' dir='ltr'>habitem</span> <span class='ocrx_word' id='word_1_409' title='bbox 493 2239 535 2280; x_wconf 87' lang='lat' dir='ltr'>in,</span> <span class='ocrx_word' id='word_1_410' title='bbox 561 2242 612 2279; x_wconf 68' lang='grc' dir='ltr'>ᾅτ-</span> <span class='ocrx_word' id='word_1_411' title='bbox 637 2241 801 2272; x_wconf 83' lang='lat' dir='ltr'>Juuianus</span> <span class='ocrx_word' id='word_1_412' title='bbox 817 2242 920 2272; x_wconf 83' lang='lat' dir='ltr'>etiam</span> <span class='ocrx_word' id='word_1_413' title='bbox 946 2243 978 2271; x_wconf 87' lang='lat' dir='ltr'>in</span> <span class='ocrx_word' id='word_1_414' title='bbox 1010 2242 1131 2272; x_wconf 77' lang='lat' dir='ltr'>Geticis</span> <span class='ocrx_word' id='word_1_415' title='bbox 1151 2243 1308 2282; x_wconf 74' lang='lat' dir='ltr'>partibus:</span> <span class='ocrx_word' id='word_1_416' title='bbox 1333 2247 1365 2274; x_wconf 81' lang='lat' dir='ltr'>at</span> <span class='ocrx_word' id='word_1_417' title='bbox 1382 2253 1496 2285; x_wconf 73' lang='lat' dir='ltr'>quoque</span> <span class='ocrx_word' id='word_1_418' title='bbox 1512 2243 1543 2273; x_wconf 80' lang='lat' dir='ltr'>in</span> <span class='ocrx_word' id='word_1_419' title='bbox 1563 2242 1687 2274; x_wconf 70' lang='lat' dir='ltr'>Geticis</span> 
     </span>
    </p>
   </div>
   <div class='ocr_carea' id='block_1_6' title="bbox 892 2337 1030 2369">
    <p class='ocr_par' dir='ltr' id='par_1_6' title="bbox 892 2337 1030 2369">
     <span class='ocr_line' id='line_1_41' title="bbox 892 2337 1030 2369; baseline -0.014 0"><span class='ocrx_word' id='word_1_420' title='bbox 892 2338 923 2369; x_wconf 91' lang='lat' dir='ltr'>N</span> <span class='ocrx_word' id='word_1_421' title='bbox 930 2337 1030 2369; x_wconf 80' lang='lat' dir='ltr'>OTAE</span> 
     </span>
    </p>
   </div>
   <div class='ocr_carea' id='block_1_7' title="bbox 238 2409 1687 2754">
    <p class='ocr_par' dir='ltr' id='par_1_7' title="bbox 238 2409 1687 2754">
     <span class='ocr_line' id='line_1_42' title="bbox 242 2409 1378 2453; baseline 0.004 -14"><span class='ocrx_word' id='word_1_422' title='bbox 242 2409 377 2440; x_wconf 89' lang='lat' dir='ltr'>derunt.</span> <span class='ocrx_word' id='word_1_423' title='bbox 992 2416 1127 2453; x_wconf 84' lang='lat' dir='ltr'>tamque</span> <span class='ocrx_word' id='word_1_424' title='bbox 1146 2412 1230 2442; x_wconf 79' lang='lat' dir='ltr'>adeo</span> <span class='ocrx_word' id='word_1_425' title='bbox 1247 2413 1378 2444; x_wconf 82' lang='lat' dir='ltr'>misero.</span> 
     </span>
     <span class='ocr_line' id='line_1_43' title="bbox 281 2459 1687 2503; baseline 0.004 -13"><span class='ocrx_word' id='word_1_426' title='bbox 281 2461 320 2490; x_wconf 87' lang='grc'>41</span> <span class='ocrx_word' id='word_1_427' title='bbox 350 2459 463 2499; x_wconf 80' lang='lat' dir='ltr'>thue]</span> <span class='ocrx_word' id='word_1_428' title='bbox 488 2459 645 2499; x_wconf 85' lang='lat' dir='ltr'>Spurium</span> <span class='ocrx_word' id='word_1_429' title='bbox 659 2461 723 2492; x_wconf 91' lang='lat' dir='ltr'>hoc</span> <span class='ocrx_word' id='word_1_430' title='bbox 736 2461 914 2492; x_wconf 86' lang='lat' dir='ltr'>distichon.</span> <span class='ocrx_word' id='word_1_431' title='bbox 1031 2465 1070 2492; x_wconf 82' lang='grc'>47</span> <span class='ocrx_word' id='word_1_432' title='bbox 1098 2463 1188 2497; x_wconf 75' lang='lat' dir='ltr'>Quod</span> <span class='ocrx_word' id='word_1_433' title='bbox 1202 2463 1328 2503; x_wconf 72' lang='lat' dir='ltr'>patrioe]</span> <span class='ocrx_word' id='word_1_434' title='bbox 1352 2464 1509 2503; x_wconf 88' lang='lat' dir='ltr'>Spurium</span> <span class='ocrx_word' id='word_1_435' title='bbox 1534 2465 1596 2496; x_wconf 88' lang='lat' dir='ltr'>hoc</span> <span class='ocrx_word' id='word_1_436' title='bbox 1623 2465 1687 2498; x_wconf 90' lang='lat' dir='ltr'>dis-</span> 
     </span>
     <span class='ocr_line' id='line_1_44' title="bbox 279 2509 1687 2553; baseline 0.005 -13"><span class='ocrx_word' id='word_1_437' title='bbox 279 2511 321 2540; x_wconf 77' lang='lat'>45</span> <span class='ocrx_word' id='word_1_438' title='bbox 340 2509 506 2549; x_wconf 80' lang='lat' dir='ltr'>Lachesin]</span> <span class='ocrx_word' id='word_1_439' title='bbox 525 2510 599 2540; x_wconf 86' lang='lat' dir='ltr'>Una</span> <span class='ocrx_word' id='word_1_440' title='bbox 615 2515 668 2541; x_wconf 85' lang='lat' dir='ltr'>est</span> <span class='ocrx_word' id='word_1_441' title='bbox 683 2521 723 2541; x_wconf 84' lang='lat' dir='ltr'>ex</span> <span class='ocrx_word' id='word_1_442' title='bbox 737 2511 844 2541; x_wconf 85' lang='lat' dir='ltr'>tribus</span> <span class='ocrx_word' id='word_1_443' title='bbox 857 2512 937 2541; x_wconf 84' lang='lat' dir='ltr'>Par·</span> <span class='ocrx_word' id='word_1_444' title='bbox 990 2513 1103 2543; x_wconf 85' lang='lat' dir='ltr'>tichon</span> <span class='ocrx_word' id='word_1_445' title='bbox 1119 2514 1335 2553; x_wconf 81' lang='lat' dir='ltr'>quamobrem</span> <span class='ocrx_word' id='word_1_446' title='bbox 1363 2514 1546 2545; x_wconf 82' lang='lat' dir='ltr'>crediderit</span> <span class='ocrx_word' id='word_1_447' title='bbox 1561 2515 1687 2547; x_wconf 85' lang='lat' dir='ltr'>clariss.</span> 
     </span>
     <span class='ocr_line' id='line_1_45' title="bbox 238 2558 1686 2605; baseline 0.006 -17"><span class='ocrx_word' id='word_1_448' title='bbox 238 2559 298 2597; x_wconf 86' lang='lat' dir='ltr'>cis,</span> <span class='ocrx_word' id='word_1_449' title='bbox 315 2569 389 2599; x_wconf 74' lang='lat' dir='ltr'>quae</span> <span class='ocrx_word' id='word_1_450' title='bbox 406 2558 484 2589; x_wconf 86' lang='lat' dir='ltr'>fatis</span> <span class='ocrx_word' id='word_1_451' title='bbox 502 2569 646 2598; x_wconf 79' lang='lat' dir='ltr'>praecsse</span> <span class='ocrx_word' id='word_1_452' title='bbox 663 2561 842 2598; x_wconf 83' lang='lat' dir='ltr'>hominum,</span> <span class='ocrx_word' id='word_1_453' title='bbox 857 2561 935 2591; x_wconf 86' lang='lat' dir='ltr'>illis·</span> <span class='ocrx_word' id='word_1_454' title='bbox 993 2563 1152 2592; x_wconf 64' lang='lat' dir='ltr'>Heinsius</span> <span class='ocrx_word' id='word_1_455' title='bbox 1180 2573 1243 2593; x_wconf 87' lang='lat' dir='ltr'>non</span> <span class='ocrx_word' id='word_1_456' title='bbox 1272 2570 1443 2594; x_wconf 82' lang='lat' dir='ltr'>assecutus</span> <span class='ocrx_word' id='word_1_457' title='bbox 1460 2575 1529 2595; x_wconf 83' lang='lat' dir='ltr'>sum</span> <span class='ocrx_word' id='word_1_458' title='bbox 1559 2565 1686 2605; x_wconf 88' lang='lat' dir='ltr'>primo:</span> 
     </span>
     <span class='ocr_line' id='line_1_46' title="bbox 238 2608 1687 2654; baseline 0.006 -17"><span class='ocrx_word' id='word_1_459' title='bbox 238 2616 304 2647; x_wconf 87' lang='lat' dir='ltr'>quc</span> <span class='ocrx_word' id='word_1_460' title='bbox 331 2608 418 2638; x_wconf 87' lang='lat' dir='ltr'>bona</span> <span class='ocrx_word' id='word_1_461' title='bbox 435 2612 470 2639; x_wconf 90' lang='lat' dir='ltr'>et</span> <span class='ocrx_word' id='word_1_462' title='bbox 486 2609 574 2640; x_wconf 80' lang='lat' dir='ltr'>mala</span> <span class='ocrx_word' id='word_1_463' title='bbox 599 2610 784 2650; x_wconf 74' lang='lat' dir='ltr'>assignare,</span> <span class='ocrx_word' id='word_1_464' title='bbox 808 2609 936 2650; x_wconf 82' lang='lat' dir='ltr'>finguu-</span> <span class='ocrx_word' id='word_1_465' title='bbox 991 2618 1025 2643; x_wconf 77' lang='lat' dir='ltr'>at.</span> <span class='ocrx_word' id='word_1_466' title='bbox 1043 2613 1139 2653; x_wconf 85' lang='lat' dir='ltr'>paulo</span> <span class='ocrx_word' id='word_1_467' title='bbox 1157 2614 1322 2643; x_wconf 75' lang='lat' dir='ltr'>attentius</span> <span class='ocrx_word' id='word_1_468' title='bbox 1341 2615 1505 2654; x_wconf 75' lang='lat' dir='ltr'>cogitanti</span> <span class='ocrx_word' id='word_1_469' title='bbox 1521 2615 1623 2646; x_wconf 86' lang='lat' dir='ltr'>subiit</span> <span class='ocrx_word' id='word_1_470' title='bbox 1638 2616 1687 2646; x_wconf 89' lang='lat' dir='ltr'>ul-</span> 
     </span>
     <span class='ocr_line' id='line_1_47' title="bbox 241 2660 1685 2706; baseline 0.006 -20"><span class='ocrx_word' id='word_1_471' title='bbox 241 2660 306 2687; x_wconf 90' lang='lat' dir='ltr'>tur.</span> <span class='ocrx_word' id='word_1_472' title='bbox 992 2667 1043 2693; x_wconf 87' lang='lat' dir='ltr'>tro</span> <span class='ocrx_word' id='word_1_473' title='bbox 1071 2663 1157 2692; x_wconf 74' lang='lat' dir='ltr'>male</span> <span class='ocrx_word' id='word_1_474' title='bbox 1183 2664 1245 2694; x_wconf 87' lang='lat' dir='ltr'>hnc</span> <span class='ocrx_word' id='word_1_475' title='bbox 1270 2664 1488 2706; x_wconf 80' lang='lat' dir='ltr'>inculcatum,</span> <span class='ocrx_word' id='word_1_476' title='bbox 1510 2668 1549 2696; x_wconf 90' lang='lat' dir='ltr'>ut</span> <span class='ocrx_word' id='word_1_477' title='bbox 1568 2674 1610 2697; x_wconf 77' lang='lat' dir='ltr'>ex</span> <span class='ocrx_word' id='word_1_478' title='bbox 1635 2674 1685 2696; x_wconf 87' lang='lat' dir='ltr'>se-</span> 
     </span>
     <span class='ocr_line' id='line_1_48' title="bbox 285 2706 1361 2754; baseline 0.007 -17"><span class='ocrx_word' id='word_1_479' title='bbox 285 2706 360 2737; x_wconf 86' lang='lat' dir='ltr'>Tam</span> <span class='ocrx_word' id='word_1_480' title='bbox 367 2708 477 2749; x_wconf 79' lang='lat' dir='ltr'>grave]</span> <span class='ocrx_word' id='word_1_481' title='bbox 490 2708 574 2741; x_wconf 85' lang='lat' dir='ltr'>Tam</span> <span class='ocrx_word' id='word_1_482' title='bbox 584 2709 711 2742; x_wconf 81' lang='lat' dir='ltr'>infelici</span> <span class='ocrx_word' id='word_1_483' title='bbox 722 2710 833 2742; x_wconf 86' lang='lat' dir='ltr'>sidere</span> <span class='ocrx_word' id='word_1_484' title='bbox 846 2714 936 2742; x_wconf 80' lang='lat' dir='ltr'>nato:</span> <span class='ocrx_word' id='word_1_485' title='bbox 990 2712 1107 2754; x_wconf 84' lang='lat' dir='ltr'>quenti</span> <span class='ocrx_word' id='word_1_486' title='bbox 1122 2717 1203 2744; x_wconf 85' lang='lat' dir='ltr'>nota</span> <span class='ocrx_word' id='word_1_487' title='bbox 1218 2712 1361 2754; x_wconf 84' lang='lat' dir='ltr'>patebit.</span> 
     </span>
    </p>
   </div>
  </div>
 </body>
</html>
