1877 3193
634 211 875 244 TRlsTlUM
910 210 1005 242 mn.
1039 211 1081 242 v.
1113 200 1153 242 6.
1505 198 1619 240 2457

652 505 981 554 ELEGIA
1036 505 1128 551 Vl.

722 688 1082 720 ARGUMENTUM.

169 797 360 829 QUERITUR
377 806 412 828 se
429 796 471 828 ab
485 796 594 828 amico
607 796 747 828 destitui
762 808 769 828 :
801 798 1025 838 hortaturque
1044 796 1136 827 illum
1154 799 1191 828 ut
1204 799 1400 829 constanter
1417 797 1453 829 in
1472 797 1622 830 amicitia

209 850 367 890 persistat
382 860 481 891 qnam
499 851 608 891 primo
625 851 790 881 coluerat.

165 956 255 1014 TU
277 987 448 1028 quoque
467 978 709 1016 nostrarum
732 975 956 1028 quondam
975 975 1138 1016 fiducia
1158 989 1316 1026 rerum,

224 1039 312 1090 Qui
334 1042 441 1082 mihi
462 1043 732 1095 confugium,
756 1044 832 1097 qui
853 1044 957 1083 mihi
981 1048 1130 1096 portus
1150 1056 1273 1095 eras3

167 1107 235 1147 Tu
257 1109 386 1148 modo
411 1110 605 1163 suscepti
627 1123 805 1151 causam
828 1112 1012 1151 dimittis
1034 1112 1180 1160 amici,

225 1174 461 1229 Officiique
482 1177 602 1229 pium
623 1181 711 1218 tam
734 1179 821 1218 cito
843 1179 970 1230 ponis
993 1179 1137 1217 onus?

168 1241 350 1283 Sarcina
369 1257 479 1292 sum,
502 1244 664 1292 fate0r3
696 1257 827 1296 quam
857 1245 895 1283 si
918 1249 961 1283 tu
984 1248 1177 1295 tempore
1199 1242 1305 1282 duro
1596 1254 1624 1282 ο

224 1308 518 1361 Depositurus
540 1322 652 1358 eras,
675 1323 757 1350 non
778 1310 1005 1351 subeunda
1024 1309 1120 1349 fuit.

167 1375 395 1416 Fluctibus
416 1375 458 1414 in
480 1376 636 1436 mediis
657 1389 827 1427 navem,
850 1377 1070 1425 Palinure,
1094 1375 1335 1430 relinquis?

222 1441 294 1482 Ne
310 1442 434 1495 fuge3
466 1455 576 1484 neve
598 1447 674 1485 tua
695 1445 752 1485 sit
771 1446 912 1486 minor
931 1450 1022 1486 arte
1042 1443 1169 1484 fides.

210 1560 255 1592 Tu
279 1561 373 1592 etiam
399 1561 470 1591 olim
493 1562 672 1601 praesidium
696 1566 871 1594 nostrarum
893 1573 994 1603 opum,
1020 1563 1073 1602 qui
1093 1572 1162 1592 eras
1177 1561 1253 1591 mihi
1280 1560 1472 1600 perfugium,
1489 1560 1541 1600 qui
1555 1570 1625 1591 eras

163 1606 281 1642 portus,
297 1608 331 1634 tu
345 1604 440 1634 etiam
455 1604 565 1641 abjicis
579 1614 685 1634 curam
700 1605 813 1635 sodalis
825 1606 963 1643 admissi,
979 1608 1006 1636 et
1025 1605 1150 1644 cleponis
1166 1607 1228 1634 tam
1243 1603 1305 1633 cito
1319 1604 1404 1642 pium
1419 1612 1494 1633 onus
1509 1602 1624 1644 officii?

167 1645 291 1675 Pondus
304 1656 383 1681 sum,
400 1656 529 1684 agnosco
543 1657 553 1681 ;
576 1648 655 1686 quod
679 1647 706 1676 si
733 1651 767 1677 lu
785 1657 853 1678 eras
878 1649 1070 1688 depositurus
1093 1651 1226 1684 tempore
1240 1646 1378 1684 adverso,
1391 1655 1451 1675 mm
1463 1644 1533 1682 fuit
1549 1646 1624 1676 reci-

162 1687 317 1727 piendum.
361 1688 491 1718 Deseris
505 1698 612 1719 navem
626 1689 659 1719 in
675 1690 783 1720 mediis
798 1691 901 1730 mulis,
919 1688 1093 1721 Palinure?
1139 1690 1188 1720 Ne
1193 1688 1316 1727 fugias,
1332 1698 1406 1719 neve
1411 1688 1498 1728 fides
1513 1691 1567 1718 tua
1581 1688 1624 1718 sit

785 1775 1016 1786 ‘erm‘

209 1829 228 1857 2
253 1827 339 1858 Mor.
356 1827 515 1857 consilium
532 1837 593 1868 pro
610 1828 865 1867 confugium—3
890 1827 991 1858 Multi
1007 1826 1127 1867 scripti
1151 1835 1226 1857 cnm
1252 1825 1340 1856 Edd.
1368 1825 1413 1856 Tu
1429 1835 1544 1865 quoque
1558 1835 1624 1856 sus-

166 1873 245 1910 σερε.
291 1872 299 1886 ⁴
314 1869 402 1900 Illud
417 1879 530 1909 quoque
546 1880 587 1900 ex
604 1871 710 1910 primo
728 1880 827 1901 versu
854 1870 1037 1910 repetitum
1063 1874 1166 1909 puto:
1196 1878 1273 1899 nam
1291 1869 1439 1898 Putean.
1456 1868 1568 1898 Vossii
1587 1872 1622 1899 et

167 1917 244 1942 octo
271 1912 339 1951 alii⁷
370 1913 417 1942 Tu
447 1914 533 1942 modo
562 1915 705 1952 suscepti,
729 1913 818 1953 qnod
835 1913 990 1952 praetuli:
1030 1922 1106 1942 nam
1134 1911 1187 1941 liic
1218 1910 1344 1941 amicus
1371 1909 1505 1939 videtur
1530 1911 1622 1949 prius

167 1955 274 1985 exulis
290 1964 423 1985 cansam
440 1955 642 1994 suscepisse,
658 1955 781 1985 deinde
795 1955 917 1984 iterum
934 1954 1053 1984 leviter
1070 1953 1278 1988 desernisse;
1302 1956 1340 1982 ut
1357 1961 1399 1981 ex
1417 1955 1490 1981 tota
1506 1952 1624 1991 Elegia

168 2001 277 2037 patet,
304 2002 340 2027 et
366 2007 407 2027 ex
424 1997 579 2037 sequenti
598 2006 709 2036 versu,
732 1999 740 2013 ‘
765 2002 833 2027 tam
859 1996 928 2026 cito
952 1996 1049 2035 ponis
1079 1994 1186 2025 onus!
1230 1993 1310 2024 vid.
1329 1997 1364 2023 et
1390 2003 1436 2023 vs.
1455 1996 1505 2024 15.
1551 1994 1621 2024 Pro

166 2048 271 2069 curum
287 2050 421 2079 qnoque
437 2049 558 2069 causum
575 2040 702 2079 recepi,
728 2049 803 2070 cnm
829 2038 1011 2069 Conibiano
1027 2038 1125 2075 libro,
1150 2036 1226 2077 qnia
1242 2036 1359 2066 melius
1381 2035 1564 2075 respondet
1579 2037 1624 2075 τῷ

166 2082 307 2120 suscepti.
353 2083 403 2112 Ex
422 2082 521 2112 1¹0nt.
539 2091 576 2112 11.
604 2086 633 2112 2.
660 2084 711 2112 45.
755 2084 763 2098 ‘
791 2080 1013 2121 Mandatiqne
1042 2081 1107 2110 mei
1137 2080 1268 2117 legatus
1300 2077 1434 2117 suscipe
1463 2078 1622 2109 causam!

165 2126 174 2140 ⁴
193 2123 315 2154 Causa’
333 2133 412 2154 vero
429 2128 464 2154 et
488 2126 496 2140 ‘
516 2124 608 2154 cnra'
634 2124 753 2154 millies
769 2134 787 2153 a
805 2123 952 2153 librariis
969 2121 1109 2153 confusa
1125 2122 1214 2160 apud
1234 2122 1415 2159 Nasonem,
1440 2120 1621 2159 Virgilium

167 2171 203 2197 et
230 2166 329 2196 alios:
366 2171 401 2197 ot
431 2166 478 2196 ita
503 2167 511 2182 ‘
537 2166 710 2206 suscipere
737 2165 882 2197 causam’
910 2174 1000 2204 saepe
1028 2164 1256 2196 Quintilianus
1285 2167 1320 2193 et
1347 2162 1428 2193 aiii!
1462 2163 1622 2194 Burm—

166 2210 185 2238 4
210 2208 304 2238 Leid.
324 2208 403 2239 Lov.
420 2212 455 2238 et
472 2209 555 2238 alins
582 2209 627 2248 pii
643 2218 704 2248 pro
727 2209 825 2248 pium.
872 2208 955 2237 Mox
972 2207 1073 2237 etiam
1090 2206 1130 2236 P.
1147 2209 1181 2236 et
1199 2205 1286 2235 Mor.
1301 2215 1371 2244 pon.
1385 2209 1532 2244 opus.——5
1558 2206 1618 2236 Pr.

166 2250 243 2280 Pol.
257 2256 292 2281 et
308 2255 376 2281 tres
391 2250 486 2281 aliisi
501 2261 559 2281 nou
572 2254 705 2290 tempore
719 2254 845 2285 ποεῖν-Μ
862 2254 896 2280 et
910 2254 980 2280 tres
991 2259 1070 2279 nunc
1084 2258 1145 2288 pro
1157 2257 1235 2278 non:
1252 2247 1311 2277 sed
1325 2247 1477 2287 plerique
1487 2251 1623 2287 tempore

166 2293 254 2331 duro,
277 2292 365 2333 quod
381 2298 416 2324 et
433 2292 576 2325 Ciofano
601 2292 801 2332 probatum:
840 2301 924 2322 unns
951 2302 1004 2322 nec
1031 2295 1055 2322 t.
1079 2291 1199 2327 multo;
1224 2291 1304 2321 Lov.
1334 2299 1414 2320 nunc
1438 2293 1462 2320 t.
1491 2290 1522 2320 in
1550 2290 1631 2328 isto,

165 2334 254 2376 quod
271 2335 387 2367 Burin.
402 2340 502 2376 putat
519 2345 581 2376 pro
596 2338 618 2366 t.
635 2339 757 2366 moesto:
780 2334 916 2376 plurimi
930 2335 1031 2366 etiam
1046 2335 1132 2365 modo
1148 2335 1236 2364 t.—6
1252 2331 1622 2372 Excerpt.Voss.soret

824 2435 963 2467 NOTAE

922 2511 963 2542 de
977 2519 1042 2551 qno
1054 2508 1229 2548 Virgilius,
1241 2506 1296 2547 qui
1306 2506 1448 2536 amicum
1461 2504 1620 2536 destituis

922 2560 955 2591 in
986 2560 1088 2590 rebus
1119 2557 1281 2593 adversis,
1312 2556 1409 2585 sicuti
1440 2555 1496 2585 ille
1523 2565 1619 2586 suum

921 2611 1061 2642 AEneani
1079 2608 1111 2637 in
1128 2606 1248 2636 mediis
1263 2604 1433 2635 fluctibns.

212 2513 231 2540 4
256 2510 374 2552 Officii]
411 2512 488 2544 Quo
516 2512 606 2543 omni
636 2521 727 2552 cura,
751 2521 866 2552 opera,

172 2558 360 2599 diligentia,
383 2563 505 2602 gratia,
533 2567 694 2603 qnantum
723 2562 867 2602 denique

172 2613 207 2637 et
221 2607 341 2647 quibus
354 2609 452 2640 rebus
461 2611 576 2652 possit,
585 2612 712 2644 amicus
724 2611 866 2642 amicum

173 2657 277 2687 'nvat.

165 2668 180 2697 J
214 2713 232 2738 5
258 2707 404 2747 Sarcina]
433 2708 538 2739 Oneri
553 2713 654 2750 atque
670 2711 845 2742 molestiae.

213 2762 232 2790 7
247 2758 408 2799 Palinure]
423 2756 494 2789 Aut
507 2758 553 2790 illi
567 2759 725 2793 Palinuro
741 2762 868 2801 similis,

966 2663 985 2689 8
1011 2657 1111 2696 Neve]
1142 2656 1181 2686 Id
1214 2658 1277 2694 est,
1300 2655 1384 2685 Cum
1411 2654 1519 2694 possis
1546 2658 1619 2686 arte

924 2714 981 2739 tua
1004 2716 1055 2736 nie
1082 2705 1257 2745 adjuvare,
1283 2712 1325 2733 ne
1353 2702 1439 2733 desit
1464 2703 1620 2734 voluutas

926 2762 983 2789 aut
1000 2756 1094 2788 fides.
1140 2754 1263 2796 Neque
1280 2753 1363 2785 alius
1380 2757 1432 2786 est
1449 2763 1576 2786 seusu-5.
