<?xml version="1.0" encoding="UTF-8"?>
<!DOCTYPE html PUBLIC "-//W3C//DTD XHTML 1.0 Transitional//EN"
    "http://www.w3.org/TR/xhtml1/DTD/xhtml1-transitional.dtd">
<html xmlns="http://www.w3.org/1999/xhtml" xml:lang="en" lang="en">
 <head>
  <title>
</title>
<meta http-equiv="Content-Type" content="text/html;charset=utf-8" />
  <meta name='ocr-system' content='tesseract 3.04.00' />
  <meta name='ocr-capabilities' content='ocr_page ocr_carea ocr_par ocr_line ocrx_word'/>
</head>
<body>
  <div class='ocr_page' id='page_1' title='image "./operaomniaexedit05oviduoft/operaomniaexedit05oviduoft_0254.png"; bbox 0 0 1877 3193; ppageno 0'>
   <div class='ocr_carea' id='block_1_1' title="bbox 236 176 1198 222">
    <p class='ocr_par' dir='ltr' id='par_1_1' title="bbox 236 176 1198 222">
     <span class='ocr_line' id='line_1_1' title="bbox 236 176 1198 222; baseline 0.005 -5"><span class='ocrx_word' id='word_1_1' title='bbox 236 176 349 218; x_wconf 74' lang='lat'>2458</span> <span class='ocrx_word' id='word_1_2' title='bbox 722 191 759 221; x_wconf 83' lang='lat' dir='ltr'>P.</span> <span class='ocrx_word' id='word_1_3' title='bbox 792 191 952 221; x_wconf 82' lang='lat' dir='ltr'>ovmu</span> <span class='ocrx_word' id='word_1_4' title='bbox 987 190 1198 222; x_wconf 74' lang='lat' dir='ltr'>NASOMs</span> 
     </span>
    </p>
   </div>
   <div class='ocr_carea' id='block_1_2' title="bbox 229 281 1522 1197">
    <p class='ocr_par' dir='ltr' id='par_1_2' title="bbox 229 281 1522 1197">
     <span class='ocr_line' id='line_1_2' title="bbox 237 281 1225 340; baseline 0.006 -18"><span class='ocrx_word' id='word_1_5' title='bbox 237 281 464 336; x_wconf 87' lang='lat' dir='ltr'><strong>Numquid</strong></span> <span class='ocrx_word' id='word_1_6' title='bbox 487 282 713 325; x_wconf 82' lang='lat' dir='ltr'>Achilleos</span> <span class='ocrx_word' id='word_1_7' title='bbox 732 285 844 325; x_wconf 81' lang='lat' dir='ltr'>inter</span> <span class='ocrx_word' id='word_1_8' title='bbox 865 285 956 326; x_wconf 83' lang='lat' dir='ltr'>fera</span> <span class='ocrx_word' id='word_1_9' title='bbox 976 287 1131 340; x_wconf 63' lang='lat' dir='ltr'>praelia</span> <span class='ocrx_word' id='word_1_10' title='bbox 1150 287 1225 328; x_wconf 89' lang='lat' dir='ltr'>fidi</span> 
     </span>
     <span class='ocr_line' id='line_1_3' title="bbox 294 349 1229 407; baseline 0.005 -18"><span class='ocrx_word' id='word_1_11' title='bbox 294 349 500 390; x_wconf 83' lang='lat' dir='ltr'>Deseruit</span> <span class='ocrx_word' id='word_1_12' title='bbox 525 351 683 391; x_wconf 82' lang='lat' dir='ltr'>levitas</span> <span class='ocrx_word' id='word_1_13' title='bbox 705 350 1043 393; x_wconf 82' lang='lat' dir='ltr'>Automedontis</span> <span class='ocrx_word' id='word_1_14' title='bbox 1059 367 1194 407; x_wconf 83' lang='lat' dir='ltr'>equos</span> <span class='ocrx_word' id='word_1_15' title='bbox 1211 355 1229 394; x_wconf 68' lang='grc' dir='ltr'>’ἰ</span> 
     </span>
     <span class='ocr_line' id='line_1_4' title="bbox 239 415 1380 474; baseline 0.005 -18"><span class='ocrx_word' id='word_1_16' title='bbox 239 415 379 467; x_wconf 85' lang='lat' dir='ltr'><strong>Quem</strong></span> <span class='ocrx_word' id='word_1_17' title='bbox 400 418 533 458; x_wconf 83' lang='lat' dir='ltr'>semel</span> <span class='ocrx_word' id='word_1_18' title='bbox 553 419 743 471; x_wconf 82' lang='lat' dir='ltr'>excepit,</span> <span class='ocrx_word' id='word_1_19' title='bbox 766 421 974 473; x_wconf 91' lang='lat' dir='ltr'>numquid</span> <span class='ocrx_word' id='word_1_20' title='bbox 997 421 1243 462; x_wconf 84' lang='lat' dir='ltr'>Podalirius</span> <span class='ocrx_word' id='word_1_21' title='bbox 1265 435 1380 474; x_wconf 84' lang='lat' dir='ltr'>aegro</span> 
     </span>
     <span class='ocr_line' id='line_1_5' title="bbox 229 483 1299 541; baseline 0.006 -18"><span class='ocrx_word' id='word_1_22' title='bbox 229 499 232 503; x_wconf 73' lang='grc'>’</span> <span class='ocrx_word' id='word_1_23' title='bbox 294 483 565 525; x_wconf 81' lang='lat' dir='ltr'>Promissam</span> <span class='ocrx_word' id='word_1_24' title='bbox 587 486 767 527; x_wconf 83' lang='lat' dir='ltr'>medicae</span> <span class='ocrx_word' id='word_1_25' title='bbox 788 500 874 527; x_wconf 87' lang='lat' dir='ltr'>non</span> <span class='ocrx_word' id='word_1_26' title='bbox 895 488 995 528; x_wconf 83' lang='lat' dir='ltr'>tulit</span> <span class='ocrx_word' id='word_1_27' title='bbox 1014 489 1118 529; x_wconf 85' lang='lat' dir='ltr'>artis</span> <span class='ocrx_word' id='word_1_28' title='bbox 1140 490 1299 541; x_wconf 69' lang='lat' dir='ltr'>opem?</span> 
     </span>
     <span class='ocr_line' id='line_1_6' title="bbox 236 550 1358 609; baseline 0.003 -18"><span class='ocrx_word' id='word_1_29' title='bbox 236 550 431 604; x_wconf 86' lang='lat' dir='ltr'>Turpius</span> <span class='ocrx_word' id='word_1_30' title='bbox 448 552 636 605; x_wconf 85' lang='lat' dir='ltr'>ejicitur,</span> <span class='ocrx_word' id='word_1_31' title='bbox 658 566 789 607; x_wconf 86' lang='lat' dir='ltr'>quam</span> <span class='ocrx_word' id='word_1_32' title='bbox 812 566 896 594; x_wconf 91' lang='lat' dir='ltr'>non</span> <span class='ocrx_word' id='word_1_33' title='bbox 919 555 1162 595; x_wconf 79' lang='lat' dir='ltr'>admittitur</span> <span class='ocrx_word' id='word_1_34' title='bbox 1182 556 1358 609; x_wconf 85' lang='lat' dir='ltr'><strong>hospes.</strong></span> 
     </span>
     <span class='ocr_line' id='line_1_7' title="bbox 294 617 1236 673; baseline 0.004 -14"><span class='ocrx_word' id='word_1_35' title='bbox 294 617 409 668; x_wconf 82' lang='lat' dir='ltr'>Quae</span> <span class='ocrx_word' id='word_1_36' title='bbox 430 622 589 673; x_wconf 84' lang='lat' dir='ltr'>patuit,</span> <span class='ocrx_word' id='word_1_37' title='bbox 610 620 778 661; x_wconf 82' lang='lat' dir='ltr'>dextrae</span> <span class='ocrx_word' id='word_1_38' title='bbox 799 621 924 661; x_wconf 83' lang='lat' dir='ltr'>firma</span> <span class='ocrx_word' id='word_1_39' title='bbox 943 623 999 661; x_wconf 90' lang='lat' dir='ltr'>sit</span> <span class='ocrx_word' id='word_1_40' title='bbox 1017 635 1094 662; x_wconf 83' lang='lat' dir='ltr'>ara</span> <span class='ocrx_word' id='word_1_41' title='bbox 1115 636 1236 664; x_wconf 81' lang='lat' dir='ltr'>meae.</span> 
     </span>
     <span class='ocr_line' id='line_1_8' title="bbox 238 684 1365 740; baseline 0.005 -15"><span class='ocrx_word' id='word_1_42' title='bbox 238 684 332 736; x_wconf 90' lang='lat' dir='ltr'>Nil,</span> <span class='ocrx_word' id='word_1_43' title='bbox 353 687 439 726; x_wconf 90' lang='lat' dir='ltr'>nisi</span> <span class='ocrx_word' id='word_1_44' title='bbox 461 700 528 726; x_wconf 79' lang='lat' dir='ltr'>nie</span> <span class='ocrx_word' id='word_1_45' title='bbox 552 688 707 735; x_wconf 89' lang='lat' dir='ltr'>solum,</span> <span class='ocrx_word' id='word_1_46' title='bbox 729 689 869 740; x_wconf 86' lang='lat' dir='ltr'>primo</span> <span class='ocrx_word' id='word_1_47' title='bbox 890 692 1058 729; x_wconf 82' lang='lat' dir='ltr'>tutatus</span> <span class='ocrx_word' id='word_1_48' title='bbox 1080 703 1128 730; x_wconf 82' lang='lat' dir='ltr'>es</span> <span class='ocrx_word' id='word_1_49' title='bbox 1147 703 1156 730; x_wconf 80' lang='lat' dir='ltr'><em>z</em></span> <span class='ocrx_word' id='word_1_50' title='bbox 1189 694 1234 731; x_wconf 86' lang='lat' dir='ltr'>at</span> <span class='ocrx_word' id='word_1_51' title='bbox 1252 702 1365 730; x_wconf 84' lang='lat' dir='ltr'>nunc</span> 
     </span>
     <span class='ocr_line' id='line_1_9' title="bbox 247 753 1188 811; baseline 0.002 -17"><span class='ocrx_word' id='word_1_52' title='bbox 247 807 256 811; x_wconf 27' lang='lat'><strong><em>³</em></strong></span> <span class='ocrx_word' id='word_1_53' title='bbox 295 753 371 794; x_wconf 85' lang='lat' dir='ltr'>Me</span> <span class='ocrx_word' id='word_1_54' title='bbox 391 754 553 806; x_wconf 82' lang='lat' dir='ltr'>pariter</span> <span class='ocrx_word' id='word_1_55' title='bbox 573 766 713 803; x_wconf 84' lang='lat' dir='ltr'>serva,</span> <span class='ocrx_word' id='word_1_56' title='bbox 728 754 1029 807; x_wconf 84' lang='lat' dir='ltr'>judiciumque</span> <span class='ocrx_word' id='word_1_57' title='bbox 1049 760 1188 796; x_wconf 87' lang='lat' dir='ltr'>tuum.</span> 
     </span>
     <span class='ocr_line' id='line_1_10' title="bbox 238 820 1500 877; baseline 0.003 -16"><span class='ocrx_word' id='word_1_58' title='bbox 238 821 287 861; x_wconf 85' lang='lat' dir='ltr'>Si</span> <span class='ocrx_word' id='word_1_59' title='bbox 307 820 438 861; x_wconf 93' lang='lat' dir='ltr'>modo</span> <span class='ocrx_word' id='word_1_60' title='bbox 459 832 547 860; x_wconf 92' lang='lat' dir='ltr'>non</span> <span class='ocrx_word' id='word_1_61' title='bbox 569 820 718 873; x_wconf 85' lang='lat' dir='ltr'>aliqua</span> <span class='ocrx_word' id='word_1_62' title='bbox 739 823 806 860; x_wconf 89' lang='lat' dir='ltr'>est</span> <span class='ocrx_word' id='word_1_63' title='bbox 826 821 872 860; x_wconf 89' lang='lat' dir='ltr'>in</span> <span class='ocrx_word' id='word_1_64' title='bbox 893 832 963 860; x_wconf 86' lang='lat' dir='ltr'>mc</span> <span class='ocrx_word' id='word_1_65' title='bbox 985 833 1101 861; x_wconf 82' lang='lat' dir='ltr'>nova</span> <span class='ocrx_word' id='word_1_66' title='bbox 1123 823 1270 874; x_wconf 82' lang='lat' dir='ltr'>culpa,</span> <span class='ocrx_word' id='word_1_67' title='bbox 1291 828 1500 877; x_wconf 82' lang='lat' dir='ltr'>tuamque</span> 
     </span>
     <span class='ocr_line' id='line_1_11' title="bbox 297 886 1223 927; baseline 0.001 -1"><span class='ocrx_word' id='word_1_68' title='bbox 297 886 526 927; x_wconf 82' lang='lat' dir='ltr'>Mutarunt</span> <span class='ocrx_word' id='word_1_69' title='bbox 547 887 692 926; x_wconf 86' lang='lat' dir='ltr'>subito</span> <span class='ocrx_word' id='word_1_70' title='bbox 713 886 892 926; x_wconf 87' lang='lat' dir='ltr'>crimina</span> <span class='ocrx_word' id='word_1_71' title='bbox 912 890 1056 927; x_wconf 85' lang='lat' dir='ltr'>nostra</span> <span class='ocrx_word' id='word_1_72' title='bbox 1075 886 1223 927; x_wconf 83' lang='lat' dir='ltr'>fidem.</span> 
     </span>
     <span class='ocr_line' id='line_1_12' title="bbox 239 952 1522 1008; baseline 0.002 -14"><span class='ocrx_word' id='word_1_73' title='bbox 239 953 427 1007; x_wconf 85' lang='lat' dir='ltr'>Spiritus</span> <span class='ocrx_word' id='word_1_74' title='bbox 448 952 536 1002; x_wconf 89' lang='lat' dir='ltr'>hic,</span> <span class='ocrx_word' id='word_1_75' title='bbox 560 952 768 1007; x_wconf 85' lang='lat' dir='ltr'>Scythica</span> <span class='ocrx_word' id='word_1_76' title='bbox 788 966 919 1008; x_wconf 83' lang='lat' dir='ltr'>quem</span> <span class='ocrx_word' id='word_1_77' title='bbox 938 966 1026 994; x_wconf 92' lang='lat' dir='ltr'>non</span> <span class='ocrx_word' id='word_1_78' title='bbox 1047 955 1155 995; x_wconf 80' lang='lat' dir='ltr'>bene</span> <span class='ocrx_word' id='word_1_79' title='bbox 1177 954 1378 995; x_wconf 87' lang='lat' dir='ltr'>ducimus</span> <span class='ocrx_word' id='word_1_80' title='bbox 1400 967 1522 1005; x_wconf 84' lang='lat' dir='ltr'>aura,</span> 
     </span>
     <span class='ocr_line' id='line_1_13' title="bbox 297 1018 1256 1073; baseline 0.002 -13"><span class='ocrx_word' id='word_1_81' title='bbox 297 1018 431 1070; x_wconf 86' lang='lat' dir='ltr'>Quod</span> <span class='ocrx_word' id='word_1_82' title='bbox 451 1021 600 1073; x_wconf 88' lang='lat' dir='ltr'>cupio,</span> <span class='ocrx_word' id='word_1_83' title='bbox 620 1021 825 1061; x_wconf 85' lang='lat' dir='ltr'>membris</span> <span class='ocrx_word' id='word_1_84' title='bbox 847 1024 980 1062; x_wconf 86' lang='lat' dir='ltr'>exeat</span> <span class='ocrx_word' id='word_1_85' title='bbox 998 1026 1100 1061; x_wconf 84' lang='lat' dir='ltr'>ante</span> <span class='ocrx_word' id='word_1_86' title='bbox 1122 1022 1256 1073; x_wconf 82' lang='lat' dir='ltr'>mcis3</span> 
     </span>
     <span class='ocr_line' id='line_1_14' title="bbox 242 1085 1347 1142; baseline 0.003 -15"><span class='ocrx_word' id='word_1_87' title='bbox 242 1085 389 1137; x_wconf 79' lang='lat' dir='ltr'>Quam</span> <span class='ocrx_word' id='word_1_88' title='bbox 410 1092 486 1128; x_wconf 84' lang='lat' dir='ltr'>tua</span> <span class='ocrx_word' id='word_1_89' title='bbox 507 1087 667 1128; x_wconf 84' lang='lat' dir='ltr'>delicto</span> <span class='ocrx_word' id='word_1_90' title='bbox 688 1088 951 1141; x_wconf 86' lang='lat' dir='ltr'>stringantur</span> <span class='ocrx_word' id='word_1_91' title='bbox 969 1093 1153 1142; x_wconf 81' lang='lat' dir='ltr'>pectora</span> <span class='ocrx_word' id='word_1_92' title='bbox 1172 1092 1319 1130; x_wconf 82' lang='lat' dir='ltr'>nostro</span> <span class='ocrx_word' id='word_1_93' title='bbox 1337 1102 1347 1141; x_wconf 92' lang='lat'>;</span> 
     </span>
     <span class='ocr_line' id='line_1_15' title="bbox 298 1153 1094 1197; baseline 0.005 -4"><span class='ocrx_word' id='word_1_94' title='bbox 298 1153 356 1193; x_wconf 86' lang='lat' dir='ltr'>Et</span> <span class='ocrx_word' id='word_1_95' title='bbox 375 1153 528 1194; x_wconf 82' lang='lat' dir='ltr'>videar</span> <span class='ocrx_word' id='word_1_96' title='bbox 546 1155 698 1194; x_wconf 84' lang='lat' dir='ltr'>merito</span> <span class='ocrx_word' id='word_1_97' title='bbox 719 1155 849 1195; x_wconf 89' lang='lat' dir='ltr'>vilior</span> <span class='ocrx_word' id='word_1_98' title='bbox 875 1168 975 1196; x_wconf 84' lang='lat' dir='ltr'>csse</span> <span class='ocrx_word' id='word_1_99' title='bbox 996 1156 1094 1197; x_wconf 86' lang='lat' dir='ltr'>tibi.</span> 
     </span>
    </p>
   </div>
   <div class='ocr_carea' id='block_1_3' title="bbox 1632 357 1686 397">
    <p class='ocr_par' dir='ltr' id='par_1_3' title="bbox 1632 357 1686 397">
     <span class='ocr_line' id='line_1_16' title="bbox 1632 357 1686 397; baseline 0.019 -1"><span class='ocrx_word' id='word_1_100' title='bbox 1632 357 1686 397; x_wconf 87' lang='grc'>10</span> 
     </span>
    </p>
   </div>
   <div class='ocr_carea' id='block_1_4' title="bbox 238 1293 1705 1630">
    <p class='ocr_par' dir='ltr' id='par_1_4' title="bbox 238 1293 1705 1630">
     <span class='ocr_line' id='line_1_17' title="bbox 241 1293 1701 1336; baseline 0.001 -13"><span class='ocrx_word' id='word_1_101' title='bbox 241 1293 340 1324; x_wconf 77' lang='lat' dir='ltr'>minor</span> <span class='ocrx_word' id='word_1_102' title='bbox 355 1297 423 1325; x_wconf 83' lang='lat' dir='ltr'>arte</span> <span class='ocrx_word' id='word_1_103' title='bbox 438 1297 503 1325; x_wconf 77' lang='lat' dir='ltr'>tua.</span> <span class='ocrx_word' id='word_1_104' title='bbox 537 1294 697 1334; x_wconf 80' lang='lat' dir='ltr'>Numquid</span> <span class='ocrx_word' id='word_1_105' title='bbox 712 1294 822 1325; x_wconf 77' lang='lat' dir='ltr'>levitas</span> <span class='ocrx_word' id='word_1_106' title='bbox 840 1295 918 1326; x_wconf 84' lang='lat' dir='ltr'>certi</span> <span class='ocrx_word' id='word_1_107' title='bbox 934 1294 1172 1326; x_wconf 75' lang='lat' dir='ltr'>Automedontis</span> <span class='ocrx_word' id='word_1_108' title='bbox 1187 1295 1332 1326; x_wconf 72' lang='lat' dir='ltr'>destituit</span> <span class='ocrx_word' id='word_1_109' title='bbox 1347 1306 1435 1336; x_wconf 78' lang='lat' dir='ltr'>equos</span> <span class='ocrx_word' id='word_1_110' title='bbox 1448 1296 1604 1327; x_wconf 82' lang='lat' dir='ltr'>Achilleos</span> <span class='ocrx_word' id='word_1_111' title='bbox 1619 1296 1701 1327; x_wconf 81' lang='lat' dir='ltr'>inter</span> 
     </span>
     <span class='ocr_line' id='line_1_18' title="bbox 238 1335 1702 1378; baseline 0.001 -12"><span class='ocrx_word' id='word_1_112' title='bbox 238 1335 309 1372; x_wconf 74' lang='lat' dir='ltr'>fera</span> <span class='ocrx_word' id='word_1_113' title='bbox 323 1337 492 1367; x_wconf 76' lang='lat' dir='ltr'>certamina</span> <span class='ocrx_word' id='word_1_114' title='bbox 505 1335 520 1368; x_wconf 84' lang='lat'><strong><em>?</em></strong></span> <span class='ocrx_word' id='word_1_115' title='bbox 551 1336 711 1376; x_wconf 81' lang='lat' dir='ltr'>Numquid</span> <span class='ocrx_word' id='word_1_116' title='bbox 731 1338 908 1368; x_wconf 70' lang='lat' dir='ltr'>Podah&#39;rius</span> <span class='ocrx_word' id='word_1_117' title='bbox 923 1347 981 1368; x_wconf 84' lang='lat' dir='ltr'>non</span> <span class='ocrx_word' id='word_1_118' title='bbox 996 1337 1127 1377; x_wconf 79' lang='lat' dir='ltr'>proebuit</span> <span class='ocrx_word' id='word_1_119' title='bbox 1151 1338 1304 1367; x_wconf 69' lang='lat' dir='ltr'>auxilium</span> <span class='ocrx_word' id='word_1_120' title='bbox 1317 1339 1500 1378; x_wconf 83' lang='lat' dir='ltr'>promissum</span> <span class='ocrx_word' id='word_1_121' title='bbox 1515 1339 1594 1369; x_wconf 80' lang='lat' dir='ltr'>artis</span> <span class='ocrx_word' id='word_1_122' title='bbox 1609 1338 1702 1368; x_wconf 82' lang='lat' dir='ltr'>medi-</span> 
     </span>
     <span class='ocr_line' id='line_1_19' title="bbox 241 1378 1700 1420; baseline 0.001 -12"><span class='ocrx_word' id='word_1_123' title='bbox 241 1389 286 1409; x_wconf 79' lang='lat' dir='ltr'>coe</span> <span class='ocrx_word' id='word_1_124' title='bbox 301 1382 430 1418; x_wconf 84' lang='lat' dir='ltr'>aegroto,</span> <span class='ocrx_word' id='word_1_125' title='bbox 445 1388 533 1419; x_wconf 83' lang='lat' dir='ltr'>quem</span> <span class='ocrx_word' id='word_1_126' title='bbox 548 1379 639 1409; x_wconf 85' lang='lat' dir='ltr'>semel</span> <span class='ocrx_word' id='word_1_127' title='bbox 653 1378 806 1411; x_wconf 78' lang='lat' dir='ltr'>admisit?</span> <span class='ocrx_word' id='word_1_128' title='bbox 851 1380 974 1419; x_wconf 84' lang='lat' dir='ltr'>Hospes</span> <span class='ocrx_word' id='word_1_129' title='bbox 999 1379 1119 1420; x_wconf 80' lang='lat' dir='ltr'>turpius</span> <span class='ocrx_word' id='word_1_130' title='bbox 1140 1380 1317 1419; x_wconf 66' lang='lat' dir='ltr'>expellitur,</span> <span class='ocrx_word' id='word_1_131' title='bbox 1344 1390 1433 1419; x_wconf 77' lang='lat' dir='ltr'>quam</span> <span class='ocrx_word' id='word_1_132' title='bbox 1458 1389 1517 1410; x_wconf 80' lang='lat' dir='ltr'>non</span> <span class='ocrx_word' id='word_1_133' title='bbox 1538 1380 1700 1420; x_wconf 76' lang='lat' dir='ltr'>recipitur.</span> 
     </span>
     <span class='ocr_line' id='line_1_20' title="bbox 242 1421 1703 1462; baseline 0.001 -11"><span class='ocrx_word' id='word_1_134' title='bbox 242 1421 355 1451; x_wconf 75' lang='lat' dir='ltr'>Alture</span> <span class='ocrx_word' id='word_1_135' title='bbox 378 1423 458 1460; x_wconf 84' lang='lat' dir='ltr'>quod</span> <span class='ocrx_word' id='word_1_136' title='bbox 483 1430 653 1451; x_wconf 85' lang='lat' dir='ltr'>concessum</span> <span class='ocrx_word' id='word_1_137' title='bbox 679 1425 724 1451; x_wconf 87' lang='lat' dir='ltr'>est</span> <span class='ocrx_word' id='word_1_138' title='bbox 747 1422 852 1452; x_wconf 83' lang='lat' dir='ltr'>manui</span> <span class='ocrx_word' id='word_1_139' title='bbox 868 1432 943 1453; x_wconf 84' lang='lat' dir='ltr'>meae</span> <span class='ocrx_word' id='word_1_140' title='bbox 957 1422 999 1452; x_wconf 86' lang='lat' dir='ltr'>sit</span> <span class='ocrx_word' id='word_1_141' title='bbox 1014 1426 1139 1453; x_wconf 85' lang='lat' dir='ltr'>certum.</span> <span class='ocrx_word' id='word_1_142' title='bbox 1187 1421 1280 1452; x_wconf 78' lang='lat' dir='ltr'>Nihil</span> <span class='ocrx_word' id='word_1_143' title='bbox 1295 1422 1461 1459; x_wconf 80' lang='lat' dir='ltr'>defendisti</span> <span class='ocrx_word' id='word_1_144' title='bbox 1473 1422 1573 1462; x_wconf 80' lang='lat' dir='ltr'>primo</span> <span class='ocrx_word' id='word_1_145' title='bbox 1585 1426 1703 1462; x_wconf 80' lang='lat' dir='ltr'>proeter</span> 
     </span>
     <span class='ocr_line' id='line_1_21' title="bbox 244 1463 1701 1503; baseline 0.001 -10"><span class='ocrx_word' id='word_1_146' title='bbox 244 1473 291 1493; x_wconf 87' lang='lat' dir='ltr'>me</span> <span class='ocrx_word' id='word_1_147' title='bbox 303 1464 400 1493; x_wconf 81' lang='lat' dir='ltr'>solum</span> <span class='ocrx_word' id='word_1_148' title='bbox 411 1474 421 1493; x_wconf 90' lang='grc'>.·</span> <span class='ocrx_word' id='word_1_149' title='bbox 443 1466 476 1493; x_wconf 84' lang='lat' dir='ltr'>at</span> <span class='ocrx_word' id='word_1_150' title='bbox 491 1473 571 1493; x_wconf 81' lang='lat' dir='ltr'>nunc</span> <span class='ocrx_word' id='word_1_151' title='bbox 586 1463 704 1493; x_wconf 81' lang='lat' dir='ltr'>absolve</span> <span class='ocrx_word' id='word_1_152' title='bbox 717 1473 764 1494; x_wconf 88' lang='lat' dir='ltr'>me</span> <span class='ocrx_word' id='word_1_153' title='bbox 778 1464 870 1494; x_wconf 81' lang='lat' dir='ltr'>simul</span> <span class='ocrx_word' id='word_1_154' title='bbox 885 1468 978 1503; x_wconf 79' lang='lat' dir='ltr'>atque</span> <span class='ocrx_word' id='word_1_155' title='bbox 986 1464 1142 1502; x_wconf 74' lang='lat' dir='ltr'>judicium</span> <span class='ocrx_word' id='word_1_156' title='bbox 1156 1467 1253 1495; x_wconf 86' lang='lat' dir='ltr'>tuum.</span> <span class='ocrx_word' id='word_1_157' title='bbox 1300 1465 1338 1494; x_wconf 71' lang='lat' dir='ltr'>Si</span> <span class='ocrx_word' id='word_1_158' title='bbox 1352 1466 1459 1494; x_wconf 86' lang='lat' dir='ltr'>saltem</span> <span class='ocrx_word' id='word_1_159' title='bbox 1474 1474 1533 1494; x_wconf 79' lang='lat' dir='ltr'>nou</span> <span class='ocrx_word' id='word_1_160' title='bbox 1550 1466 1639 1495; x_wconf 79' lang='lat' dir='ltr'>estin</span> <span class='ocrx_word' id='word_1_161' title='bbox 1654 1474 1701 1494; x_wconf 83' lang='lat' dir='ltr'>me</span> 
     </span>
     <span class='ocr_line' id='line_1_22' title="bbox 243 1505 1703 1547; baseline 0.001 -12"><span class='ocrx_word' id='word_1_162' title='bbox 243 1505 366 1544; x_wconf 58' lang='lat' dir='ltr'>aliquod</span> <span class='ocrx_word' id='word_1_163' title='bbox 394 1514 505 1535; x_wconf 78' lang='lat' dir='ltr'>nouum</span> <span class='ocrx_word' id='word_1_164' title='bbox 532 1508 701 1544; x_wconf 83' lang='lat' dir='ltr'>peccatum,</span> <span class='ocrx_word' id='word_1_165' title='bbox 726 1509 754 1535; x_wconf 78' lang='lat' dir='ltr'>et</span> <span class='ocrx_word' id='word_1_166' title='bbox 778 1505 914 1544; x_wconf 81' lang='lat' dir='ltr'>flagitia</span> <span class='ocrx_word' id='word_1_167' title='bbox 940 1509 1046 1536; x_wconf 79' lang='lat' dir='ltr'>nostra</span> <span class='ocrx_word' id='word_1_168' title='bbox 1060 1509 1219 1536; x_wconf 71' lang='lat' dir='ltr'>moverunt</span> <span class='ocrx_word' id='word_1_169' title='bbox 1233 1510 1358 1545; x_wconf 80' lang='lat' dir='ltr'>repente</span> <span class='ocrx_word' id='word_1_170' title='bbox 1376 1509 1458 1536; x_wconf 84' lang='lat' dir='ltr'>tuam</span> <span class='ocrx_word' id='word_1_171' title='bbox 1465 1506 1575 1547; x_wconf 83' lang='lat' dir='ltr'>fidem.</span> <span class='ocrx_word' id='word_1_172' title='bbox 1621 1506 1703 1537; x_wconf 77' lang='lat' dir='ltr'>Haec</span> 
     </span>
     <span class='ocr_line' id='line_1_23' title="bbox 246 1547 1705 1589; baseline 0.001 -13"><span class='ocrx_word' id='word_1_173' title='bbox 246 1547 359 1586; x_wconf 57' lang='lat' dir='ltr'>anima,</span> <span class='ocrx_word' id='word_1_174' title='bbox 376 1556 469 1586; x_wconf 83' lang='lat' dir='ltr'>quam</span> <span class='ocrx_word' id='word_1_175' title='bbox 495 1548 574 1578; x_wconf 82' lang='lat' dir='ltr'>male</span> <span class='ocrx_word' id='word_1_176' title='bbox 589 1547 743 1577; x_wconf 75' lang='lat' dir='ltr'>trahimus</span> <span class='ocrx_word' id='word_1_177' title='bbox 758 1547 828 1578; x_wconf 81' lang='lat' dir='ltr'>‹1&#39;e&#39;re</span> <span class='ocrx_word' id='word_1_178' title='bbox 855 1547 1012 1587; x_wconf 80' lang='lat' dir='ltr'>Scythico,</span> <span class='ocrx_word' id='word_1_179' title='bbox 1033 1548 1121 1587; x_wconf 73' lang='lat' dir='ltr'>prius</span> <span class='ocrx_word' id='word_1_180' title='bbox 1145 1549 1296 1578; x_wconf 79' lang='lat' dir='ltr'>destituat</span> <span class='ocrx_word' id='word_1_181' title='bbox 1320 1558 1399 1578; x_wconf 83' lang='lat' dir='ltr'>meos</span> <span class='ocrx_word' id='word_1_182' title='bbox 1413 1551 1513 1586; x_wconf 83' lang='lat' dir='ltr'>artus,</span> <span class='ocrx_word' id='word_1_183' title='bbox 1529 1549 1607 1588; x_wconf 85' lang='lat' dir='ltr'>quod</span> <span class='ocrx_word' id='word_1_184' title='bbox 1621 1551 1705 1589; x_wconf 82' lang='lat' dir='ltr'>opto,</span> 
     </span>
     <span class='ocr_line' id='line_1_24' title="bbox 244 1589 1704 1630; baseline 0.001 -10"><span class='ocrx_word' id='word_1_185' title='bbox 244 1599 334 1629; x_wconf 77' lang='lat' dir='ltr'>quam</span> <span class='ocrx_word' id='word_1_186' title='bbox 350 1592 437 1620; x_wconf 83' lang='lat' dir='ltr'>tuum</span> <span class='ocrx_word' id='word_1_187' title='bbox 452 1599 504 1620; x_wconf 79' lang='lat' dir='ltr'>cor</span> <span class='ocrx_word' id='word_1_188' title='bbox 519 1589 628 1620; x_wconf 75' lang='lat' dir='ltr'>leviter</span> <span class='ocrx_word' id='word_1_189' title='bbox 644 1590 778 1621; x_wconf 78' lang='lat' dir='ltr'>Ioedatur</span> <span class='ocrx_word' id='word_1_190' title='bbox 791 1593 895 1621; x_wconf 75' lang='lat' dir='ltr'>nostro</span> <span class='ocrx_word' id='word_1_191' title='bbox 907 1593 1044 1630; x_wconf 86' lang='lat' dir='ltr'>peccato,</span> <span class='ocrx_word' id='word_1_192' title='bbox 1073 1593 1103 1621; x_wconf 86' lang='lat' dir='ltr'>et</span> <span class='ocrx_word' id='word_1_193' title='bbox 1120 1590 1194 1628; x_wconf 73' lang='lat' dir='ltr'>jure</span> <span class='ocrx_word' id='word_1_194' title='bbox 1216 1589 1323 1620; x_wconf 74' lang='lat' dir='ltr'>ridear</span> <span class='ocrx_word' id='word_1_195' title='bbox 1338 1590 1397 1620; x_wconf 83' lang='lat' dir='ltr'>tibi</span> <span class='ocrx_word' id='word_1_196' title='bbox 1412 1599 1474 1621; x_wconf 80' lang='lat' dir='ltr'>esse</span> <span class='ocrx_word' id='word_1_197' title='bbox 1490 1591 1591 1621; x_wconf 84' lang='lat' dir='ltr'>vilior.</span> <span class='ocrx_word' id='word_1_198' title='bbox 1632 1591 1704 1621; x_wconf 85' lang='lat' dir='ltr'>Non</span> 
     </span>
    </p>
   </div>
   <div class='ocr_carea' id='block_1_5' title="bbox 855 1672 1088 1684">
    <p class='ocr_par' dir='ltr' id='par_1_5' title="bbox 855 1672 1088 1684">
     <span class='ocr_line' id='line_1_25' title="bbox 855 1672 1088 1684; baseline 0 0"><span class='ocrx_word' id='word_1_199' title='bbox 855 1672 1088 1684; x_wconf 58' lang='lat' dir='ltr'>“uectore“</span> 
     </span>
    </p>
   </div>
   <div class='ocr_carea' id='block_1_6' title="bbox 245 1726 1708 2066">
    <p class='ocr_par' dir='ltr' id='par_1_6' title="bbox 245 1726 1708 2066">
     <span class='ocr_line' id='line_1_26' title="bbox 246 1726 1705 1769; baseline 0.002 -12"><span class='ocrx_word' id='word_1_200' title='bbox 246 1726 463 1767; x_wconf 79' lang='lat' dir='ltr'>profuit.-—9</span> <span class='ocrx_word' id='word_1_201' title='bbox 480 1727 544 1758; x_wconf 90' lang='lat' dir='ltr'>Ed.</span> <span class='ocrx_word' id='word_1_202' title='bbox 559 1728 692 1759; x_wconf 85' lang='lat' dir='ltr'>Bersm.</span> <span class='ocrx_word' id='word_1_203' title='bbox 709 1729 750 1759; x_wconf 79' lang='lat' dir='ltr'>A.</span> <span class='ocrx_word' id='word_1_204' title='bbox 763 1730 842 1759; x_wconf 85' lang='lat' dir='ltr'>dura</span> <span class='ocrx_word' id='word_1_205' title='bbox 854 1729 936 1760; x_wconf 79' lang='lat' dir='ltr'>inter</span> <span class='ocrx_word' id='word_1_206' title='bbox 947 1729 1123 1769; x_wconf 59' lang='lat' dir='ltr'>praet—lo</span> <span class='ocrx_word' id='word_1_207' title='bbox 1134 1729 1297 1768; x_wconf 78' lang='lat' dir='ltr'>Excerpt.</span> <span class='ocrx_word' id='word_1_208' title='bbox 1313 1728 1412 1759; x_wconf 79' lang='lat' dir='ltr'>Voss.</span> <span class='ocrx_word' id='word_1_209' title='bbox 1429 1728 1541 1759; x_wconf 83' lang='lat' dir='ltr'>Deser.</span> <span class='ocrx_word' id='word_1_210' title='bbox 1555 1728 1656 1768; x_wconf 83' lang='lat' dir='ltr'>pietas</span> <span class='ocrx_word' id='word_1_211' title='bbox 1665 1728 1705 1760; x_wconf 78' lang='lat' dir='ltr'>A.</span> 
     </span>
     <span class='ocr_line' id='line_1_27' title="bbox 245 1769 1708 1810; baseline 0.003 -11"><span class='ocrx_word' id='word_1_212' title='bbox 245 1771 328 1799; x_wconf 83' lang='lat' dir='ltr'>-n</span> <span class='ocrx_word' id='word_1_213' title='bbox 342 1769 422 1799; x_wconf 88' lang='lat' dir='ltr'>Duo</span> <span class='ocrx_word' id='word_1_214' title='bbox 434 1770 511 1800; x_wconf 87' lang='lat' dir='ltr'>libri</span> <span class='ocrx_word' id='word_1_215' title='bbox 523 1770 623 1805; x_wconf 84' lang='lat' dir='ltr'>Quam</span> <span class='ocrx_word' id='word_1_216' title='bbox 633 1780 707 1802; x_wconf 88' lang='lat' dir='ltr'>sem.</span> <span class='ocrx_word' id='word_1_217' title='bbox 719 1771 800 1801; x_wconf 87' lang='lat' dir='ltr'>Tum</span> <span class='ocrx_word' id='word_1_218' title='bbox 812 1772 893 1802; x_wconf 92' lang='lat' dir='ltr'>Lov.</span> <span class='ocrx_word' id='word_1_219' title='bbox 908 1777 943 1802; x_wconf 88' lang='lat' dir='ltr'>et</span> <span class='ocrx_word' id='word_1_220' title='bbox 957 1771 1018 1802; x_wconf 85' lang='lat' dir='ltr'>Ed.</span> <span class='ocrx_word' id='word_1_221' title='bbox 1030 1772 1164 1802; x_wconf 83' lang='lat' dir='ltr'>Bersm.</span> <span class='ocrx_word' id='word_1_222' title='bbox 1175 1771 1303 1810; x_wconf 73' lang='lat' dir='ltr'>accepit.</span> <span class='ocrx_word' id='word_1_223' title='bbox 1320 1771 1372 1801; x_wconf 84' lang='lat' dir='ltr'>Ex</span> <span class='ocrx_word' id='word_1_224' title='bbox 1383 1770 1502 1801; x_wconf 90' lang='lat' dir='ltr'>Comb.</span> <span class='ocrx_word' id='word_1_225' title='bbox 1516 1771 1637 1802; x_wconf 85' lang='lat' dir='ltr'>Heius.</span> <span class='ocrx_word' id='word_1_226' title='bbox 1650 1772 1708 1803; x_wconf 90' lang='lat' dir='ltr'>de-</span> 
     </span>
     <span class='ocr_line' id='line_1_28' title="bbox 248 1810 1706 1854; baseline 0.002 -13"><span class='ocrx_word' id='word_1_227' title='bbox 248 1810 298 1841; x_wconf 89' lang='lat' dir='ltr'>dit</span> <span class='ocrx_word' id='word_1_228' title='bbox 312 1811 461 1851; x_wconf 75' lang='lat' dir='ltr'>numquid</span> <span class='ocrx_word' id='word_1_229' title='bbox 477 1821 539 1851; x_wconf 84' lang='lat' dir='ltr'>pro</span> <span class='ocrx_word' id='word_1_230' title='bbox 556 1812 643 1852; x_wconf 85' lang='lat' dir='ltr'>vulg.</span> <span class='ocrx_word' id='word_1_231' title='bbox 655 1816 907 1853; x_wconf 65' lang='lat' dir='ltr'>nunquam—14</span> <span class='ocrx_word' id='word_1_232' title='bbox 931 1815 973 1845; x_wconf 84' lang='lat' dir='ltr'>R.</span> <span class='ocrx_word' id='word_1_233' title='bbox 992 1814 1063 1849; x_wconf 79' lang='lat' dir='ltr'>Qua</span> <span class='ocrx_word' id='word_1_234' title='bbox 1075 1817 1140 1853; x_wconf 79' lang='lat' dir='ltr'>pat.</span> <span class='ocrx_word' id='word_1_235' title='bbox 1167 1813 1304 1843; x_wconf 85' lang='lat' dir='ltr'>Deinde</span> <span class='ocrx_word' id='word_1_236' title='bbox 1317 1813 1406 1843; x_wconf 87' lang='lat' dir='ltr'>idem</span> <span class='ocrx_word' id='word_1_237' title='bbox 1423 1813 1455 1843; x_wconf 87' lang='lat' dir='ltr'>in</span> <span class='ocrx_word' id='word_1_238' title='bbox 1468 1823 1542 1844; x_wconf 87' lang='lat' dir='ltr'>voc.</span> <span class='ocrx_word' id='word_1_239' title='bbox 1558 1823 1633 1844; x_wconf 81' lang='lat' dir='ltr'>meoe</span> <span class='ocrx_word' id='word_1_240' title='bbox 1645 1823 1706 1854; x_wconf 89' lang='lat' dir='ltr'>pro</span> 
     </span>
     <span class='ocr_line' id='line_1_29' title="bbox 246 1853 1708 1896; baseline 0.002 -13"><span class='ocrx_word' id='word_1_241' title='bbox 246 1862 316 1884; x_wconf 83' lang='lat' dir='ltr'>var.</span> <span class='ocrx_word' id='word_1_242' title='bbox 332 1853 409 1884; x_wconf 77' lang='lat' dir='ltr'>lect.</span> <span class='ocrx_word' id='word_1_243' title='bbox 426 1854 564 1886; x_wconf 84' lang='lat' dir='ltr'>exhibet</span> <span class='ocrx_word' id='word_1_244' title='bbox 578 1858 657 1892; x_wconf 82' lang='lat' dir='ltr'>tuoe‚·</span> <span class='ocrx_word' id='word_1_245' title='bbox 669 1855 759 1896; x_wconf 84' lang='lat' dir='ltr'>quod</span> <span class='ocrx_word' id='word_1_246' title='bbox 773 1857 875 1887; x_wconf 85' lang='lat' dir='ltr'>etiam</span> <span class='ocrx_word' id='word_1_247' title='bbox 887 1857 968 1887; x_wconf 84' lang='lat' dir='ltr'>Lov.</span> <span class='ocrx_word' id='word_1_248' title='bbox 982 1856 1136 1887; x_wconf 62' lang='lat' dir='ltr'>exhibet:</span> <span class='ocrx_word' id='word_1_249' title='bbox 1154 1856 1251 1886; x_wconf 87' lang='lat' dir='ltr'>Leid.</span> <span class='ocrx_word' id='word_1_250' title='bbox 1266 1865 1322 1886; x_wconf 79' lang='lat' dir='ltr'>aru</span> <span class='ocrx_word' id='word_1_251' title='bbox 1337 1855 1490 1886; x_wconf 60' lang='lat' dir='ltr'>vim—15</span> <span class='ocrx_word' id='word_1_252' title='bbox 1507 1855 1576 1886; x_wconf 86' lang='lat' dir='ltr'>Pro</span> <span class='ocrx_word' id='word_1_253' title='bbox 1588 1859 1708 1886; x_wconf 83' lang='lat' dir='ltr'>tutatus</span> 
     </span>
     <span class='ocr_line' id='line_1_30' title="bbox 247 1895 1705 1937; baseline 0.001 -11"><span class='ocrx_word' id='word_1_254' title='bbox 247 1895 288 1927; x_wconf 88' lang='lat' dir='ltr'>P.</span> <span class='ocrx_word' id='word_1_255' title='bbox 308 1898 463 1927; x_wconf 80' lang='lat' dir='ltr'>sectatus:</span> <span class='ocrx_word' id='word_1_256' title='bbox 485 1907 570 1927; x_wconf 87' lang='lat' dir='ltr'>nnus</span> <span class='ocrx_word' id='word_1_257' title='bbox 594 1898 696 1928; x_wconf 83' lang='lat' dir='ltr'>etiam</span> <span class='ocrx_word' id='word_1_258' title='bbox 712 1901 832 1929; x_wconf 78' lang='lat' dir='ltr'>tutatus</span> <span class='ocrx_word' id='word_1_259' title='bbox 847 1900 990 1937; x_wconf 84' lang='lat' dir='ltr'>amicum,</span> <span class='ocrx_word' id='word_1_260' title='bbox 1012 1903 1047 1929; x_wconf 85' lang='lat' dir='ltr'>et</span> <span class='ocrx_word' id='word_1_261' title='bbox 1071 1899 1155 1929; x_wconf 87' lang='lat' dir='ltr'>alius</span> <span class='ocrx_word' id='word_1_262' title='bbox 1178 1899 1390 1929; x_wconf 82' lang='lat' dir='ltr'>amicus.—18</span> <span class='ocrx_word' id='word_1_263' title='bbox 1413 1898 1473 1928; x_wconf 86' lang='lat' dir='ltr'>Be.</span> <span class='ocrx_word' id='word_1_264' title='bbox 1488 1897 1625 1928; x_wconf 80' lang='lat' dir='ltr'>carmina</span> <span class='ocrx_word' id='word_1_265' title='bbox 1641 1907 1705 1937; x_wconf 83' lang='lat' dir='ltr'>pro</span> 
     </span>
     <span class='ocr_line' id='line_1_31' title="bbox 245 1938 1707 1982; baseline 0.001 -14"><span class='ocrx_word' id='word_1_266' title='bbox 245 1938 475 1971; x_wconf 58' lang='lat' dir='ltr'>mimium—19</span> <span class='ocrx_word' id='word_1_267' title='bbox 496 1940 583 1970; x_wconf 84' lang='lat' dir='ltr'>Tres</span> <span class='ocrx_word' id='word_1_268' title='bbox 600 1940 677 1971; x_wconf 81' lang='lat' dir='ltr'>libri</span> <span class='ocrx_word' id='word_1_269' title='bbox 694 1941 761 1972; x_wconf 86' lang='lat' dir='ltr'>ben.</span> <span class='ocrx_word' id='word_1_270' title='bbox 778 1941 924 1972; x_wconf 71' lang='lat' dir='ltr'>«luximus</span> <span class='ocrx_word' id='word_1_271' title='bbox 936 1952 1006 1972; x_wconf 75' lang='lat' dir='ltr'>aar.</span> <span class='ocrx_word' id='word_1_272' title='bbox 1023 1941 1172 1982; x_wconf 80' lang='lat' dir='ltr'>quinque</span> <span class='ocrx_word' id='word_1_273' title='bbox 1187 1941 1326 1972; x_wconf 83' lang='lat' dir='ltr'>ducimus</span> <span class='ocrx_word' id='word_1_274' title='bbox 1340 1942 1489 1971; x_wconf 62' lang='lat' dir='ltr'>orm—21</span> <span class='ocrx_word' id='word_1_275' title='bbox 1516 1939 1556 1970; x_wconf 90' lang='lat' dir='ltr'>In</span> <span class='ocrx_word' id='word_1_276' title='bbox 1570 1949 1642 1970; x_wconf 92' lang='lat' dir='ltr'>voc.</span> <span class='ocrx_word' id='word_1_277' title='bbox 1655 1941 1707 1971; x_wconf 88' lang='lat' dir='ltr'>de-</span> 
     </span>
     <span class='ocr_line' id='line_1_32' title="bbox 248 1981 1707 2023; baseline 0.001 -13"><span class='ocrx_word' id='word_1_278' title='bbox 248 1981 320 2011; x_wconf 83' lang='lat' dir='ltr'>licto</span> <span class='ocrx_word' id='word_1_279' title='bbox 335 1991 398 2022; x_wconf 87' lang='lat' dir='ltr'>pro</span> <span class='ocrx_word' id='word_1_280' title='bbox 424 1991 493 2013; x_wconf 85' lang='lat' dir='ltr'>var.</span> <span class='ocrx_word' id='word_1_281' title='bbox 521 1982 602 2013; x_wconf 79' lang='lat' dir='ltr'>lect.</span> <span class='ocrx_word' id='word_1_282' title='bbox 631 1984 671 2014; x_wconf 79' lang='lat' dir='ltr'>R.</span> <span class='ocrx_word' id='word_1_283' title='bbox 698 1983 801 2015; x_wconf 81' lang='lat' dir='ltr'>habet</span> <span class='ocrx_word' id='word_1_284' title='bbox 823 1984 953 2023; x_wconf 71' lang='lat' dir='ltr'>deiectu.</span> <span class='ocrx_word' id='word_1_285' title='bbox 999 1983 1088 2014; x_wconf 83' lang='lat' dir='ltr'>Tum</span> <span class='ocrx_word' id='word_1_286' title='bbox 1106 1983 1199 2015; x_wconf 87' lang='lat' dir='ltr'>Leid.</span> <span class='ocrx_word' id='word_1_287' title='bbox 1222 1988 1257 2014; x_wconf 81' lang='lat' dir='ltr'>et</span> <span class='ocrx_word' id='word_1_288' title='bbox 1280 1984 1340 2013; x_wconf 87' lang='lat' dir='ltr'>Be.</span> <span class='ocrx_word' id='word_1_289' title='bbox 1355 1982 1552 2021; x_wconf 81' lang='lat' dir='ltr'>frangantur</span> <span class='ocrx_word' id='word_1_290' title='bbox 1563 1985 1645 2022; x_wconf 82' lang='lat' dir='ltr'>pect.</span> <span class='ocrx_word' id='word_1_291' title='bbox 1670 1987 1707 2013; x_wconf 84' lang='lat' dir='ltr'>et</span> 
     </span>
     <span class='ocr_line' id='line_1_33' title="bbox 249 2023 1708 2066; baseline 0 -12"><span class='ocrx_word' id='word_1_292' title='bbox 249 2023 333 2054; x_wconf 71' lang='lat' dir='ltr'>alius</span> <span class='ocrx_word' id='word_1_293' title='bbox 348 2024 615 2064; x_wconf 58' lang='lat' dir='ltr'>striganum—22</span> <span class='ocrx_word' id='word_1_294' title='bbox 638 2026 702 2056; x_wconf 91' lang='lat' dir='ltr'>Be.</span> <span class='ocrx_word' id='word_1_295' title='bbox 717 2036 771 2057; x_wconf 82' lang='lat' dir='ltr'>ess.</span> <span class='ocrx_word' id='word_1_296' title='bbox 786 2029 948 2058; x_wconf 58' lang='lat' dir='ltr'>mem—23</span> <span class='ocrx_word' id='word_1_297' title='bbox 975 2027 1046 2058; x_wconf 68' lang='lat' dir='ltr'>Toto·</span> <span class='ocrx_word' id='word_1_298' title='bbox 1072 2036 1115 2057; x_wconf 85' lang='lat' dir='ltr'>ex</span> <span class='ocrx_word' id='word_1_299' title='bbox 1139 2026 1224 2066; x_wconf 84' lang='lat' dir='ltr'>conj.</span> <span class='ocrx_word' id='word_1_300' title='bbox 1242 2024 1426 2066; x_wconf 78' lang='lat' dir='ltr'>Naugerii:</span> <span class='ocrx_word' id='word_1_301' title='bbox 1451 2024 1506 2055; x_wconf 90' lang='lat' dir='ltr'>alii</span> <span class='ocrx_word' id='word_1_302' title='bbox 1522 2034 1597 2056; x_wconf 87' lang='lat' dir='ltr'>cum</span> <span class='ocrx_word' id='word_1_303' title='bbox 1613 2024 1708 2065; x_wconf 50' lang='lat' dir='ltr'>vulg,</span> 
     </span>
    </p>
   </div>
   <div class='ocr_carea' id='block_1_7' title="bbox 251 2143 1706 2317">
    <p class='ocr_par' dir='ltr' id='par_1_7' title="bbox 251 2143 1706 2317">
     <span class='ocr_line' id='line_1_34' title="bbox 907 2143 1051 2175; baseline 0.007 -1"><span class='ocrx_word' id='word_1_304' title='bbox 907 2143 938 2174; x_wconf 90' lang='lat' dir='ltr'>N</span> <span class='ocrx_word' id='word_1_305' title='bbox 943 2144 1051 2175; x_wconf 86' lang='lat' dir='ltr'>OTAE</span> 
     </span>
     <span class='ocr_line' id='line_1_35' title="bbox 295 2225 1200 2268; baseline 0.003 -13"><span class='ocrx_word' id='word_1_306' title='bbox 295 2228 335 2255; x_wconf 81' lang='lat'>10</span> <span class='ocrx_word' id='word_1_307' title='bbox 359 2225 609 2266; x_wconf 79' lang='lat' dir='ltr'>Automedontis]</span> <span class='ocrx_word' id='word_1_308' title='bbox 650 2226 793 2258; x_wconf 85' lang='lat' dir='ltr'>Achillis</span> <span class='ocrx_word' id='word_1_309' title='bbox 810 2229 949 2268; x_wconf 81' lang='lat' dir='ltr'>auriga3</span> <span class='ocrx_word' id='word_1_310' title='bbox 1006 2229 1200 2268; x_wconf 84' lang='lat' dir='ltr'>quaesierat.</span> 
     </span>
     <span class='ocr_line' id='line_1_36' title="bbox 251 2274 1706 2317; baseline 0.002 -14"><span class='ocrx_word' id='word_1_311' title='bbox 251 2274 344 2314; x_wconf 78' lang='lat' dir='ltr'>eujus</span> <span class='ocrx_word' id='word_1_312' title='bbox 361 2275 516 2314; x_wconf 85' lang='lat' dir='ltr'>exemplo</span> <span class='ocrx_word' id='word_1_313' title='bbox 538 2276 762 2307; x_wconf 83' lang='lat' dir='ltr'>constantiam</span> <span class='ocrx_word' id='word_1_314' title='bbox 779 2277 887 2307; x_wconf 84' lang='lat' dir='ltr'>amico</span> <span class='ocrx_word' id='word_1_315' title='bbox 901 2277 950 2306; x_wconf 87' lang='lat' dir='ltr'>in-</span> <span class='ocrx_word' id='word_1_316' title='bbox 1049 2281 1087 2308; x_wconf 89' lang='lat'>15</span> <span class='ocrx_word' id='word_1_317' title='bbox 1115 2277 1182 2316; x_wconf 84' lang='lat' dir='ltr'>Nil,</span> <span class='ocrx_word' id='word_1_318' title='bbox 1197 2276 1274 2316; x_wconf 78' lang='lat' dir='ltr'>nisi]</span> <span class='ocrx_word' id='word_1_319' title='bbox 1291 2276 1475 2306; x_wconf 82' lang='lat' dir='ltr'>Verissima</span> <span class='ocrx_word' id='word_1_320' title='bbox 1492 2279 1595 2317; x_wconf 82' lang='lat' dir='ltr'>atque</span> <span class='ocrx_word' id='word_1_321' title='bbox 1613 2274 1706 2316; x_wconf 85' lang='lat' dir='ltr'>inge-</span> 
     </span>
    </p>
   </div>
   <div class='ocr_carea' id='block_1_8' title="bbox 249 2323 1707 2364">
    <p class='ocr_par' dir='ltr' id='par_1_8' title="bbox 249 2323 1707 2364">
     <span class='ocr_line' id='line_1_37' title="bbox 249 2323 1707 2364; baseline 0.001 -11"><span class='ocrx_word' id='word_1_322' title='bbox 249 2323 497 2354; x_wconf 69' lang='lat' dir='ltr'>culcatPoiita.</span> <span class='ocrx_word' id='word_1_323' title='bbox 1005 2326 1190 2356; x_wconf 77' lang='lat' dir='ltr'>niosissima</span> <span class='ocrx_word' id='word_1_324' title='bbox 1228 2324 1356 2355; x_wconf 84' lang='lat' dir='ltr'>ratione</span> <span class='ocrx_word' id='word_1_325' title='bbox 1390 2324 1523 2361; x_wconf 68' lang='lat' dir='ltr'>utitur-3</span> <span class='ocrx_word' id='word_1_326' title='bbox 1571 2333 1613 2354; x_wconf 84' lang='lat' dir='ltr'>ex</span> <span class='ocrx_word' id='word_1_327' title='bbox 1643 2334 1707 2364; x_wconf 84' lang='lat' dir='ltr'>qna</span> 
     </span>
    </p>
   </div>
   <div class='ocr_carea' id='block_1_9' title="bbox 252 2373 957 2771">
    <p class='ocr_par' dir='ltr' id='par_1_9' title="bbox 252 2373 953 2456">
     <span class='ocr_line' id='line_1_38' title="bbox 315 2373 953 2416; baseline 0.005 -13"><span class='ocrx_word' id='word_1_328' title='bbox 315 2376 332 2404; x_wconf 92' lang='lat' dir='ltr'>l</span> <span class='ocrx_word' id='word_1_329' title='bbox 360 2373 512 2414; x_wconf 73' lang='lat' dir='ltr'>Excepit]</span> <span class='ocrx_word' id='word_1_330' title='bbox 551 2373 741 2405; x_wconf 85' lang='lat' dir='ltr'>Sanaudum</span> <span class='ocrx_word' id='word_1_331' title='bbox 773 2379 877 2416; x_wconf 84' lang='lat' dir='ltr'>atque</span> <span class='ocrx_word' id='word_1_332' title='bbox 894 2385 953 2406; x_wconf 91' lang='lat' dir='ltr'>cu-</span> 
     </span>
     <span class='ocr_line' id='line_1_39' title="bbox 252 2422 555 2456; baseline 0.01 -4"><span class='ocrx_word' id='word_1_333' title='bbox 252 2422 394 2453; x_wconf 82' lang='lat' dir='ltr'>randum</span> <span class='ocrx_word' id='word_1_334' title='bbox 410 2423 555 2456; x_wconf 80' lang='lat' dir='ltr'>admisit.</span> 
     </span>
    </p>

    <p class='ocr_par' dir='ltr' id='par_1_10' title="bbox 252 2472 955 2656">
     <span class='ocr_line' id='line_1_40' title="bbox 295 2472 952 2516; baseline 0.008 -14"><span class='ocrx_word' id='word_1_335' title='bbox 295 2472 492 2514; x_wconf 76' lang='lat' dir='ltr'>Podalirius]</span> <span class='ocrx_word' id='word_1_336' title='bbox 508 2473 690 2515; x_wconf 81' lang='lat' dir='ltr'>AEsculapii</span> <span class='ocrx_word' id='word_1_337' title='bbox 700 2474 800 2515; x_wconf 86' lang='lat' dir='ltr'>filius,</span> <span class='ocrx_word' id='word_1_338' title='bbox 811 2475 952 2516; x_wconf 85' lang='lat' dir='ltr'>quicum</span> 
     </span>
     <span class='ocr_line' id='line_1_41' title="bbox 252 2522 953 2567; baseline 0.004 -14"><span class='ocrx_word' id='word_1_339' title='bbox 252 2522 442 2554; x_wconf 82' lang='lat' dir='ltr'>Machaone</span> <span class='ocrx_word' id='word_1_340' title='bbox 460 2523 567 2555; x_wconf 83' lang='lat' dir='ltr'>fratre</span> <span class='ocrx_word' id='word_1_341' title='bbox 590 2525 632 2555; x_wconf 89' lang='lat' dir='ltr'>ad</span> <span class='ocrx_word' id='word_1_342' title='bbox 655 2526 791 2567; x_wconf 82' lang='lat' dir='ltr'>Trojam</span> <span class='ocrx_word' id='word_1_343' title='bbox 815 2527 953 2558; x_wconf 85' lang='lat' dir='ltr'>multam</span> 
     </span>
     <span class='ocr_line' id='line_1_42' title="bbox 254 2573 955 2612; baseline 0.004 -9"><span class='ocrx_word' id='word_1_344' title='bbox 254 2573 394 2612; x_wconf 83' lang='lat' dir='ltr'>gloriam</span> <span class='ocrx_word' id='word_1_345' title='bbox 425 2574 514 2605; x_wconf 76' lang='lat' dir='ltr'>inter</span> <span class='ocrx_word' id='word_1_346' title='bbox 543 2575 685 2607; x_wconf 83' lang='lat' dir='ltr'>Graecos</span> <span class='ocrx_word' id='word_1_347' title='bbox 720 2582 795 2607; x_wconf 82' lang='lat' dir='ltr'>arte</span> <span class='ocrx_word' id='word_1_348' title='bbox 825 2576 955 2608; x_wconf 86' lang='lat' dir='ltr'>medica</span> 
     </span>
     <span class='ocr_line' id='line_1_43' title="bbox 257 2628 541 2656; baseline 0.011 -3"><span class='ocrx_word' id='word_1_349' title='bbox 257 2628 460 2655; x_wconf 81' lang='lat' dir='ltr'>consecutus</span> <span class='ocrx_word' id='word_1_350' title='bbox 478 2630 541 2656; x_wconf 83' lang='lat' dir='ltr'>est.</span> 
     </span>
    </p>

    <p class='ocr_par' dir='ltr' id='par_1_11' title="bbox 256 2673 957 2771">
     <span class='ocr_line' id='line_1_44' title="bbox 301 2673 956 2717; baseline 0.005 -14"><span class='ocrx_word' id='word_1_351' title='bbox 301 2676 340 2704; x_wconf 82' lang='grc'>14</span> <span class='ocrx_word' id='word_1_352' title='bbox 363 2673 446 2713; x_wconf 80' lang='lat' dir='ltr'>Ara]</span> <span class='ocrx_word' id='word_1_353' title='bbox 477 2676 529 2707; x_wconf 85' lang='lat' dir='ltr'>De</span> <span class='ocrx_word' id='word_1_354' title='bbox 553 2675 662 2708; x_wconf 84' lang='lat' dir='ltr'>amico</span> <span class='ocrx_word' id='word_1_355' title='bbox 682 2676 844 2717; x_wconf 78' lang='lat' dir='ltr'>loquitur,</span> <span class='ocrx_word' id='word_1_356' title='bbox 865 2675 956 2717; x_wconf 87' lang='lat' dir='ltr'>apud</span> 
     </span>
     <span class='ocr_line' id='line_1_45' title="bbox 256 2726 957 2771; baseline 0.007 -18"><span class='ocrx_word' id='word_1_357' title='bbox 256 2731 356 2764; x_wconf 85' lang='lat' dir='ltr'>quem</span> <span class='ocrx_word' id='word_1_358' title='bbox 382 2726 579 2765; x_wconf 75' lang='lat' dir='ltr'>praesidium</span> <span class='ocrx_word' id='word_1_359' title='bbox 606 2731 764 2771; x_wconf 77' lang='lat' dir='ltr'>tanquam</span> <span class='ocrx_word' id='word_1_360' title='bbox 793 2727 836 2760; x_wconf 84' lang='lat' dir='ltr'>ad</span> <span class='ocrx_word' id='word_1_361' title='bbox 866 2735 957 2759; x_wconf 75' lang='lat' dir='ltr'>aram</span> 
     </span>
    </p>
   </div>
   <div class='ocr_carea' id='block_1_10' title="bbox 1004 2374 1708 2759">
    <p class='ocr_par' dir='ltr' id='par_1_12' title="bbox 1004 2374 1708 2563">
     <span class='ocr_line' id='line_1_46' title="bbox 1005 2374 1707 2415; baseline -0.003 -9"><span class='ocrx_word' id='word_1_362' title='bbox 1005 2377 1149 2406; x_wconf 83' lang='lat' dir='ltr'>maxime</span> <span class='ocrx_word' id='word_1_363' title='bbox 1165 2375 1281 2415; x_wconf 88' lang='lat' dir='ltr'>quanti</span> <span class='ocrx_word' id='word_1_364' title='bbox 1298 2374 1341 2405; x_wconf 87' lang='lat' dir='ltr'>sit</span> <span class='ocrx_word' id='word_1_365' title='bbox 1357 2374 1439 2404; x_wconf 89' lang='lat' dir='ltr'>illud</span> <span class='ocrx_word' id='word_1_366' title='bbox 1452 2374 1564 2405; x_wconf 88' lang='lat' dir='ltr'>Flacci</span> <span class='ocrx_word' id='word_1_367' title='bbox 1576 2378 1707 2414; x_wconf 82' lang='lat' dir='ltr'>pateat,</span> 
     </span>
     <span class='ocr_line' id='line_1_47' title="bbox 1004 2422 1707 2464; baseline -0.003 -9"><span class='ocrx_word' id='word_1_368' title='bbox 1004 2426 1013 2442; x_wconf 93' lang='lat'>‘</span> <span class='ocrx_word' id='word_1_369' title='bbox 1030 2426 1174 2458; x_wconf 70' lang='lat' dir='ltr'>Qualem</span> <span class='ocrx_word' id='word_1_370' title='bbox 1213 2422 1427 2454; x_wconf 81' lang='lat' dir='ltr'>commendes</span> <span class='ocrx_word' id='word_1_371' title='bbox 1464 2423 1567 2454; x_wconf 86' lang='lat' dir='ltr'>ctiam</span> <span class='ocrx_word' id='word_1_372' title='bbox 1605 2428 1707 2464; x_wconf 76' lang='lat' dir='ltr'>atque</span> 
     </span>
     <span class='ocr_line' id='line_1_48' title="bbox 1007 2472 1708 2513; baseline -0.001 -8"><span class='ocrx_word' id='word_1_373' title='bbox 1007 2474 1110 2505; x_wconf 83' lang='lat' dir='ltr'>etiam</span> <span class='ocrx_word' id='word_1_374' title='bbox 1123 2474 1247 2513; x_wconf 75' lang='lat' dir='ltr'>aspice,</span> <span class='ocrx_word' id='word_1_375' title='bbox 1260 2482 1302 2504; x_wconf 86' lang='lat' dir='ltr'>ne</span> <span class='ocrx_word' id='word_1_376' title='bbox 1316 2482 1392 2503; x_wconf 87' lang='lat' dir='ltr'>mox</span> <span class='ocrx_word' id='word_1_377' title='bbox 1407 2472 1582 2504; x_wconf 75' lang='lat' dir='ltr'>Incutiant</span> <span class='ocrx_word' id='word_1_378' title='bbox 1597 2474 1708 2504; x_wconf 79' lang='lat' dir='ltr'>alicua</span> 
     </span>
     <span class='ocr_line' id='line_1_49' title="bbox 1010 2523 1437 2563; baseline -0.002 -8"><span class='ocrx_word' id='word_1_379' title='bbox 1010 2524 1073 2556; x_wconf 84' lang='lat' dir='ltr'>tibi</span> <span class='ocrx_word' id='word_1_380' title='bbox 1091 2529 1235 2563; x_wconf 83' lang='lat' dir='ltr'>peccata</span> <span class='ocrx_word' id='word_1_381' title='bbox 1252 2523 1437 2563; x_wconf 67' lang='lat' dir='ltr'>pudorem!</span> 
     </span>
    </p>

    <p class='ocr_par' dir='ltr' id='par_1_13' title="bbox 1009 2573 1707 2658">
     <span class='ocr_line' id='line_1_50' title="bbox 1054 2573 1707 2614; baseline 0 -9"><span class='ocrx_word' id='word_1_382' title='bbox 1054 2577 1093 2605; x_wconf 81' lang='lat' dir='ltr'>lo</span> <span class='ocrx_word' id='word_1_383' title='bbox 1115 2573 1289 2612; x_wconf 75' lang='lat' dir='ltr'>Judicium]</span> <span class='ocrx_word' id='word_1_384' title='bbox 1330 2574 1416 2604; x_wconf 87' lang='lat' dir='ltr'>Cum</span> <span class='ocrx_word' id='word_1_385' title='bbox 1448 2574 1557 2614; x_wconf 77' lang='lat' dir='ltr'>primo</span> <span class='ocrx_word' id='word_1_386' title='bbox 1583 2583 1635 2606; x_wconf 89' lang='lat' dir='ltr'>me</span> <span class='ocrx_word' id='word_1_387' title='bbox 1664 2574 1707 2605; x_wconf 82' lang='lat' dir='ltr'>ab</span> 
     </span>
     <span class='ocr_line' id='line_1_51' title="bbox 1009 2624 1516 2658; baseline -0.002 0"><span class='ocrx_word' id='word_1_388' title='bbox 1009 2626 1299 2658; x_wconf 80' lang='lat' dir='ltr'>obtrectatoribus</span> <span class='ocrx_word' id='word_1_389' title='bbox 1316 2624 1516 2657; x_wconf 75' lang='lat' dir='ltr'>defendisti.</span> 
     </span>
    </p>

    <p class='ocr_par' dir='ltr' id='par_1_14' title="bbox 1010 2674 1706 2759">
     <span class='ocr_line' id='line_1_52' title="bbox 1052 2674 1706 2716; baseline -0.005 -7"><span class='ocrx_word' id='word_1_390' title='bbox 1052 2680 1091 2709; x_wconf 76' lang='lat'>21</span> <span class='ocrx_word' id='word_1_391' title='bbox 1116 2675 1340 2716; x_wconf 65' lang='lat' dir='ltr'>Stringantm]</span> <span class='ocrx_word' id='word_1_392' title='bbox 1363 2674 1443 2708; x_wconf 58' lang='lat' dir='ltr'>‘Vel</span> <span class='ocrx_word' id='word_1_393' title='bbox 1459 2676 1627 2709; x_wconf 84' lang='lat' dir='ltr'>levissime</span> <span class='ocrx_word' id='word_1_394' title='bbox 1653 2677 1706 2707; x_wconf 80' lang='lat' dir='ltr'>lae-</span> 
     </span>
     <span class='ocr_line' id='line_1_53' title="bbox 1010 2727 1145 2759; baseline -0.022 0"><span class='ocrx_word' id='word_1_395' title='bbox 1010 2727 1145 2759; x_wconf 77' lang='lat' dir='ltr'>dantur.</span> 
     </span>
    </p>
   </div>
  </div>
 </body>
</html>
