<?xml version="1.0" encoding="UTF-8"?>
<!DOCTYPE html PUBLIC "-//W3C//DTD XHTML 1.0 Transitional//EN"
    "http://www.w3.org/TR/xhtml1/DTD/xhtml1-transitional.dtd">
<html xmlns="http://www.w3.org/1999/xhtml" xml:lang="en" lang="en">
 <head>
  <title>
</title>
<meta http-equiv="Content-Type" content="text/html;charset=utf-8" />
  <meta name='ocr-system' content='tesseract 3.04.00' />
  <meta name='ocr-capabilities' content='ocr_page ocr_carea ocr_par ocr_line ocrx_word'/>
</head>
<body>
  <div class='ocr_page' id='page_1' title='image "./operaomniaexedit05oviduoft/operaomniaexedit05oviduoft_0490.png"; bbox 0 0 1877 3193; ppageno 0'>
   <div class='ocr_carea' id='block_1_1' title="bbox 205 149 1169 193">
    <p class='ocr_par' dir='ltr' id='par_1_1' title="bbox 205 149 1169 193">
     <span class='ocr_line' id='line_1_1' title="bbox 205 149 1169 193; baseline 0 -1"><span class='ocrx_word' id='word_1_1' title='bbox 205 149 319 192; x_wconf 75' lang='lat'>2688</span> <span class='ocrx_word' id='word_1_2' title='bbox 691 162 730 193; x_wconf 86' lang='lat' dir='ltr'>P.</span> <span class='ocrx_word' id='word_1_3' title='bbox 761 161 920 192; x_wconf 80' lang='lat' dir='ltr'>ovum</span> <span class='ocrx_word' id='word_1_4' title='bbox 953 161 1169 192; x_wconf 72' lang='lat' dir='ltr'>NAsoms</span> 
     </span>
    </p>
   </div>
   <div class='ocr_carea' id='block_1_2' title="bbox 204 255 1666 1188">
    <p class='ocr_par' dir='ltr' id='par_1_2' title="bbox 204 255 1666 1188">
     <span class='ocr_line' id='line_1_2' title="bbox 206 255 1246 311; baseline 0.003 -15"><span class='ocrx_word' id='word_1_5' title='bbox 206 255 309 297; x_wconf 89' lang='lat' dir='ltr'>Sive</span> <span class='ocrx_word' id='word_1_6' title='bbox 328 255 390 299; x_wconf 86' lang='lat' dir='ltr'>fui</span> <span class='ocrx_word' id='word_1_7' title='bbox 409 268 628 311; x_wconf 83' lang='lat' dir='ltr'>nunquam</span> <span class='ocrx_word' id='word_1_8' title='bbox 648 268 792 307; x_wconf 78' lang='lat' dir='ltr'>carUS,</span> <span class='ocrx_word' id='word_1_9' title='bbox 814 256 1048 298; x_wconf 79' lang='lat' dir='ltr'>simulasse</span> <span class='ocrx_word' id='word_1_10' title='bbox 1067 257 1218 299; x_wconf 82' lang='lat' dir='ltr'>fateris</span> <span class='ocrx_word' id='word_1_11' title='bbox 1236 271 1246 299; x_wconf 76' lang='grc' dir='ltr'>ε</span> 
     </span>
     <span class='ocr_line' id='line_1_3' title="bbox 264 323 1663 378; baseline 0.002 -13"><span class='ocrx_word' id='word_1_12' title='bbox 264 323 354 365; x_wconf 92' lang='lat' dir='ltr'>Seu</span> <span class='ocrx_word' id='word_1_13' title='bbox 372 337 455 365; x_wconf 90' lang='lat' dir='ltr'>non</span> <span class='ocrx_word' id='word_1_14' title='bbox 475 324 690 378; x_wconf 84' lang='lat' dir='ltr'>fingebas,</span> <span class='ocrx_word' id='word_1_15' title='bbox 710 324 934 367; x_wconf 78' lang='lat' dir='ltr'><strong>inveniere</strong></span> <span class='ocrx_word' id='word_1_16' title='bbox 950 325 1074 366; x_wconf 81' lang='lat' dir='ltr'>levis.</span> <span class='ocrx_word' id='word_1_17' title='bbox 1606 326 1663 368; x_wconf 74' lang='lat'>20</span> 
     </span>
     <span class='ocr_line' id='line_1_4' title="bbox 206 391 1367 447; baseline 0.002 -15"><span class='ocrx_word' id='word_1_18' title='bbox 206 391 308 443; x_wconf 83' lang='lat' dir='ltr'>Dic,</span> <span class='ocrx_word' id='word_1_19' title='bbox 331 405 426 445; x_wconf 83' lang='lat' dir='ltr'>age,</span> <span class='ocrx_word' id='word_1_20' title='bbox 446 392 517 433; x_wconf 87' lang='lat' dir='ltr'>dic</span> <span class='ocrx_word' id='word_1_21' title='bbox 539 392 749 447; x_wconf 81' lang='lat' dir='ltr'><strong>aliquam,</strong></span> <span class='ocrx_word' id='word_1_22' title='bbox 771 406 871 447; x_wconf 85' lang='lat' dir='ltr'>quae</span> <span class='ocrx_word' id='word_1_23' title='bbox 893 396 936 434; x_wconf 88' lang='lat' dir='ltr'>te</span> <span class='ocrx_word' id='word_1_24' title='bbox 956 393 1207 443; x_wconf 83' lang='lat' dir='ltr'>mutaverit,</span> <span class='ocrx_word' id='word_1_25' title='bbox 1228 393 1367 436; x_wconf 84' lang='lat' dir='ltr'>iram:</span> 
     </span>
     <span class='ocr_line' id='line_1_5' title="bbox 262 458 1376 515; baseline 0.002 -15"><span class='ocrx_word' id='word_1_26' title='bbox 262 458 379 500; x_wconf 80' lang='lat' dir='ltr'>Nam</span> <span class='ocrx_word' id='word_1_27' title='bbox 399 460 484 501; x_wconf 90' lang='lat' dir='ltr'>nisi</span> <span class='ocrx_word' id='word_1_28' title='bbox 501 459 623 514; x_wconf 83' lang='lat' dir='ltr'>justa</span> <span class='ocrx_word' id='word_1_29' title='bbox 641 468 719 502; x_wconf 82' lang='lat' dir='ltr'>tua</span> <span class='ocrx_word' id='word_1_30' title='bbox 737 464 817 510; x_wconf 86' lang='lat' dir='ltr'>est,</span> <span class='ocrx_word' id='word_1_31' title='bbox 835 461 959 514; x_wconf 78' lang='lat' dir='ltr'>justa</span> <span class='ocrx_word' id='word_1_32' title='bbox 980 461 1159 515; x_wconf 82' lang='lat' dir='ltr'>querela</span> <span class='ocrx_word' id='word_1_33' title='bbox 1178 474 1276 502; x_wconf 85' lang='lat' dir='ltr'>mea</span> <span class='ocrx_word' id='word_1_34' title='bbox 1295 464 1376 503; x_wconf 83' lang='lat' dir='ltr'>est.</span> 
     </span>
     <span class='ocr_line' id='line_1_6' title="bbox 206 525 1348 583; baseline 0.002 -16"><span class='ocrx_word' id='word_1_35' title='bbox 206 525 321 577; x_wconf 72' lang='lat' dir='ltr'>Quae</span> <span class='ocrx_word' id='word_1_36' title='bbox 342 531 384 568; x_wconf 90' lang='lat' dir='ltr'>te</span> <span class='ocrx_word' id='word_1_37' title='bbox 405 528 675 569; x_wconf 86' lang='lat' dir='ltr'><strong>consimilem</strong></span> <span class='ocrx_word' id='word_1_38' title='bbox 693 541 764 570; x_wconf 89' lang='lat' dir='ltr'>res</span> <span class='ocrx_word' id='word_1_39' title='bbox 781 542 898 570; x_wconf 86' lang='lat' dir='ltr'>nunc</span> <span class='ocrx_word' id='word_1_40' title='bbox 919 532 1041 571; x_wconf 83' lang='lat' dir='ltr'><strong>vetat</strong></span> <span class='ocrx_word' id='word_1_41' title='bbox 1059 541 1158 570; x_wconf 87' lang='lat' dir='ltr'>esse</span> <span class='ocrx_word' id='word_1_42' title='bbox 1179 529 1314 583; x_wconf 85' lang='lat' dir='ltr'>priori</span> <span class='ocrx_word' id='word_1_43' title='bbox 1328 529 1348 569; x_wconf 68' lang='grc' dir='ltr'>’ἰ</span> 
     </span>
     <span class='ocr_line' id='line_1_7' title="bbox 261 593 1289 650; baseline 0.002 -15"><span class='ocrx_word' id='word_1_44' title='bbox 261 593 332 635; x_wconf 89' lang='lat' dir='ltr'>An</span> <span class='ocrx_word' id='word_1_45' title='bbox 354 596 532 645; x_wconf 82' lang='lat' dir='ltr'><strong>crimen,</strong></span> <span class='ocrx_word' id='word_1_46' title='bbox 555 597 675 650; x_wconf 86' lang='lat' dir='ltr'>coepi</span> <span class='ocrx_word' id='word_1_47' title='bbox 695 596 814 649; x_wconf 86' lang='lat' dir='ltr'>quod</span> <span class='ocrx_word' id='word_1_48' title='bbox 832 597 964 636; x_wconf 85' lang='lat' dir='ltr'>miser</span> <span class='ocrx_word' id='word_1_49' title='bbox 985 609 1098 646; x_wconf 86' lang='lat' dir='ltr'>esse,</span> <span class='ocrx_word' id='word_1_50' title='bbox 1120 598 1289 637; x_wconf 71' lang='lat' dir='ltr'>vocas?</span> 
     </span>
     <span class='ocr_line' id='line_1_8' title="bbox 205 661 1666 716; baseline 0 -13"><span class='ocrx_word' id='word_1_51' title='bbox 205 662 253 703; x_wconf 87' lang='lat' dir='ltr'>Si</span> <span class='ocrx_word' id='word_1_52' title='bbox 274 663 377 703; x_wconf 88' lang='lat' dir='ltr'>mihi</span> <span class='ocrx_word' id='word_1_53' title='bbox 397 664 530 703; x_wconf 89' lang='lat' dir='ltr'>rebus</span> <span class='ocrx_word' id='word_1_54' title='bbox 550 677 680 716; x_wconf 86' lang='lat' dir='ltr'>opem</span> <span class='ocrx_word' id='word_1_55' title='bbox 698 663 862 703; x_wconf 80' lang='lat' dir='ltr'>nullam</span> <span class='ocrx_word' id='word_1_56' title='bbox 883 663 1098 716; x_wconf 79' lang='lat' dir='ltr'>factisque</span> <span class='ocrx_word' id='word_1_57' title='bbox 1119 665 1316 715; x_wconf 84' lang='lat' dir='ltr'>ferebas;</span> <span class='ocrx_word' id='word_1_58' title='bbox 1609 661 1666 703; x_wconf 73' lang='lat'>25</span> 
     </span>
     <span class='ocr_line' id='line_1_9' title="bbox 261 729 1149 771; baseline 0.001 -1"><span class='ocrx_word' id='word_1_59' title='bbox 261 729 467 770; x_wconf 81' lang='lat' dir='ltr'><strong>Venisset</strong></span> <span class='ocrx_word' id='word_1_60' title='bbox 486 731 631 771; x_wconf 81' lang='lat' dir='ltr'>verbis</span> <span class='ocrx_word' id='word_1_61' title='bbox 654 730 806 770; x_wconf 79' lang='lat' dir='ltr'>charta</span> <span class='ocrx_word' id='word_1_62' title='bbox 826 732 977 769; x_wconf 84' lang='lat' dir='ltr'>notata</span> <span class='ocrx_word' id='word_1_63' title='bbox 997 730 1149 771; x_wconf 86' lang='lat' dir='ltr'>tribus.</span> 
     </span>
     <span class='ocr_line' id='line_1_10' title="bbox 204 796 1264 852; baseline -0.001 -14"><span class='ocrx_word' id='word_1_64' title='bbox 204 797 299 839; x_wconf 87' lang='lat' dir='ltr'>Vix</span> <span class='ocrx_word' id='word_1_65' title='bbox 320 798 525 852; x_wconf 86' lang='lat' dir='ltr'>equidem</span> <span class='ocrx_word' id='word_1_66' title='bbox 547 797 690 846; x_wconf 86' lang='lat' dir='ltr'>credo,</span> <span class='ocrx_word' id='word_1_67' title='bbox 713 796 791 837; x_wconf 88' lang='lat' dir='ltr'>sed</span> <span class='ocrx_word' id='word_1_68' title='bbox 810 801 854 837; x_wconf 87' lang='lat' dir='ltr'>et</span> <span class='ocrx_word' id='word_1_69' title='bbox 873 797 1083 838; x_wconf 84' lang='lat' dir='ltr'>insultare</span> <span class='ocrx_word' id='word_1_70' title='bbox 1096 797 1264 851; x_wconf 82' lang='lat' dir='ltr'>jacenti</span> 
     </span>
     <span class='ocr_line' id='line_1_11' title="bbox 261 863 1266 917; baseline -0.001 -12"><span class='ocrx_word' id='word_1_71' title='bbox 261 865 327 905; x_wconf 87' lang='lat' dir='ltr'>Te</span> <span class='ocrx_word' id='word_1_72' title='bbox 347 866 466 915; x_wconf 92' lang='lat' dir='ltr'>mihi,</span> <span class='ocrx_word' id='word_1_73' title='bbox 487 878 566 906; x_wconf 80' lang='lat' dir='ltr'>nec</span> <span class='ocrx_word' id='word_1_74' title='bbox 586 865 730 905; x_wconf 87' lang='lat' dir='ltr'>verbis</span> <span class='ocrx_word' id='word_1_75' title='bbox 747 877 943 917; x_wconf 81' lang='lat' dir='ltr'><strong>parcere,</strong></span> <span class='ocrx_word' id='word_1_76' title='bbox 968 864 1108 905; x_wconf 80' lang='lat' dir='ltr'>Fama</span> <span class='ocrx_word' id='word_1_77' title='bbox 1127 863 1266 904; x_wconf 83' lang='lat' dir='ltr'><strong>refert.</strong></span> 
     </span>
     <span class='ocr_line' id='line_1_12' title="bbox 205 929 1395 982; baseline 0.001 -11"><span class='ocrx_word' id='word_1_78' title='bbox 205 931 327 981; x_wconf 82' lang='lat' dir='ltr'>Quid</span> <span class='ocrx_word' id='word_1_79' title='bbox 349 932 475 982; x_wconf 79' lang='lat' dir='ltr'>facis,</span> <span class='ocrx_word' id='word_1_80' title='bbox 498 933 550 973; x_wconf 81' lang='lat' dir='ltr'>ah</span> <span class='ocrx_word' id='word_1_81' title='bbox 572 933 780 973; x_wconf 79' lang='lat' dir='ltr'>demens‘l</span> <span class='ocrx_word' id='word_1_82' title='bbox 814 945 905 981; x_wconf 87' lang='lat' dir='ltr'>cur,</span> <span class='ocrx_word' id='word_1_83' title='bbox 927 933 966 972; x_wconf 93' lang='lat' dir='ltr'>si</span> <span class='ocrx_word' id='word_1_84' title='bbox 989 932 1186 973; x_wconf 81' lang='lat' dir='ltr'><strong>Fortuna</strong></span> <span class='ocrx_word' id='word_1_85' title='bbox 1204 929 1395 981; x_wconf 84' lang='lat' dir='ltr'><strong>recedat,</strong></span> 
     </span>
     <span class='ocr_line' id='line_1_13' title="bbox 262 999 1666 1053; baseline 0 -13"><span class='ocrx_word' id='word_1_86' title='bbox 262 999 503 1053; x_wconf 77' lang='lat' dir='ltr'>Naufragio</span> <span class='ocrx_word' id='word_1_87' title='bbox 521 1000 737 1053; x_wconf 82' lang='lat' dir='ltr'>lacrymas</span> <span class='ocrx_word' id='word_1_88' title='bbox 757 999 889 1053; x_wconf 83' lang='lat' dir='ltr'>eripis</span> <span class='ocrx_word' id='word_1_89' title='bbox 909 999 1006 1053; x_wconf 83' lang='lat' dir='ltr'>ipse</span> <span class='ocrx_word' id='word_1_90' title='bbox 1026 1000 1136 1040; x_wconf 71' lang='lat' dir='ltr'>tuo?</span> <span class='ocrx_word' id='word_1_91' title='bbox 1609 999 1666 1040; x_wconf 84' lang='lat'>30</span> 
     </span>
     <span class='ocr_line' id='line_1_14' title="bbox 205 1065 1435 1120; baseline -0.001 -13"><span class='ocrx_word' id='word_1_92' title='bbox 205 1065 321 1107; x_wconf 78' lang='lat' dir='ltr'>Haec</span> <span class='ocrx_word' id='word_1_93' title='bbox 344 1067 443 1107; x_wconf 82' lang='lat' dir='ltr'>Dea</span> <span class='ocrx_word' id='word_1_94' title='bbox 462 1080 552 1107; x_wconf 88' lang='lat' dir='ltr'>non</span> <span class='ocrx_word' id='word_1_95' title='bbox 572 1067 733 1116; x_wconf 79' lang='lat' dir='ltr'>stabili,</span> <span class='ocrx_word' id='word_1_96' title='bbox 757 1079 887 1120; x_wconf 84' lang='lat' dir='ltr'>quam</span> <span class='ocrx_word' id='word_1_97' title='bbox 908 1066 965 1108; x_wconf 87' lang='lat' dir='ltr'>sit</span> <span class='ocrx_word' id='word_1_98' title='bbox 985 1067 1110 1117; x_wconf 88' lang='lat' dir='ltr'>levis,</span> <span class='ocrx_word' id='word_1_99' title='bbox 1134 1066 1239 1107; x_wconf 92' lang='lat' dir='ltr'>orbe</span> <span class='ocrx_word' id='word_1_100' title='bbox 1262 1066 1435 1116; x_wconf 78' lang='lat' dir='ltr'>fatetur,</span> 
     </span>
     <span class='ocr_line' id='line_1_15' title="bbox 263 1133 1390 1188; baseline 0 -14"><span class='ocrx_word' id='word_1_101' title='bbox 263 1133 407 1183; x_wconf 83' lang='lat' dir='ltr'>Quem</span> <span class='ocrx_word' id='word_1_102' title='bbox 427 1148 644 1175; x_wconf 85' lang='lat' dir='ltr'>summum</span> <span class='ocrx_word' id='word_1_103' title='bbox 665 1134 799 1175; x_wconf 88' lang='lat' dir='ltr'>dubio</span> <span class='ocrx_word' id='word_1_104' title='bbox 816 1134 897 1176; x_wconf 82' lang='lat' dir='ltr'>sub</span> <span class='ocrx_word' id='word_1_105' title='bbox 918 1134 1032 1188; x_wconf 84' lang='lat' dir='ltr'><strong>pede</strong></span> <span class='ocrx_word' id='word_1_106' title='bbox 1052 1147 1225 1188; x_wconf 84' lang='lat' dir='ltr'><strong>semper</strong></span> <span class='ocrx_word' id='word_1_107' title='bbox 1244 1133 1390 1175; x_wconf 80' lang='lat' dir='ltr'><strong>habet.</strong></span> 
     </span>
    </p>
   </div>
   <div class='ocr_carea' id='block_1_3' title="bbox 204 1263 1669 1643">
    <p class='ocr_par' dir='ltr' id='par_1_3' title="bbox 204 1263 1669 1643">
     <span class='ocr_line' id='line_1_16' title="bbox 206 1263 1667 1305; baseline 0.002 -12"><span class='ocrx_word' id='word_1_108' title='bbox 206 1273 263 1304; x_wconf 84' lang='lat' dir='ltr'>quo</span> <span class='ocrx_word' id='word_1_109' title='bbox 278 1264 455 1303; x_wconf 76' lang='lat' dir='ltr'>percontari</span> <span class='ocrx_word' id='word_1_110' title='bbox 470 1265 555 1294; x_wconf 82' lang='lat' dir='ltr'>nullu</span> <span class='ocrx_word' id='word_1_111' title='bbox 569 1263 637 1302; x_wconf 80' lang='lat' dir='ltr'>fuit</span> <span class='ocrx_word' id='word_1_112' title='bbox 663 1264 720 1295; x_wconf 75' lang='lat' dir='ltr'>tibi</span> <span class='ocrx_word' id='word_1_113' title='bbox 736 1265 908 1296; x_wconf 77' lang='lat' dir='ltr'>solicitudo.</span> <span class='ocrx_word' id='word_1_114' title='bbox 953 1265 1016 1296; x_wconf 80' lang='lat' dir='ltr'>Seu</span> <span class='ocrx_word' id='word_1_115' title='bbox 1037 1275 1188 1305; x_wconf 81' lang='lat' dir='ltr'>nunquam</span> <span class='ocrx_word' id='word_1_116' title='bbox 1204 1265 1264 1296; x_wconf 79' lang='lat' dir='ltr'>tibi</span> <span class='ocrx_word' id='word_1_117' title='bbox 1280 1264 1349 1303; x_wconf 86' lang='lat' dir='ltr'>fuit</span> <span class='ocrx_word' id='word_1_118' title='bbox 1367 1265 1507 1304; x_wconf 62' lang='lat' dir='ltr'>dilectam,</span> <span class='ocrx_word' id='word_1_119' title='bbox 1523 1264 1667 1304; x_wconf 74' lang='lat' dir='ltr'>agnoscis</span> 
     </span>
     <span class='ocr_line' id='line_1_17' title="bbox 207 1306 1669 1348; baseline 0.001 -11"><span class='ocrx_word' id='word_1_120' title='bbox 207 1306 408 1347; x_wconf 72' lang='lat' dir='ltr'>tefinxisse;</span> <span class='ocrx_word' id='word_1_121' title='bbox 429 1316 481 1336; x_wconf 81' lang='lat' dir='ltr'>seu</span> <span class='ocrx_word' id='word_1_122' title='bbox 496 1307 719 1348; x_wconf 78' lang='lat' dir='ltr'>mmfingebas,</span> <span class='ocrx_word' id='word_1_123' title='bbox 733 1307 975 1347; x_wconf 76' lang='lat' dir='ltr'>comprobaberis</span> <span class='ocrx_word' id='word_1_124' title='bbox 999 1308 1184 1337; x_wconf 79' lang='lat' dir='ltr'>inconstans.</span> <span class='ocrx_word' id='word_1_125' title='bbox 1232 1308 1294 1337; x_wconf 78' lang='lat' dir='ltr'>Eia</span> <span class='ocrx_word' id='word_1_126' title='bbox 1310 1317 1368 1345; x_wconf 78' lang='lat' dir='ltr'>age</span> <span class='ocrx_word' id='word_1_127' title='bbox 1383 1319 1394 1344; x_wconf 88' lang='lat'><em>;</em></span> <span class='ocrx_word' id='word_1_128' title='bbox 1417 1308 1521 1338; x_wconf 74' lang='lat' dir='ltr'>indica</span> <span class='ocrx_word' id='word_1_129' title='bbox 1535 1308 1669 1347; x_wconf 80' lang='lat' dir='ltr'>aliquem</span> 
     </span>
     <span class='ocr_line' id='line_1_18' title="bbox 204 1349 1668 1389; baseline 0.001 -10"><span class='ocrx_word' id='word_1_130' title='bbox 204 1349 339 1380; x_wconf 77' lang='lat' dir='ltr'>dolorem</span> <span class='ocrx_word' id='word_1_131' title='bbox 355 1349 453 1389; x_wconf 83' lang='lat' dir='ltr'>quite</span> <span class='ocrx_word' id='word_1_132' title='bbox 479 1349 711 1380; x_wconf 74' lang='lat' dir='ltr'>immutaverit:</span> <span class='ocrx_word' id='word_1_133' title='bbox 733 1359 805 1380; x_wconf 82' lang='lat' dir='ltr'>nam</span> <span class='ocrx_word' id='word_1_134' title='bbox 827 1350 888 1380; x_wconf 83' lang='lat' dir='ltr'>nisi</span> <span class='ocrx_word' id='word_1_135' title='bbox 917 1353 972 1380; x_wconf 84' lang='lat' dir='ltr'>tua</span> <span class='ocrx_word' id='word_1_136' title='bbox 995 1350 1187 1389; x_wconf 83' lang='lat' dir='ltr'>querimonia</span> <span class='ocrx_word' id='word_1_137' title='bbox 1211 1352 1257 1379; x_wconf 76' lang='lat' dir='ltr'>est</span> <span class='ocrx_word' id='word_1_138' title='bbox 1279 1359 1377 1388; x_wconf 64' lang='lat' dir='ltr'>(equa,</span> <span class='ocrx_word' id='word_1_139' title='bbox 1405 1359 1470 1379; x_wconf 80' lang='lat' dir='ltr'>meu</span> <span class='ocrx_word' id='word_1_140' title='bbox 1496 1353 1543 1380; x_wconf 82' lang='lat' dir='ltr'>est</span> <span class='ocrx_word' id='word_1_141' title='bbox 1567 1360 1668 1389; x_wconf 79' lang='lat' dir='ltr'>aequa.</span> 
     </span>
     <span class='ocr_line' id='line_1_19' title="bbox 209 1389 1667 1432; baseline 0 -10"><span class='ocrx_word' id='word_1_142' title='bbox 209 1391 288 1426; x_wconf 79' lang='lat' dir='ltr'>Quae</span> <span class='ocrx_word' id='word_1_143' title='bbox 304 1401 353 1422; x_wconf 82' lang='lat' dir='ltr'>res</span> <span class='ocrx_word' id='word_1_144' title='bbox 366 1391 507 1431; x_wconf 79' lang='lat' dir='ltr'>prohibet</span> <span class='ocrx_word' id='word_1_145' title='bbox 524 1395 553 1422; x_wconf 75' lang='lat' dir='ltr'>te</span> <span class='ocrx_word' id='word_1_146' title='bbox 571 1402 632 1422; x_wconf 85' lang='lat' dir='ltr'>esse</span> <span class='ocrx_word' id='word_1_147' title='bbox 647 1402 726 1422; x_wconf 88' lang='lat' dir='ltr'>nunc</span> <span class='ocrx_word' id='word_1_148' title='bbox 750 1392 937 1422; x_wconf 80' lang='lat' dir='ltr'>consimilem</span> <span class='ocrx_word' id='word_1_149' title='bbox 962 1389 1090 1431; x_wconf 70' lang='lat' dir='ltr'>priori?</span> <span class='ocrx_word' id='word_1_150' title='bbox 1136 1394 1185 1421; x_wconf 82' lang='lat' dir='ltr'>An</span> <span class='ocrx_word' id='word_1_151' title='bbox 1206 1391 1340 1431; x_wconf 77' lang='lat' dir='ltr'>appellus</span> <span class='ocrx_word' id='word_1_152' title='bbox 1355 1392 1480 1429; x_wconf 78' lang='lat' dir='ltr'>crimen,</span> <span class='ocrx_word' id='word_1_153' title='bbox 1495 1393 1575 1431; x_wconf 84' lang='lat' dir='ltr'>quod</span> <span class='ocrx_word' id='word_1_154' title='bbox 1589 1392 1667 1432; x_wconf 81' lang='lat' dir='ltr'>coepi</span> 
     </span>
     <span class='ocr_line' id='line_1_20' title="bbox 206 1431 1668 1472; baseline 0.001 -9"><span class='ocrx_word' id='word_1_155' title='bbox 206 1443 266 1464; x_wconf 81' lang='lat' dir='ltr'>esse</span> <span class='ocrx_word' id='word_1_156' title='bbox 283 1431 421 1471; x_wconf 76' lang='lat' dir='ltr'>infelix?</span> <span class='ocrx_word' id='word_1_157' title='bbox 466 1434 504 1464; x_wconf 82' lang='lat' dir='ltr'>Si</span> <span class='ocrx_word' id='word_1_158' title='bbox 519 1434 634 1464; x_wconf 81' lang='lat' dir='ltr'>nullum</span> <span class='ocrx_word' id='word_1_159' title='bbox 650 1434 803 1464; x_wconf 74' lang='lat' dir='ltr'>auxilium</span> <span class='ocrx_word' id='word_1_160' title='bbox 817 1435 895 1464; x_wconf 80' lang='lat' dir='ltr'>mihi</span> <span class='ocrx_word' id='word_1_161' title='bbox 909 1434 1065 1472; x_wconf 72' lang='lat' dir='ltr'>prsebebas</span> <span class='ocrx_word' id='word_1_162' title='bbox 1079 1434 1170 1464; x_wconf 79' lang='lat' dir='ltr'>rebus</span> <span class='ocrx_word' id='word_1_163' title='bbox 1185 1437 1214 1463; x_wconf 85' lang='lat' dir='ltr'>et</span> <span class='ocrx_word' id='word_1_164' title='bbox 1223 1433 1324 1470; x_wconf 78' lang='lat' dir='ltr'>factis</span> <span class='ocrx_word' id='word_1_165' title='bbox 1335 1444 1346 1469; x_wconf 89' lang='grc'><em>;</em></span> <span class='ocrx_word' id='word_1_166' title='bbox 1369 1434 1478 1464; x_wconf 78' lang='lat' dir='ltr'>charta</span> <span class='ocrx_word' id='word_1_167' title='bbox 1491 1434 1668 1465; x_wconf 79' lang='lat' dir='ltr'>mitteretur</span> 
     </span>
     <span class='ocr_line' id='line_1_21' title="bbox 205 1475 1667 1516; baseline 0.001 -11"><span class='ocrx_word' id='word_1_168' title='bbox 205 1477 331 1515; x_wconf 79' lang='lat' dir='ltr'>signata</span> <span class='ocrx_word' id='word_1_169' title='bbox 347 1475 446 1506; x_wconf 78' lang='lat' dir='ltr'>tribus</span> <span class='ocrx_word' id='word_1_170' title='bbox 460 1475 593 1506; x_wconf 81' lang='lat' dir='ltr'>vocibus.</span> <span class='ocrx_word' id='word_1_171' title='bbox 639 1477 739 1513; x_wconf 78' lang='lat' dir='ltr'>AEgre</span> <span class='ocrx_word' id='word_1_172' title='bbox 755 1477 891 1515; x_wconf 77' lang='lat' dir='ltr'>equidem</span> <span class='ocrx_word' id='word_1_173' title='bbox 905 1476 1005 1516; x_wconf 78' lang='lat' dir='ltr'>fidem</span> <span class='ocrx_word' id='word_1_174' title='bbox 1020 1476 1159 1513; x_wconf 82' lang='lat' dir='ltr'>adhibeo,</span> <span class='ocrx_word' id='word_1_175' title='bbox 1173 1485 1277 1505; x_wconf 73' lang='lat' dir='ltr'>verum</span> <span class='ocrx_word' id='word_1_176' title='bbox 1292 1485 1397 1505; x_wconf 75' lang='lat' dir='ltr'>rumor</span> <span class='ocrx_word' id='word_1_177' title='bbox 1411 1476 1503 1506; x_wconf 80' lang='lat' dir='ltr'>etium</span> <span class='ocrx_word' id='word_1_178' title='bbox 1526 1476 1667 1516; x_wconf 80' lang='lat' dir='ltr'>perhibet</span> 
     </span>
     <span class='ocr_line' id='line_1_22' title="bbox 206 1515 1667 1557; baseline 0.001 -9"><span class='ocrx_word' id='word_1_179' title='bbox 206 1522 237 1548; x_wconf 75' lang='lat' dir='ltr'>te</span> <span class='ocrx_word' id='word_1_180' title='bbox 250 1519 400 1548; x_wconf 73' lang='lat' dir='ltr'>insultare</span> <span class='ocrx_word' id='word_1_181' title='bbox 412 1517 488 1547; x_wconf 83' lang='lat' dir='ltr'>mihi</span> <span class='ocrx_word' id='word_1_182' title='bbox 499 1518 648 1557; x_wconf 72' lang='lat' dir='ltr'>protrito,</span> <span class='ocrx_word' id='word_1_183' title='bbox 664 1527 755 1557; x_wconf 74' lang='lat' dir='ltr'>neque</span> <span class='ocrx_word' id='word_1_184' title='bbox 768 1519 920 1548; x_wconf 67' lang='lat' dir='ltr'>abstinere</span> <span class='ocrx_word' id='word_1_185' title='bbox 936 1518 1039 1548; x_wconf 73' lang='lat' dir='ltr'>dictis.</span> <span class='ocrx_word' id='word_1_186' title='bbox 1066 1518 1151 1551; x_wconf 83' lang='lat' dir='ltr'>Quid</span> <span class='ocrx_word' id='word_1_187' title='bbox 1163 1518 1243 1556; x_wconf 74' lang='lat' dir='ltr'>agis,</span> <span class='ocrx_word' id='word_1_188' title='bbox 1256 1517 1295 1547; x_wconf 85' lang='lat' dir='ltr'>ah</span> <span class='ocrx_word' id='word_1_189' title='bbox 1308 1515 1436 1548; x_wconf 75' lang='lat' dir='ltr'>insane?</span> <span class='ocrx_word' id='word_1_190' title='bbox 1463 1519 1667 1552; x_wconf 78' lang='lat' dir='ltr'>Quamobrem</span> 
     </span>
     <span class='ocr_line' id='line_1_23' title="bbox 204 1559 1668 1600; baseline 0.001 -11"><span class='ocrx_word' id='word_1_191' title='bbox 204 1562 271 1599; x_wconf 80' lang='lat' dir='ltr'>ipse</span> <span class='ocrx_word' id='word_1_192' title='bbox 287 1561 382 1591; x_wconf 78' lang='lat' dir='ltr'>demis</span> <span class='ocrx_word' id='word_1_193' title='bbox 395 1559 495 1600; x_wconf 75' lang='lat' dir='ltr'>fletus</span> <span class='ocrx_word' id='word_1_194' title='bbox 514 1563 576 1591; x_wconf 70' lang='lat' dir='ltr'>tuce</span> <span class='ocrx_word' id='word_1_195' title='bbox 592 1570 749 1600; x_wconf 78' lang='lat' dir='ltr'>‹erumnce,</span> <span class='ocrx_word' id='word_1_196' title='bbox 765 1561 792 1590; x_wconf 72' lang='lat' dir='ltr'>si</span> <span class='ocrx_word' id='word_1_197' title='bbox 809 1560 945 1598; x_wconf 74' lang='lat' dir='ltr'>fortuna</span> <span class='ocrx_word' id='word_1_198' title='bbox 968 1561 1089 1590; x_wconf 67' lang='lat' dir='ltr'>deserat</span> <span class='ocrx_word' id='word_1_199' title='bbox 1105 1564 1139 1590; x_wconf 86' lang='lat' dir='ltr'>te</span> <span class='ocrx_word' id='word_1_200' title='bbox 1154 1560 1164 1589; x_wconf 76' lang='grc' dir='ltr'><strong><em>ἓ</em></strong></span> <span class='ocrx_word' id='word_1_201' title='bbox 1182 1559 1262 1589; x_wconf 72' lang='lat' dir='ltr'>Hoec</span> <span class='ocrx_word' id='word_1_202' title='bbox 1279 1559 1349 1590; x_wconf 86' lang='lat' dir='ltr'>Dea</span> <span class='ocrx_word' id='word_1_203' title='bbox 1364 1560 1505 1598; x_wconf 78' lang='lat' dir='ltr'>agnoscit</span> <span class='ocrx_word' id='word_1_204' title='bbox 1520 1570 1609 1600; x_wconf 83' lang='lat' dir='ltr'>quam</span> <span class='ocrx_word' id='word_1_205' title='bbox 1625 1562 1668 1591; x_wconf 76' lang='lat' dir='ltr'>sit</span> 
     </span>
     <span class='ocr_line' id='line_1_24' title="bbox 207 1602 1668 1643; baseline 0.002 -12"><span class='ocrx_word' id='word_1_206' title='bbox 207 1604 383 1634; x_wconf 78' lang='lat' dir='ltr'>inconstans</span> <span class='ocrx_word' id='word_1_207' title='bbox 400 1602 431 1633; x_wconf 86' lang='lat' dir='ltr'>in</span> <span class='ocrx_word' id='word_1_208' title='bbox 447 1603 516 1634; x_wconf 81' lang='lat' dir='ltr'>orbe</span> <span class='ocrx_word' id='word_1_209' title='bbox 532 1604 659 1639; x_wconf 77' lang='lat' dir='ltr'>incerto,</span> <span class='ocrx_word' id='word_1_210' title='bbox 677 1613 762 1643; x_wconf 69' lang='lat' dir='ltr'>quem</span> <span class='ocrx_word' id='word_1_211' title='bbox 777 1607 948 1634; x_wconf 71' lang='lat' dir='ltr'>extremum</span> <span class='ocrx_word' id='word_1_212' title='bbox 963 1602 1053 1633; x_wconf 78' lang='lat' dir='ltr'><em>habet</em></span> <span class='ocrx_word' id='word_1_213' title='bbox 1068 1612 1185 1643; x_wconf 83' lang='lat' dir='ltr'><strong>semper</strong></span> <span class='ocrx_word' id='word_1_214' title='bbox 1199 1602 1253 1632; x_wconf 83' lang='lat' dir='ltr'>sub</span> <span class='ocrx_word' id='word_1_215' title='bbox 1275 1603 1351 1642; x_wconf 78' lang='lat' dir='ltr'>pede</span> <span class='ocrx_word' id='word_1_216' title='bbox 1371 1603 1441 1634; x_wconf 79' lang='lat' dir='ltr'>levi.</span> <span class='ocrx_word' id='word_1_217' title='bbox 1487 1603 1546 1633; x_wconf 80' lang='lat' dir='ltr'>Est</span> <span class='ocrx_word' id='word_1_218' title='bbox 1572 1603 1668 1634; x_wconf 84' lang='lat' dir='ltr'>levior</span> 
     </span>
    </p>
   </div>
   <div class='ocr_carea' id='block_1_4' title="bbox 820 1686 1052 1698">
    <p class='ocr_par' dir='ltr' id='par_1_4' title="bbox 820 1686 1052 1698">
     <span class='ocr_line' id='line_1_25' title="bbox 820 1686 1052 1698; baseline -0.009 0"><span class='ocrx_word' id='word_1_219' title='bbox 820 1686 1052 1698; x_wconf 48' lang='lat' dir='ltr'>“nomem</span> 
     </span>
    </p>
   </div>
   <div class='ocr_carea' id='block_1_5' title="bbox 207 1741 1670 2169">
    <p class='ocr_par' dir='ltr' id='par_1_5' title="bbox 207 1741 1670 2169">
     <span class='ocr_line' id='line_1_26' title="bbox 208 1741 1670 1784; baseline -0.001 -10"><span class='ocrx_word' id='word_1_220' title='bbox 208 1743 349 1784; x_wconf 82' lang='lat' dir='ltr'>profuit</span> <span class='ocrx_word' id='word_1_221' title='bbox 364 1742 449 1783; x_wconf 77' lang='lat' dir='ltr'>legit</span> <span class='ocrx_word' id='word_1_222' title='bbox 462 1742 565 1779; x_wconf 50' lang='lat' dir='ltr'>subm</span> <span class='ocrx_word' id='word_1_223' title='bbox 590 1744 670 1784; x_wconf 80' lang='lat' dir='ltr'>quia</span> <span class='ocrx_word' id='word_1_224' title='bbox 692 1743 700 1760; x_wconf 88' lang='lat'>‘</span> <span class='ocrx_word' id='word_1_225' title='bbox 719 1741 780 1774; x_wconf 89' lang='lat' dir='ltr'>fui&#39;</span> <span class='ocrx_word' id='word_1_226' title='bbox 806 1752 884 1773; x_wconf 86' lang='lat' dir='ltr'>mox</span> <span class='ocrx_word' id='word_1_227' title='bbox 896 1741 1146 1782; x_wconf 62' lang='lat' dir='ltr'>sequiture—lss</span> <span class='ocrx_word' id='word_1_228' title='bbox 1169 1743 1267 1773; x_wconf 83' lang='lat' dir='ltr'>Unus</span> <span class='ocrx_word' id='word_1_229' title='bbox 1290 1741 1407 1773; x_wconf 85' lang='lat' dir='ltr'>Heius.</span> <span class='ocrx_word' id='word_1_230' title='bbox 1422 1741 1525 1772; x_wconf 76' lang='lat' dir='ltr'>simul.</span> <span class='ocrx_word' id='word_1_231' title='bbox 1542 1741 1670 1783; x_wconf 83' lang='lat' dir='ltr'>videris,</span> 
     </span>
     <span class='ocr_line' id='line_1_27' title="bbox 209 1784 1669 1825; baseline -0.001 -8"><span class='ocrx_word' id='word_1_232' title='bbox 209 1786 300 1817; x_wconf 84' lang='lat' dir='ltr'>unde</span> <span class='ocrx_word' id='word_1_233' title='bbox 318 1787 374 1817; x_wconf 86' lang='lat' dir='ltr'>ille</span> <span class='ocrx_word' id='word_1_234' title='bbox 390 1786 695 1825; x_wconf 76' lang='lat' dir='ltr'>legitsereri3.-2l</span> <span class='ocrx_word' id='word_1_235' title='bbox 721 1786 762 1816; x_wconf 90' lang='lat' dir='ltr'>In</span> <span class='ocrx_word' id='word_1_236' title='bbox 779 1786 870 1825; x_wconf 81' lang='lat' dir='ltr'>vulg.</span> <span class='ocrx_word' id='word_1_237' title='bbox 889 1785 953 1815; x_wconf 77' lang='lat' dir='ltr'>Aut</span> <span class='ocrx_word' id='word_1_238' title='bbox 968 1794 1027 1824; x_wconf 82' lang='lat' dir='ltr'>age</span> <span class='ocrx_word' id='word_1_239' title='bbox 1042 1784 1092 1817; x_wconf 82' lang='lat' dir='ltr'>dic</span> <span class='ocrx_word' id='word_1_240' title='bbox 1115 1785 1190 1824; x_wconf 82' lang='lat' dir='ltr'>aliq.</span> <span class='ocrx_word' id='word_1_241' title='bbox 1214 1785 1288 1815; x_wconf 88' lang='lat' dir='ltr'>Pol.</span> <span class='ocrx_word' id='word_1_242' title='bbox 1306 1785 1371 1815; x_wconf 79' lang='lat' dir='ltr'>Dic</span> <span class='ocrx_word' id='word_1_243' title='bbox 1386 1794 1444 1823; x_wconf 81' lang='lat' dir='ltr'>age</span> <span class='ocrx_word' id='word_1_244' title='bbox 1458 1794 1561 1821; x_wconf 84' lang='lat' dir='ltr'>nunc;</span> <span class='ocrx_word' id='word_1_245' title='bbox 1585 1785 1669 1815; x_wconf 88' lang='lat' dir='ltr'>alius</span> 
     </span>
     <span class='ocr_line' id='line_1_28' title="bbox 209 1827 1668 1869; baseline -0.002 -9"><span class='ocrx_word' id='word_1_246' title='bbox 209 1830 301 1860; x_wconf 85' lang='lat' dir='ltr'>Nunc</span> <span class='ocrx_word' id='word_1_247' title='bbox 316 1839 374 1868; x_wconf 84' lang='lat' dir='ltr'>age</span> <span class='ocrx_word' id='word_1_248' title='bbox 387 1828 456 1859; x_wconf 86' lang='lat' dir='ltr'>dic:</span> <span class='ocrx_word' id='word_1_249' title='bbox 481 1833 625 1869; x_wconf 87' lang='lat' dir='ltr'>uterque</span> <span class='ocrx_word' id='word_1_250' title='bbox 643 1828 838 1859; x_wconf 85' lang='lat' dir='ltr'>Medonian.</span> <span class='ocrx_word' id='word_1_251' title='bbox 858 1836 918 1867; x_wconf 88' lang='lat' dir='ltr'>pro</span> <span class='ocrx_word' id='word_1_252' title='bbox 948 1837 1020 1858; x_wconf 82' lang='lat' dir='ltr'><strong>var.</strong></span> <span class='ocrx_word' id='word_1_253' title='bbox 1040 1827 1118 1858; x_wconf 86' lang='lat' dir='ltr'>lect.</span> <span class='ocrx_word' id='word_1_254' title='bbox 1137 1828 1199 1857; x_wconf 83' lang='lat' dir='ltr'>Eia</span> <span class='ocrx_word' id='word_1_255' title='bbox 1214 1837 1273 1867; x_wconf 80' lang='lat' dir='ltr'>age</span> <span class='ocrx_word' id='word_1_256' title='bbox 1290 1828 1352 1867; x_wconf 81' lang='lat' dir='ltr'>dic,</span> <span class='ocrx_word' id='word_1_257' title='bbox 1367 1827 1457 1868; x_wconf 86' lang='lat' dir='ltr'>qnod</span> <span class='ocrx_word' id='word_1_258' title='bbox 1474 1827 1593 1858; x_wconf 84' lang='lat' dir='ltr'>Heius.</span> <span class='ocrx_word' id='word_1_259' title='bbox 1610 1836 1668 1857; x_wconf 88' lang='lat' dir='ltr'>ve-</span> 
     </span>
     <span class='ocr_line' id='line_1_29' title="bbox 209 1869 1667 1911; baseline -0.001 -10"><span class='ocrx_word' id='word_1_260' title='bbox 209 1881 283 1902; x_wconf 86' lang='lat' dir='ltr'>rum</span> <span class='ocrx_word' id='word_1_261' title='bbox 299 1875 421 1911; x_wconf 78' lang='lat' dir='ltr'>putat:</span> <span class='ocrx_word' id='word_1_262' title='bbox 447 1871 563 1902; x_wconf 77' lang='lat' dir='ltr'>Burni.</span> <span class='ocrx_word' id='word_1_263' title='bbox 582 1870 726 1911; x_wconf 81' lang='lat' dir='ltr'>praefert</span> <span class='ocrx_word' id='word_1_264' title='bbox 752 1871 813 1902; x_wconf 85' lang='lat' dir='ltr'>Dic</span> <span class='ocrx_word' id='word_1_265' title='bbox 829 1879 888 1909; x_wconf 76' lang='lat' dir='ltr'>age</span> <span class='ocrx_word' id='word_1_266' title='bbox 913 1870 963 1900; x_wconf 82' lang='lat' dir='ltr'>dic</span> <span class='ocrx_word' id='word_1_267' title='bbox 989 1880 1031 1900; x_wconf 82' lang='lat' dir='ltr'>ex</span> <span class='ocrx_word' id='word_1_268' title='bbox 1058 1879 1126 1900; x_wconf 92' lang='lat' dir='ltr'>uno</span> <span class='ocrx_word' id='word_1_269' title='bbox 1150 1869 1278 1901; x_wconf 84' lang='lat' dir='ltr'><strong>V.-—23</strong></span> <span class='ocrx_word' id='word_1_270' title='bbox 1303 1871 1357 1900; x_wconf 85' lang='lat' dir='ltr'>Sic</span> <span class='ocrx_word' id='word_1_271' title='bbox 1386 1870 1505 1900; x_wconf 83' lang='lat' dir='ltr'>Heius.</span> <span class='ocrx_word' id='word_1_272' title='bbox 1522 1879 1607 1901; x_wconf 83' lang='lat' dir='ltr'>corr.</span> <span class='ocrx_word' id='word_1_273' title='bbox 1624 1879 1667 1900; x_wconf 80' lang='lat' dir='ltr'>ex</span> 
     </span>
     <span class='ocr_line' id='line_1_30' title="bbox 214 1912 1668 1954; baseline -0.001 -10"><span class='ocrx_word' id='word_1_274' title='bbox 214 1915 285 1945; x_wconf 76' lang='lat' dir='ltr'>Pol.</span> <span class='ocrx_word' id='word_1_275' title='bbox 299 1918 334 1944; x_wconf 81' lang='lat' dir='ltr'>et</span> <span class='ocrx_word' id='word_1_276' title='bbox 350 1914 503 1954; x_wconf 83' lang='lat' dir='ltr'>plurimis</span> <span class='ocrx_word' id='word_1_277' title='bbox 520 1914 594 1944; x_wconf 84' lang='lat' dir='ltr'>aliis</span> <span class='ocrx_word' id='word_1_278' title='bbox 613 1923 654 1944; x_wconf 87' lang='lat' dir='ltr'>ex</span> <span class='ocrx_word' id='word_1_279' title='bbox 671 1912 944 1953; x_wconf 78' lang='lat' dir='ltr'>castigatioribus</span> <span class='ocrx_word' id='word_1_280' title='bbox 960 1923 968 1942; x_wconf 89' lang='lat'>:</span> <span class='ocrx_word' id='word_1_281' title='bbox 994 1913 1084 1953; x_wconf 84' lang='lat' dir='ltr'>vulg.</span> <span class='ocrx_word' id='word_1_282' title='bbox 1102 1912 1280 1952; x_wconf 81' lang='lat' dir='ltr'>legebatur</span> <span class='ocrx_word' id='word_1_283' title='bbox 1309 1913 1397 1948; x_wconf 78' lang='lat' dir='ltr'>Quod</span> <span class='ocrx_word' id='word_1_284' title='bbox 1413 1916 1443 1943; x_wconf 80' lang='lat' dir='ltr'>te</span> <span class='ocrx_word' id='word_1_285' title='bbox 1456 1921 1535 1943; x_wconf 78' lang='lat' dir='ltr'>nunc</span> <span class='ocrx_word' id='word_1_286' title='bbox 1551 1913 1668 1943; x_wconf 79' lang='lat' dir='ltr'>crimen</span> 
     </span>
     <span class='ocr_line' id='line_1_31' title="bbox 207 1955 1669 1996; baseline -0.001 -9"><span class='ocrx_word' id='word_1_287' title='bbox 207 1956 340 1987; x_wconf 69' lang='lat' dir='ltr'>similem</span> <span class='ocrx_word' id='word_1_288' title='bbox 355 1960 453 1995; x_wconf 79' lang='lat' dir='ltr'>vetut,</span> <span class='ocrx_word' id='word_1_289' title='bbox 469 1958 520 1996; x_wconf 58' lang='lat' dir='ltr'>&amp;a</span> <span class='ocrx_word' id='word_1_290' title='bbox 545 1957 623 1987; x_wconf 92' lang='lat' dir='ltr'>Duo</span> <span class='ocrx_word' id='word_1_291' title='bbox 650 1956 729 1987; x_wconf 85' lang='lat' dir='ltr'>libri</span> <span class='ocrx_word' id='word_1_292' title='bbox 747 1957 825 1991; x_wconf 67' lang='lat' dir='ltr'>Quae</span> <span class='ocrx_word' id='word_1_293' title='bbox 837 1960 867 1986; x_wconf 78' lang='lat' dir='ltr'>te</span> <span class='ocrx_word' id='word_1_294' title='bbox 878 1955 1059 1986; x_wconf 77' lang='lat' dir='ltr'>dissimilem</span> <span class='ocrx_word' id='word_1_295' title='bbox 1070 1965 1118 1986; x_wconf 78' lang='lat' dir='ltr'>res</span> <span class='ocrx_word' id='word_1_296' title='bbox 1133 1965 1211 1986; x_wconf 88' lang='lat' dir='ltr'>nunc</span> <span class='ocrx_word' id='word_1_297' title='bbox 1238 1959 1297 1986; x_wconf 77' lang='lat' dir='ltr'>vei.</span> <span class='ocrx_word' id='word_1_298' title='bbox 1314 1955 1453 1986; x_wconf 83' lang='lat' dir='ltr'>totidem</span> <span class='ocrx_word' id='word_1_299' title='bbox 1481 1955 1669 1986; x_wconf 80' lang='lat' dir='ltr'>consimilem</span> 
     </span>
     <span class='ocr_line' id='line_1_32' title="bbox 208 1997 1669 2035; baseline 0 -6"><span class='ocrx_word' id='word_1_300' title='bbox 208 2000 325 2030; x_wconf 84' lang='lat' dir='ltr'>crimen</span> <span class='ocrx_word' id='word_1_301' title='bbox 352 2002 497 2030; x_wconf 74' lang='lat' dir='ltr'>vet.-—24</span> <span class='ocrx_word' id='word_1_302' title='bbox 521 2000 563 2030; x_wconf 77' lang='lat' dir='ltr'>V.</span> <span class='ocrx_word' id='word_1_303' title='bbox 593 2009 650 2030; x_wconf 84' lang='lat' dir='ltr'>ess.</span> <span class='ocrx_word' id='word_1_304' title='bbox 666 2009 774 2035; x_wconf 79' lang='lat' dir='ltr'>voces‚·</span> <span class='ocrx_word' id='word_1_305' title='bbox 797 2002 832 2029; x_wconf 87' lang='lat' dir='ltr'>et</span> <span class='ocrx_word' id='word_1_306' title='bbox 860 1999 927 2029; x_wconf 91' lang='lat' dir='ltr'>Ms.</span> <span class='ocrx_word' id='word_1_307' title='bbox 958 1998 1089 2029; x_wconf 86' lang='lat' dir='ltr'>Bersm.</span> <span class='ocrx_word' id='word_1_308' title='bbox 1118 2000 1305 2028; x_wconf 76' lang='lat' dir='ltr'>notas.—26</span> <span class='ocrx_word' id='word_1_309' title='bbox 1328 1998 1402 2029; x_wconf 91' lang='lat' dir='ltr'>Pol.</span> <span class='ocrx_word' id='word_1_310' title='bbox 1431 2000 1530 2029; x_wconf 76' lang='lat' dir='ltr'>notat.</span> <span class='ocrx_word' id='word_1_311' title='bbox 1546 1997 1669 2029; x_wconf 78' lang='lat' dir='ltr'>suis.—</span> 
     </span>
     <span class='ocr_line' id='line_1_33' title="bbox 209 2040 1670 2082; baseline -0.001 -11"><span class='ocrx_word' id='word_1_312' title='bbox 209 2044 251 2071; x_wconf 82' lang='lat'>29</span> <span class='ocrx_word' id='word_1_313' title='bbox 275 2041 420 2072; x_wconf 85' lang='lat' dir='ltr'>Plurimi</span> <span class='ocrx_word' id='word_1_314' title='bbox 446 2041 508 2082; x_wconf 78' lang='lat' dir='ltr'>suc.</span> <span class='ocrx_word' id='word_1_315' title='bbox 523 2053 539 2072; x_wconf 92' lang='lat' dir='ltr'>o</span> <span class='ocrx_word' id='word_1_316' title='bbox 564 2043 642 2074; x_wconf 77' lang='lat' dir='ltr'>ciem.</span> <span class='ocrx_word' id='word_1_317' title='bbox 665 2043 746 2072; x_wconf 90' lang='lat' dir='ltr'>Tum</span> <span class='ocrx_word' id='word_1_318' title='bbox 765 2042 805 2072; x_wconf 88' lang='lat' dir='ltr'>R.</span> <span class='ocrx_word' id='word_1_319' title='bbox 832 2040 967 2081; x_wconf 82' lang='lat' dir='ltr'>quidsi:</span> <span class='ocrx_word' id='word_1_320' title='bbox 990 2047 1024 2070; x_wconf 79' lang='lat' dir='ltr'>ut</span> <span class='ocrx_word' id='word_1_321' title='bbox 1047 2041 1126 2073; x_wconf 87' lang='lat' dir='ltr'>Jun.</span> <span class='ocrx_word' id='word_1_322' title='bbox 1142 2051 1219 2071; x_wconf 83' lang='lat' dir='ltr'>enm</span> <span class='ocrx_word' id='word_1_323' title='bbox 1236 2040 1408 2071; x_wconf 85' lang='lat' dir='ltr'>sexdecim</span> <span class='ocrx_word' id='word_1_324' title='bbox 1434 2040 1508 2070; x_wconf 89' lang='lat' dir='ltr'>aliis</span> <span class='ocrx_word' id='word_1_325' title='bbox 1531 2040 1670 2076; x_wconf 57' lang='grc' dir='ltr'>περαίη</span> 
     </span>
     <span class='ocr_line' id='line_1_34' title="bbox 209 2083 1669 2124; baseline -0.001 -11"><span class='ocrx_word' id='word_1_326' title='bbox 209 2084 308 2115; x_wconf 81' lang='lat' dir='ltr'>serv.</span> <span class='ocrx_word' id='word_1_327' title='bbox 322 2088 358 2114; x_wconf 87' lang='lat' dir='ltr'>et</span> <span class='ocrx_word' id='word_1_328' title='bbox 373 2089 443 2115; x_wconf 85' lang='lat' dir='ltr'>tres</span> <span class='ocrx_word' id='word_1_329' title='bbox 457 2085 676 2115; x_wconf 77' lang='lat' dir='ltr'>recedet.—30</span> <span class='ocrx_word' id='word_1_330' title='bbox 700 2085 796 2116; x_wconf 76' lang='lat' dir='ltr'><strong>Serv.</strong></span> <span class='ocrx_word' id='word_1_331' title='bbox 817 2084 886 2114; x_wconf 84' lang='lat' dir='ltr'>Hoc</span> <span class='ocrx_word' id='word_1_332' title='bbox 899 2094 961 2124; x_wconf 81' lang='lat' dir='ltr'>pro</span> <span class='ocrx_word' id='word_1_333' title='bbox 978 2083 1156 2114; x_wconf 60' lang='lat' dir='ltr'>Hercu—32</span> <span class='ocrx_word' id='word_1_334' title='bbox 1183 2084 1282 2118; x_wconf 86' lang='lat' dir='ltr'>Quem</span> <span class='ocrx_word' id='word_1_335' title='bbox 1295 2092 1433 2123; x_wconf 87' lang='lat' dir='ltr'>repone,</span> <span class='ocrx_word' id='word_1_336' title='bbox 1443 2092 1554 2123; x_wconf 86' lang='lat' dir='ltr'>neque</span> <span class='ocrx_word' id='word_1_337' title='bbox 1570 2083 1669 2113; x_wconf 80' lang='lat' dir='ltr'>aliter</span> 
     </span>
     <span class='ocr_line' id='line_1_35' title="bbox 211 2123 1667 2169; baseline 0 -14"><span class='ocrx_word' id='word_1_338' title='bbox 211 2126 347 2166; x_wconf 82' lang='lat' dir='ltr'>Fragm.</span> <span class='ocrx_word' id='word_1_339' title='bbox 362 2127 535 2158; x_wconf 82' lang='lat' dir='ltr'>Boxhorn.</span> <span class='ocrx_word' id='word_1_340' title='bbox 557 2126 671 2159; x_wconf 70' lang='lat' dir='ltr'>Heius.</span> <span class='ocrx_word' id='word_1_341' title='bbox 707 2128 808 2167; x_wconf 80' lang='lat' dir='ltr'>Vulg.</span> <span class='ocrx_word' id='word_1_342' title='bbox 835 2128 938 2163; x_wconf 69' lang='lat' dir='ltr'>Quat:</span> <span class='ocrx_word' id='word_1_343' title='bbox 961 2136 1011 2169; x_wconf 83' lang='lat' dir='ltr'>pr.</span> <span class='ocrx_word' id='word_1_344' title='bbox 1037 2126 1099 2159; x_wconf 86' lang='lat' dir='ltr'>Ed.</span> <span class='ocrx_word' id='word_1_345' title='bbox 1127 2126 1229 2157; x_wconf 72' lang='lat' dir='ltr'><em>Hoec:</em></span> <span class='ocrx_word' id='word_1_346' title='bbox 1254 2126 1349 2157; x_wconf 86' lang='lat' dir='ltr'><strong>Serv.</strong></span> <span class='ocrx_word' id='word_1_347' title='bbox 1377 2126 1458 2158; x_wconf 89' lang='lat' dir='ltr'>Hoc.</span> <span class='ocrx_word' id='word_1_348' title='bbox 1480 2126 1567 2157; x_wconf 85' lang='lat' dir='ltr'>Tres</span> <span class='ocrx_word' id='word_1_349' title='bbox 1587 2123 1667 2156; x_wconf 81' lang='lat' dir='ltr'>libri</span> 
     </span>
    </p>
   </div>
   <div class='ocr_carea' id='block_1_6' title="bbox 867 2240 1008 2272">
    <p class='ocr_par' dir='ltr' id='par_1_6' title="bbox 867 2240 1008 2272">
     <span class='ocr_line' id='line_1_36' title="bbox 867 2240 1008 2272; baseline -0.014 0"><span class='ocrx_word' id='word_1_350' title='bbox 867 2240 1008 2272; x_wconf 78' lang='lat' dir='ltr'>NOTAE</span> 
     </span>
    </p>
   </div>
   <div class='ocr_carea' id='block_1_7' title="bbox 206 2320 1664 2415">
    <p class='ocr_par' dir='ltr' id='par_1_7' title="bbox 206 2320 1664 2415">
     <span class='ocr_line' id='line_1_37' title="bbox 254 2320 1664 2364; baseline -0.004 -8"><span class='ocrx_word' id='word_1_351' title='bbox 254 2328 294 2356; x_wconf 80' lang='lat'>19</span> <span class='ocrx_word' id='word_1_352' title='bbox 319 2323 463 2364; x_wconf 67' lang='lat' dir='ltr'>Fateris]</span> <span class='ocrx_word' id='word_1_353' title='bbox 484 2325 535 2355; x_wconf 82' lang='lat' dir='ltr'>Re</span> <span class='ocrx_word' id='word_1_354' title='bbox 558 2325 642 2364; x_wconf 79' lang='lat' dir='ltr'>ipsa,</span> <span class='ocrx_word' id='word_1_355' title='bbox 668 2324 811 2364; x_wconf 83' lang='lat' dir='ltr'>scilicet,</span> <span class='ocrx_word' id='word_1_356' title='bbox 834 2333 908 2355; x_wconf 86' lang='lat' dir='ltr'>cum</span> <span class='ocrx_word' id='word_1_357' title='bbox 964 2333 1040 2353; x_wconf 84' lang='lat' dir='ltr'>cum</span> <span class='ocrx_word' id='word_1_358' title='bbox 1066 2323 1098 2352; x_wconf 89' lang='lat' dir='ltr'>in</span> <span class='ocrx_word' id='word_1_359' title='bbox 1116 2322 1198 2352; x_wconf 86' lang='lat' dir='ltr'>alios</span> <span class='ocrx_word' id='word_1_360' title='bbox 1214 2321 1399 2363; x_wconf 86' lang='lat' dir='ltr'>quidpiam,</span> <span class='ocrx_word' id='word_1_361' title='bbox 1417 2320 1508 2362; x_wconf 82' lang='lat' dir='ltr'>quod</span> <span class='ocrx_word' id='word_1_362' title='bbox 1531 2330 1590 2352; x_wconf 87' lang='lat' dir='ltr'>nos</span> <span class='ocrx_word' id='word_1_363' title='bbox 1608 2331 1664 2362; x_wconf 78' lang='lat' dir='ltr'>pa-</span> 
     </span>
     <span class='ocr_line' id='line_1_38' title="bbox 206 2371 1525 2415; baseline -0.002 -9"><span class='ocrx_word' id='word_1_364' title='bbox 206 2376 279 2415; x_wconf 87' lang='lat' dir='ltr'>jam</span> <span class='ocrx_word' id='word_1_365' title='bbox 303 2375 412 2406; x_wconf 82' lang='lat' dir='ltr'>miuus</span> <span class='ocrx_word' id='word_1_366' title='bbox 438 2378 555 2406; x_wconf 88' lang='lat' dir='ltr'>notum</span> <span class='ocrx_word' id='word_1_367' title='bbox 584 2375 756 2406; x_wconf 84' lang='lat' dir='ltr'>Nasonem</span> <span class='ocrx_word' id='word_1_368' title='bbox 773 2372 909 2415; x_wconf 85' lang='lat' dir='ltr'>profite-</span> <span class='ocrx_word' id='word_1_369' title='bbox 964 2372 1048 2402; x_wconf 79' lang='lat' dir='ltr'>riter</span> <span class='ocrx_word' id='word_1_370' title='bbox 1066 2381 1185 2411; x_wconf 81' lang='lat' dir='ltr'>urgere</span> <span class='ocrx_word' id='word_1_371' title='bbox 1202 2373 1320 2412; x_wconf 75' lang='lat' dir='ltr'>possit,</span> <span class='ocrx_word' id='word_1_372' title='bbox 1335 2371 1525 2403; x_wconf 79' lang='lat' dir='ltr'>statuimus.</span> 
     </span>
    </p>
   </div>
   <div class='ocr_carea' id='block_1_8' title="bbox 211 2421 1667 2665">
    <p class='ocr_par' dir='ltr' id='par_1_8' title="bbox 212 2421 1665 2514">
     <span class='ocr_line' id='line_1_39' title="bbox 212 2421 1665 2463; baseline -0.001 -7"><span class='ocrx_word' id='word_1_373' title='bbox 212 2429 319 2456; x_wconf 86' lang='lat' dir='ltr'>retur.</span> <span class='ocrx_word' id='word_1_374' title='bbox 1010 2421 1089 2460; x_wconf 74' lang='lat' dir='ltr'>Tuo]</span> <span class='ocrx_word' id='word_1_375' title='bbox 1114 2423 1147 2453; x_wconf 89' lang='lat' dir='ltr'>Si</span> <span class='ocrx_word' id='word_1_376' title='bbox 1177 2421 1267 2453; x_wconf 83' lang='lat' dir='ltr'>forte</span> <span class='ocrx_word' id='word_1_377' title='bbox 1298 2422 1453 2461; x_wconf 78' lang='lat' dir='ltr'>eveniat;</span> <span class='ocrx_word' id='word_1_378' title='bbox 1482 2422 1572 2463; x_wconf 91' lang='lat' dir='ltr'>quod</span> <span class='ocrx_word' id='word_1_379' title='bbox 1597 2432 1665 2454; x_wconf 86' lang='lat' dir='ltr'>non</span> 
     </span>
     <span class='ocr_line' id='line_1_40' title="bbox 252 2470 1175 2514; baseline -0.004 -9"><span class='ocrx_word' id='word_1_380' title='bbox 252 2477 293 2505; x_wconf 77' lang='lat'>23</span> <span class='ocrx_word' id='word_1_381' title='bbox 319 2473 442 2514; x_wconf 83' lang='lat' dir='ltr'>Priori]</span> <span class='ocrx_word' id='word_1_382' title='bbox 467 2473 584 2506; x_wconf 81' lang='lat' dir='ltr'>Qualis</span> <span class='ocrx_word' id='word_1_383' title='bbox 602 2483 675 2504; x_wconf 85' lang='lat' dir='ltr'>esse</span> <span class='ocrx_word' id='word_1_384' title='bbox 698 2473 830 2504; x_wconf 83' lang='lat' dir='ltr'>solebas</span> <span class='ocrx_word' id='word_1_385' title='bbox 854 2482 910 2503; x_wconf 83' lang='lat' dir='ltr'>au-</span> <span class='ocrx_word' id='word_1_386' title='bbox 964 2471 1013 2502; x_wconf 84' lang='lat' dir='ltr'>ita</span> <span class='ocrx_word' id='word_1_387' title='bbox 1028 2470 1175 2502; x_wconf 79' lang='lat' dir='ltr'>difficile.</span> 
     </span>
    </p>

    <p class='ocr_par' dir='ltr' id='par_1_9' title="bbox 211 2523 1667 2616">
     <span class='ocr_line' id='line_1_41' title="bbox 211 2523 1665 2564; baseline -0.001 -9"><span class='ocrx_word' id='word_1_388' title='bbox 211 2529 279 2556; x_wconf 82' lang='lat' dir='ltr'>tea.</span> <span class='ocrx_word' id='word_1_389' title='bbox 1008 2526 1047 2554; x_wconf 78' lang='lat'>31</span> <span class='ocrx_word' id='word_1_390' title='bbox 1074 2523 1163 2562; x_wconf 76' lang='lat' dir='ltr'>Dea]</span> <span class='ocrx_word' id='word_1_391' title='bbox 1187 2524 1349 2562; x_wconf 84' lang='lat' dir='ltr'>Fortuna,</span> <span class='ocrx_word' id='word_1_392' title='bbox 1365 2524 1436 2555; x_wconf 85' lang='lat' dir='ltr'>scil.</span> <span class='ocrx_word' id='word_1_393' title='bbox 1458 2533 1532 2564; x_wconf 77' lang='lat' dir='ltr'>quae</span> <span class='ocrx_word' id='word_1_394' title='bbox 1553 2526 1665 2553; x_wconf 79' lang='lat' dir='ltr'><strong>extre-</strong></span> 
     </span>
     <span class='ocr_line' id='line_1_42' title="bbox 254 2574 1667 2616; baseline -0.001 -10"><span class='ocrx_word' id='word_1_395' title='bbox 254 2579 296 2606; x_wconf 78' lang='lat'>26</span> <span class='ocrx_word' id='word_1_396' title='bbox 325 2576 480 2616; x_wconf 77' lang='lat' dir='ltr'>Venisset]</span> <span class='ocrx_word' id='word_1_397' title='bbox 502 2576 661 2607; x_wconf 82' lang='lat' dir='ltr'>Mitteres</span> <span class='ocrx_word' id='word_1_398' title='bbox 683 2576 804 2607; x_wconf 84' lang='lat' dir='ltr'>saltem</span> <span class='ocrx_word' id='word_1_399' title='bbox 825 2575 912 2616; x_wconf 86' lang='lat' dir='ltr'>epis·</span> <span class='ocrx_word' id='word_1_400' title='bbox 967 2585 1020 2606; x_wconf 89' lang='lat' dir='ltr'>mo</span> <span class='ocrx_word' id='word_1_401' title='bbox 1044 2574 1143 2615; x_wconf 79' lang='lat' dir='ltr'>pede,</span> <span class='ocrx_word' id='word_1_402' title='bbox 1159 2576 1308 2606; x_wconf 80' lang='lat' dir='ltr'>levitatis</span> <span class='ocrx_word' id='word_1_403' title='bbox 1334 2574 1524 2606; x_wconf 71' lang='lat' dir='ltr'>indicandae</span> <span class='ocrx_word' id='word_1_404' title='bbox 1548 2574 1667 2615; x_wconf 86' lang='lat' dir='ltr'>gratia,</span> 
     </span>
    </p>

    <p class='ocr_par' dir='ltr' id='par_1_10' title="bbox 211 2622 1665 2665">
     <span class='ocr_line' id='line_1_43' title="bbox 211 2622 1665 2665; baseline -0.001 -10"><span class='ocrx_word' id='word_1_405' title='bbox 211 2626 315 2655; x_wconf 71' lang='lat' dir='ltr'>tolum</span> <span class='ocrx_word' id='word_1_406' title='bbox 333 2627 439 2657; x_wconf 72' lang='lat' dir='ltr'>[ribus</span> <span class='ocrx_word' id='word_1_407' title='bbox 455 2627 576 2658; x_wconf 81' lang='lat' dir='ltr'>verbis.</span> <span class='ocrx_word' id='word_1_408' title='bbox 968 2624 1083 2656; x_wconf 82' lang='lat' dir='ltr'>orbem</span> <span class='ocrx_word' id='word_1_409' title='bbox 1102 2625 1282 2656; x_wconf 85' lang='lat' dir='ltr'>volubilem</span> <span class='ocrx_word' id='word_1_410' title='bbox 1302 2629 1443 2665; x_wconf 83' lang='lat' dir='ltr'>tangere</span> <span class='ocrx_word' id='word_1_411' title='bbox 1459 2628 1589 2655; x_wconf 85' lang='lat' dir='ltr'>tantum</span> <span class='ocrx_word' id='word_1_412' title='bbox 1605 2622 1665 2654; x_wconf 88' lang='lat' dir='ltr'>fin-</span> 
     </span>
    </p>
   </div>
   <div class='ocr_carea' id='block_1_9' title="bbox 213 2675 1664 2770">
    <p class='ocr_par' dir='ltr' id='par_1_11' title="bbox 213 2675 1664 2770">
     <span class='ocr_line' id='line_1_44' title="bbox 256 2675 1302 2717; baseline 0.002 -13"><span class='ocrx_word' id='word_1_413' title='bbox 256 2678 297 2705; x_wconf 73' lang='lat'>30</span> <span class='ocrx_word' id='word_1_414' title='bbox 327 2676 445 2715; x_wconf 68' lang='lat' dir='ltr'>Eripis]</span> <span class='ocrx_word' id='word_1_415' title='bbox 468 2678 568 2717; x_wconf 76' lang='lat' dir='ltr'>Quia,</span> <span class='ocrx_word' id='word_1_416' title='bbox 592 2681 631 2709; x_wconf 89' lang='lat' dir='ltr'>ut</span> <span class='ocrx_word' id='word_1_417' title='bbox 658 2678 706 2708; x_wconf 81' lang='lat' dir='ltr'>ait</span> <span class='ocrx_word' id='word_1_418' title='bbox 734 2676 911 2717; x_wconf 81' lang='lat' dir='ltr'>Horatius,</span> <span class='ocrx_word' id='word_1_419' title='bbox 969 2675 1071 2716; x_wconf 79' lang='lat' dir='ltr'>gitur,</span> <span class='ocrx_word' id='word_1_420' title='bbox 1087 2679 1122 2705; x_wconf 86' lang='lat' dir='ltr'>et</span> <span class='ocrx_word' id='word_1_421' title='bbox 1139 2675 1302 2715; x_wconf 81' lang='lat' dir='ltr'>pingitur.</span> 
     </span>
     <span class='ocr_line' id='line_1_45' title="bbox 213 2722 1664 2770; baseline -0.001 -14"><span class='ocrx_word' id='word_1_422' title='bbox 213 2726 247 2756; x_wconf 85' lang='lat' dir='ltr'>iu</span> <span class='ocrx_word' id='word_1_423' title='bbox 274 2732 404 2757; x_wconf 82' lang='lat' dir='ltr'>nosmet</span> <span class='ocrx_word' id='word_1_424' title='bbox 431 2727 541 2767; x_wconf 69' lang='lat' dir='ltr'>legem</span> <span class='ocrx_word' id='word_1_425' title='bbox 568 2729 737 2760; x_wconf 81' lang='lat' dir='ltr'>sancimus</span> <span class='ocrx_word' id='word_1_426' title='bbox 763 2728 910 2770; x_wconf 82' lang='lat' dir='ltr'>iniquam</span> <span class='ocrx_word' id='word_1_427' title='bbox 1007 2728 1048 2757; x_wconf 80' lang='lat'>32</span> <span class='ocrx_word' id='word_1_428' title='bbox 1071 2725 1191 2766; x_wconf 84' lang='lat' dir='ltr'>Dubio]</span> <span class='ocrx_word' id='word_1_429' title='bbox 1214 2726 1304 2758; x_wconf 67' lang='lat' dir='ltr'>Quia</span> <span class='ocrx_word' id='word_1_430' title='bbox 1329 2729 1366 2757; x_wconf 90' lang='lat' dir='ltr'>et</span> <span class='ocrx_word' id='word_1_431' title='bbox 1393 2724 1538 2757; x_wconf 83' lang='lat' dir='ltr'>vertitur</span> <span class='ocrx_word' id='word_1_432' title='bbox 1563 2722 1664 2760; x_wconf 84' lang='lat' dir='ltr'>orbis,</span> 
     </span>
    </p>
   </div>
  </div>
 </body>
</html>
