1877 3193
251 132 366 175 2468
744 143 785 173 Ρ.
816 141 973 172 ονιοιι
1008 139 1219 171 NAsoms

248 235 373 279 Vilia
392 234 469 290 qui
490 234 711 290 quondam
733 234 901 276 miseris
922 234 1127 274 alimenta
1145 236 1337 286 negarat,

308 303 441 345 Nunc
463 304 711 344 mendicato
732 301 930 355 pascitur
949 301 1046 355 ipse
1069 300 1186 340 cibo.

251 372 466 412 Passibus
487 370 700 423 ambiguis
724 369 919 410 Fortuna
938 368 1144 409 volubilis
1166 369 1290 417 errat,

308 438 367 479 Et
389 443 534 478 manet
555 439 598 478 in
617 438 740 477 nullo
762 441 881 478 certa
901 441 1121 488 tenaxque
1139 436 1254 475 loco.

251 506 339 546 Sed
357 505 488 546 modo
507 505 613 545 laeta
632 510 791 552 manet,
812 503 959 543 vultus
980 502 1111 542 modo
1129 503 1259 542 sumit
1276 500 1461 541 acerbos
1477 513 1487 552 ;

307 572 366 613 Et
384 576 548 613 tantum
569 574 773 612 constans
795 570 838 610 in
857 570 1032 610 levitate
1054 582 1135 609 sua
1155 572 1231 609 est.

252 639 353 681 Nos
374 652 544 693 quoque
566 638 809 686 floruimus,
832 637 910 677 sed
928 637 1010 677 flos
1030 640 1122 677 erat
1140 637 1211 677 ille
1231 635 1420 676 caducus
1437 648 1448 688 3

309 707 594 758 Flammaque
614 704 667 744 de
686 704 849 756 stipula
867 707 1019 743 nostra
1038 705 1271 756 brevisque
1290 703 1387 744 fuit.

252 774 380 815 Neve
401 775 542 813 tamen
563 774 652 811 tota
673 770 826 823 capias
845 768 936 809 fera
955 769 1116 821 gaudia
1134 774 1274 810 mente
1291 784 1302 820 3

310 839 417 881 Non
438 841 506 878 est
525 835 729 889 placandi
751 847 855 888 spes
875 834 983 875 mihi
1001 835 1119 875 nulla
1141 835 1242 875 Dei.

250 906 337 949 Vel
357 906 464 960 quia
483 904 669 958 peccavi
691 903 801 943 citra
821 902 966 943 scelus
985 915 996 953 3
1027 905 1161 954 utque
1181 900 1347 955 pudore

311 973 414 1015 Non
436 976 568 1022 caret,
588 970 758 1013 invidia
778 971 844 1011 sie
865 983 966 1011 mea
987 969 1121 1023 culpa
1143 972 1284 1010 caret:

1649 366 1704 406 15

245 1092 315 1131 suit
331 1091 458 1133 sequior.
506 1090 568 1125 Qui
583 1089 655 1120 olim
670 1100 728 1120 non
744 1089 921 1129 proebuerat
937 1092 1056 1120 tenuem
1071 1089 1171 1119 cibum
1197 1088 1311 1127 egenis,
1337 1098 1418 1119 nunc
1441 1088 1506 1128 ipse
1520 1087 1618 1119 alitur
1628 1088 1709 1129 stipe

252 1138 370 1166 coacta.
417 1132 544 1164 Mobilis
551 1132 684 1170 fortuna
700 1136 834 1170 vagatur
847 1132 1002 1170 gressibus
1017 1132 1156 1169 incertis,
1173 1141 1268 1171 neque
1281 1134 1345 1161 stat
1351 1131 1451 1171 firma
1471 1134 1502 1161 et
1517 1134 1658 1161 constans
1672 1131 1707 1161 in

252 1179 314 1209 ullo
329 1179 402 1208 loco.
452 1175 562 1206 Verum
576 1184 654 1204 nunc
670 1178 716 1204 est
732 1174 857 1212 favente,
871 1184 951 1204 nunc
966 1174 1066 1204 induit
1080 1173 1198 1211 faciem
1220 1184 1333 1204 scevam
1346 1184 1357 1210 ,·
1380 1176 1410 1204 et
1426 1176 1472 1204 est
1486 1176 1607 1204 tantum
1622 1176 1708 1204 certa

251 1220 287 1250 in
307 1229 363 1249 sua
378 1218 557 1248 mobilitate.
605 1217 669 1246 Nos
698 1216 792 1245 etiam
818 1216 986 1255 viguimus,
1011 1218 1063 1246 sed
1093 1217 1181 1254 vigor
1207 1216 1257 1246 ille
1282 1220 1349 1246 emt
1369 1215 1479 1255 fluxtts
1490 1225 1502 1252 ;
1525 1219 1553 1246 et
1567 1216 1708 1255 splendor

253 1265 356 1299 noster
363 1261 432 1299 fuit
447 1261 483 1289 (Ie
495 1259 591 1288 culmo
606 1261 696 1297 atque
712 1257 821 1287 brevis.
869 1258 954 1287 Neve
970 1261 1070 1287 tamen
1078 1257 1203 1293 fruaris·
1217 1268 1296 1287 sceva
1312 1258 1425 1287 laetitia
1441 1261 1504 1287 toto
1517 1259 1631 1297 animo,
1646 1267 1708 1288 non

254 1304 330 1335 mihi
345 1303 460 1334 excidit
476 1312 544 1342 spes
559 1300 656 1331 omnis
667 1300 730 1330 Dei
746 1299 889 1330 leniendi.
940 1299 996 1330 Vel
1010 1300 1080 1338 quia
1102 1300 1204 1329 errari
1218 1299 1283 1329 sine
1289 1299 1421 1338 flagicio
1431 1310 1441 1328 .·
1464 1303 1494 1329 et
1515 1299 1607 1330 sicuti
1621 1309 1708 1330 error

864 1382 1095 1394 ‘sommum

255 1446 342 1474 turae
358 1441 533 1472 doctorum
559 1440 704 1470 virorum
720 1438 949 1477 satisfaciunt,
971 1439 1054 1470 licet
1066 1438 1212 1470 secunda
1236 1437 1367 1469 Heinsii
1382 1437 1584 1470 sententiam
1601 1437 1708 1469 faciat

254 1486 338 1516 satis
355 1488 481 1523 aptam.
527 1481 742 1520 Naufragium
766 1491 875 1520 rupere
891 1482 971 1511 mihi
986 1482 1183 1512 insolentior
1205 1481 1332 1511 locutio
1348 1480 1483 1511 videtur
1498 1491 1505 1510 :
1531 1490 1640 1521 neque
1654 1481 1707 1512 hic

255 1527 298 1558 de
314 1525 516 1565 rapacitate,
531 1525 589 1554 sed
617 1525 658 1554 de
688 1524 808 1554 immiti
824 1527 860 1553 et
876 1522 960 1553 duro
975 1523 1118 1553 hominis
1140 1523 1249 1553 animo
1274 1522 1438 1562 queritur.
1485 1523 1599 1554 Quare
1616 1522 1706 1554 forte

253 1569 322 1609 legi
338 1571 465 1608 posset,
492 1566 565 1597 Vidi
579 1576 633 1606 ego
648 1565 811 1604 navifrago
826 1569 898 1606 quot
913 1566 1007 1595 duros
1022 1574 1140 1605 oequore
1155 1562 1280 1603 mergi?
1304 1565 1369 1603 vel,
1389 1564 1463 1594 Vidi
1475 1574 1530 1603 ego
1545 1564 1707 1603 navifrago

251 1613 344 1642 duros
357 1613 402 1641 tot
427 1610 461 1639 in
475 1619 594 1648 (equore
620 1609 736 1647 mergz':
759 1609 826 1646 vel,
848 1608 921 1639 Vidi,
938 1618 993 1647 ego
1017 1607 1213 1646 navifragum
1228 1607 1279 1646 qui
1295 1606 1424 1645 laeserat,
1440 1616 1559 1646 (equore
1582 1607 1681 1644 mergi
1696 1616 1708 1637 .-

254 1654 283 1684 si
305 1656 464 1693 ageretur
481 1651 522 1680 de
543 1651 677 1690 prodita
700 1650 860 1690 amicitia,
886 1656 1002 1690 posset
1028 1656 1062 1680 et
1087 1651 1164 1689 legi,
1187 1650 1327 1689 perjuros
1353 1659 1474 1689 oequore
1488 1649 1596 1687 mergi.
1639 1648 1708 1679 Sed

254 1695 482 1735 relinquamus
499 1695 607 1732 potins
624 1694 734 1722 locum
751 1693 837 1722 male
855 1692 1013 1723 affectum
1030 1691 1236 1722 felicioribus
1254 1691 1395 1730 ingeniis
1411 1692 1606 1721 sanandum.
1653 1690 1710 1721 Ri-

255 1738 405 1768 diculum
424 1744 504 1765 vero
524 1740 587 1773 est,
606 1735 695 1775 quod
720 1735 853 1764 Merula
883 1735 916 1764 in
945 1739 1159 1774 pentametro
1176 1734 1362 1773 conjungat
1387 1734 1443 1763 illa
1458 1743 1612 1773 nunquam
1626 1732 1708 1772 dicti,

255 1779 350 1821 quasi
368 1777 510 1809 Ovidius
527 1787 562 1807 se
582 1777 746 1815 laudaret,
762 1776 852 1816 quod
880 1787 1047 1817 nunqnam
1072 1778 1157 1807 malo
1183 1777 1293 1806 alieno
1321 1776 1455 1815 gavisus
1482 1776 1615 1814 fnisset,
1631 1785 1708 1806 cum

255 1831 362 1862 puero
380 1824 497 1860 pateat
513 1829 668 1859 nunquam
685 1818 800 1850 referri
817 1818 943 1849 debere
961 1819 1002 1849 ad
1020 1819 1159 1857 justior:
1183 1820 1270 1849 unde
1286 1819 1435 1849 videmus
1450 1828 1548 1858 quam
1565 1818 1646 1848 utile
1663 1817 1709 1848 sit

256 1864 464 1903 distinguere
482 1866 560 1901 apte
588 1861 700 1892 verba.
746 1861 784 1891 In
799 1871 920 1901 oequnra
937 1866 987 1891 est
1009 1863 1112 1892 etiam
1142 1862 1175 1891 in
1192 1860 1329 1892 nmltis!
1354 1862 1550 1891 Burm.—l3
1574 1860 1642 1890 Pro
1657 1869 1707 1890 ne-

253 1909 349 1946 garat
364 1906 443 1937 Jun.
469 1911 503 1934 et
520 1905 560 1934 P.
576 1904 728 1941 negabam
753 1903 845 1934 Leid.
862 1908 989 1942 negaret
1004 1915 1015 1940 ,-
1042 1905 1121 1934 Lov.
1147 1903 1371 1942 negarit.——l4
1396 1902 1462 1933 Alii
1489 1903 1539 1932 z'lle
1555 1911 1616 1941 pro
1632 1902 1707 1941 ipse.

255 1951 340 1979 -15
365 1948 446 1979 Jun.
464 1947 501 1977 F.
514 1946 647 1976 volatilis
662 1949 807 1976 eriz—17
828 1947 892 1976 Pro
911 1949 1011 1976 manet
1029 1946 1147 1977 Heius.
1165 1946 1252 1986 conj.
1268 1947 1374 1980 venit‚·
1399 1945 1540 1975 Auctor.
1559 1945 1710 1975 Elector.

257 1992 418 2022 Etoneus.
433 1992 552 2025 mot-em
574 1994 608 2019 et
625 1989 741 2019 Burin.
749 1987 853 2026 favet.
876 1989 959 2019 Mox
971 1989 992 2021 J
999 1998 1054 2019 un.
1069 1999 1144 2020 sum.
1160 1990 1378 2018 amaros.-—l9
1390 1986 1458 2017 Alii
1464 1986 1531 2024 fuit
1550 1996 1610 2026 pro
1625 1988 1705 2017 erat.

912 2074 1053 2106 NOTAE

299 2140 338 2168 15
364 2135 543 2175 Ambiguis]
583 2136 719 2176 Quippe
750 2147 824 2177 quae
854 2138 952 2168 hodie

255 2186 361 2223 favet,
377 2195 451 2215 cras
468 2194 520 2223 ea,
543 2194 615 2224 quae
632 2186 776 2215 maxime
798 2191 952 2226 auxerat,

256 2234 435 2266 subvertit.

299 2286 341 2315 20
366 2282 520 2321 Flamma]
552 2283 682 2319 Decm,
698 2281 876 2320 Splendor.

298 2336 338 2364 21
354 2332 449 2371 Fer-11]
469 2332 531 2361 Illa
545 2341 624 2362 vero
639 2330 712 2360 fera
729 2336 805 2360 sunt
821 2330 954 2371 gaudia,

258 2390 361 2427 atque
380 2385 463 2416 adeo
487 2384 616 2414 homine
643 2383 796 2422 indigna,
820 2393 892 2423 qum
911 2393 952 2413 cx

258 2437 368 2468 aliena
384 2434 577 2465 calamitate
596 2439 791 2463 nascuntur.

302 2490 343 2517 22
367 2485 445 2524 Dei]
470 2484 632 2522 Augusti:
659 2488 693 2513 ut
707 2484 951 2522 supruswpius.

299 2540 340 2568 23
371 2537 472 2575 thue
484 2535 613 2575 pudore]
652 2534 741 2564 Nihil
759 2535 810 2564 bic
827 2535 867 2564 ad
885 2545 953 2564 rrin

259 2588 527 2618 Connnentator.
589 2585 651 2614 Hic
680 2589 731 2613 est
766 2594 892 2621 sensus,
923 2585 955 2614 ni

259 2636 368 2667 fallor.
415 2638 455 2666 Se
482 2635 616 2676 quidem
644 2644 803 2674 peccasse
829 2632 956 2664 fatetur

263 2688 374 2726 Naso;
398 2691 433 2718 ut
448 2697 514 2717 non
529 2687 576 2718 ita
593 2690 631 2717 ut
646 2685 811 2726 pudorem
828 2688 888 2716 aut
902 2693 957 2715 ve-

1007 2139 1190 2170 recundum
1208 2138 1353 2169 animum
1367 2136 1563 2177 deposuerit
1578 2146 1585 2166 z
1615 2134 1705 2175 quod

1008 2189 1127 2227 quibus
1144 2188 1258 2218 evenit
1275 2187 1314 2216 ad
1333 2196 1428 2216 omne
1451 2186 1544 2215 nefas
1561 2183 1706 2223 projecti

1008 2236 1176 2265 videntur.
1204 2236 1292 2265 Illud
1306 2235 1455 2274 estquod
1471 2235 1556 2264 dixit
1569 2234 1706 2272 saepius,

1008 2295 1042 2315 se
1078 2295 1139 2324 per
1168 2294 1328 2319 errorem,
1358 2293 1421 2313 non
1456 2283 1541 2312 mala
1578 2287 1706 2322 mente,

1007 2335 1204 2374 cespitasse.
1267 2334 1457 2371 Ignoscitur
1490 2338 1601 2363 autem
1642 2333 1706 2364 illis

1009 2383 1194 2423 praesertim
1239 2392 1378 2423 qnorum
1423 2382 1560 2412 fortuna
1598 2383 1704 2423 magis

1008 2443 1104 2473 quam
1122 2433 1296 2462 consilium
1325 2432 1492 2471 peccavit.
1541 2431 1654 2461 Possis
1669 2436 1706 2463 et

1005 2484 1149 2522 pudorem
1167 2491 1335 2521 exponere
1351 2481 1438 2520 quod
1458 2481 1489 2510 in
1506 2480 1621 2511 l‘oiitae
1635 2481 1706 2511 cul·

1010 2542 1050 2572 pa
1068 2532 1259 2572 pudendum
1283 2531 1430 2571 quidem,
1448 2536 1481 2560 at
1500 2529 1704 2569 flagitiosum

1010 2593 1074 2613 non
1091 2582 1164 2612 fnit.

1051 2634 1090 2662 24
1105 2631 1240 2670 lut-iaia]
1256 2632 1419 2670 Tempore
1435 2633 1616 2660 senescunt
1628 2638 1704 2669 pec-

1008 2686 1098 2721 cata,
1113 2681 1339 2722 scilieet‚quae
1355 2680 1512 2711 invidiam
1528 2688 1593 2710 uon
1609 2687 1703 2709 exas-
