1877 3193
223 168 336 209 2758
767 176 1133 208 PROLEGOMENA

222 273 349 312 tialem,
371 271 586 309 Juvenalem,
606 270 741 311 Papinii
758 270 890 311 Sylvas‚
914 269 1123 309 Suetonium,
1146 274 1180 301 et
1197 269 1358 311 quosdam
1383 271 1467 302 alios
1489 271 1682 312 Scriptores

221 325 405 358 enarravit.
449 325 608 365 Denique
633 328 686 355 tot
709 328 872 364 tantaque
899 323 1020 363 edidit,
1043 324 1156 354 aiebat
1179 324 1358 364 Egnatius,
1381 328 1465 365 quot
1486 330 1680 367 quantaque

218 379 251 409 in
273 378 335 410 hoc
359 388 485 419 genere
509 378 549 408 ad
566 378 652 408 hanc
676 377 764 408 diem
780 386 891 408 nemo.
941 377 989 407 Eo
1015 376 1140 408 factum
1169 382 1233 414 est,
1251 383 1287 408 ut
1304 377 1444 408 acerbas
1461 387 1536 408 cum
1553 378 1682 409 aemulis

220 431 411 463 simultates
429 431 636 467 exercuerit,
660 440 678 460 a
701 430 822 470 quibus
841 430 1005 469 piperatis
1022 430 1165 460 literulis
1184 431 1389 470 perstrictus
1412 429 1489 470 fuit,
1514 431 1602 472 quod
1617 430 1682 461 sibi

219 488 449 524 comparatam
468 484 704 514 auctoritatem
724 483 870 513 retinere
887 482 1003 522 quavis
1018 482 1148 513 ratione
1166 488 1199 513 et
1217 488 1289 513 arte
1306 483 1554 521 contenderet3
1579 484 1681 525 atque

221 537 271 568 ita
287 537 407 568 crudos
424 537 548 577 ingenii
567 537 616 567 sui
635 535 734 566 fietus
752 536 908 565 emittere
924 539 1061 565 coactus
1079 535 1133 572 sit,
1150 535 1272 576 quibus
1290 536 1484 575 provectior
1505 541 1590 566 aetas
1607 545 1682 576 pro-

221 590 380 621 culdubio
411 591 643 620 maturitatem
675 588 856 618 attulisset.
902 588 1038 627 Quippe
1065 589 1073 604 ‘
1090 589 1303 618 auctoritatis
1335 594 1403 618 tam
1435 598 1564 629 magnae
1593 588 1681 629 fuit,’

221 644 333 684 inquit
350 644 499 683 Angelus
516 644 708 673 politianus
726 641 917 672 Miscellan.
937 650 967 670 c.
985 643 1016 672 9.
1035 642 1043 657 ‘
1061 646 1097 672 ut
1113 642 1229 672 Romae,
1247 642 1338 672 iuter
1355 640 1572 673 Professores
1584 642 1684 682 juve-

222 695 272 725 nis
288 695 397 726 adhuc
416 696 556 735 primam
574 695 813 725 celebritatem
832 693 893 723 sibi
918 692 1156 732 vindicaverit,
1172 695 1268 734 cujus
1286 695 1421 725 tuendae
1439 704 1478 725 ac
1494 694 1681 725 retinendae

222 748 331 787 gratia
345 748 473 780 factum
491 749 696 787 compluries
716 753 884 786 putamus,
911 752 946 776 ut
964 746 997 776 in
1015 746 1080 776 suis
1096 747 1257 786 operibus
1275 747 1423 778 frontem
1451 746 1682 788 perfricuerit,

222 806 257 831 et
276 811 336 841 per
352 812 463 842 aequa,
492 812 554 842 per
577 802 690 841 iniqua
707 799 829 830 famam
854 804 1009 840 captans,
1034 809 1151 839 parum
1170 809 1210 829 ex
1228 799 1293 830 title
1311 801 1478 841 quaepiam
1503 801 1680 838 retulerit3

222 855 381 885 nonnulla
406 856 510 885 etiam
538 855 624 884 male
645 854 750 884 solers
769 859 803 883 et
828 853 1076 892 praestigiosas,
1097 853 1243 892 speciem
1262 853 1396 893 quidem
1414 854 1594 893 primorem
1611 853 1682 884 veri

222 907 390 946 habentia,
403 918 522 948 magno
540 907 752 938 credentium
770 906 947 947 dispendio
964 907 1142 937 sententiis
1159 906 1401 947 ignorabilibus
1417 906 1634 947 implicuerit,
1646 910 1683 937 et

223 962 412 1001 pulverem,
429 962 517 1002 quod
536 962 643 1001 aiunt,
659 961 765 992 oculis
782 959 967 998 offuderit;
991 965 1049 991 aut
1071 960 1179 991 sicubi
1202 960 1311 1000 major
1333 958 1521 998 difficultas,
1548 969 1610 991 nec
1627 961 1684 991 ab·

221 1015 355 1055 sistens,
371 1024 433 1046 nec
450 1014 675 1054 congrediens
691 1025 786 1055 spem
802 1014 940 1045 lectoris
957 1014 1110 1044 eluserit.
1147 1014 1212 1051 lta,
1225 1003 1303 1044 dum
1317 1013 1446 1044 nescire
1462 1022 1497 1043 se
1512 1013 1589 1043 nihil
1607 1022 1682 1053 pro-

222 1068 303 1098 bare
318 1068 508 1106 contendit,
523 1068 624 1099 etiam
644 1068 780 1099 Parthis
797 1068 975 1109 aliquoties
992 1072 1026 1098 et
1045 1067 1265 1098 Cretensibus
1277 1066 1473 1098 mendacior
1489 1064 1681 1097 invenitur!

221 1120 304 1151 Ideo
320 1121 473 1161 Raphae'l
490 1122 750 1161 Volaterranus,
767 1121 1045 1162 Anthropologiae
1064 1121 1122 1152 lib.
1141 1130 1215 1152 xm.
1233 1120 1372 1161 dignum
1389 1130 1477 1157 eum,
1491 1124 1527 1149 ut
1545 1119 1587 1150 de
1606 1119 1681 1150 Coe-

222 1174 264 1203 lio
281 1174 509 1206 Quintilianus
526 1175 585 1212 ait,
602 1175 671 1205 vita
687 1176 850 1216 longiore,
866 1176 1000 1215 ingenio
1027 1181 1139 1205 tamen
1156 1175 1296 1205 meliore
1323 1172 1543 1204 existimavit.
1594 1172 1679 1203 Cum

221 1226 309 1256 enim
332 1227 539 1266 trigesimum
557 1232 714 1268 quartum
732 1229 841 1258 aetaiis
858 1238 981 1258 annum
1000 1228 1184 1267 attigisset,
1198 1229 1313 1258 Romae
1331 1225 1540 1267 pestilentia,
1562 1225 1628 1263 vel,
1643 1228 1682 1256 ut

220 1279 339 1310 Jovius
366 1284 485 1310 auctor
510 1285 573 1316 est,
600 1279 696 1310 febre
726 1286 904 1320 correptus
929 1280 1025 1310 obiit.
1070 1280 1132 1310 Ille
1157 1280 1228 1319 ipse
1245 1284 1309 1318 est,
1335 1289 1433 1320 quem
1451 1280 1493 1308 de
1511 1277 1680 1308 sacrificio

221 1331 291 1369 illo,
317 1331 406 1372 quod
435 1331 621 1372 Gregorius
647 1332 882 1363 Nazianzenus
899 1330 1087 1369 ἀναίμακτον
1113 1330 1230 1370 θυσίαν,
1251 1332 1410 1370 Synesius
1434 1330 1568 1366 τελετὴν
1588 1329 1679 1368 ἀπόβ-

220 1385 313 1422 ρητον
337 1389 473 1424 vocant,
495 1386 582 1415 male
604 1385 809 1415 sentientem
832 1384 1051 1424 politissimus
1067 1383 1123 1413 ille
1140 1383 1332 1414 Politianus
1348 1383 1411 1412 hoc
1428 1382 1680 1422 Epigrammate

220 1437 427 1469 facetissime
444 1437 616 1468 traduxit:
643 1440 651 1454 ‘
671 1437 779 1467 Audit
804 1437 977 1466 Marsilius
995 1438 1141 1475 missam,
1163 1437 1297 1467 missam
1321 1435 1406 1466 facis
1423 1436 1511 1465 illam
1526 1436 1588 1474 Tu,
1612 1435 1680 1466 Do-

221 1490 307 1529 miti,
332 1490 437 1529 magis
466 1494 520 1520 est
547 1489 721 1528 religiosus
748 1489 846 1519 uter?
892 1489 976 1521 Quis
1005 1489 1162 1519 dubitet?
1187 1493 1282 1519 tanto
1299 1498 1334 1519 es
1351 1493 1385 1518 tu
1405 1487 1593 1528 religiosior
1609 1488 1679 1526 illo,

225 1544 361 1576 Quanto
379 1542 496 1573 audire
511 1542 620 1573 minus
637 1546 691 1572 est
707 1541 806 1579 bona,
824 1550 922 1582 quam
940 1539 1076 1572 facere!
1115 1540 1229 1572 Nolim
1246 1546 1358 1570 autem
1376 1539 1514 1577 referre,
1530 1539 1619 1579 quod
1636 1539 1679 1570 de

221 1595 718 1635 ooLudovicusVives,lib.11.
739 1594 781 1625 de
796 1595 954 1626 Veritate
977 1594 1132 1634 Fidei,in
1153 1594 1238 1624 banc
1260 1603 1328 1624 rem
1353 1591 1517 1632 prodidit,
1540 1601 1582 1622 ne
1608 1591 1681 1632 pias

221 1649 401 1681 Christiani
416 1648 571 1679 Lector-is
587 1658 684 1679 aures
701 1648 857 1678 laeserim.
902 1647 1063 1679 Ceterum
1086 1657 1150 1678 nou
1173 1647 1279 1677 multo
1296 1650 1372 1686 post
1388 1645 1529 1676 eandem
1547 1645 1681 1685 provin-

220 1704 304 1733 ciam
322 1702 473 1741 suscepit
490 1701 753 1740 christophorus
770 1701 931 1732 Zarottus
946 1701 1267 1741 justinopolitanus,
1295 1700 1350 1731 cui
1375 1704 1605 1730 transversum
1622 1708 1681 1730 un·

222 1765 354 1795 gucma
370 1755 495 1786 veteris
515 1754 719 1794 Interpretis
745 1754 916 1786 sententia
940 1754 1116 1785 discedere
1140 1754 1258 1794 religio
1285 1757 1362 1784 est:
1388 1762 1454 1793 qua
1477 1752 1580 1783 etiam
1596 1754 1681 1783 tem-

222 1812 368 1848 pestate,
390 1817 511 1848 nempe
541 1817 626 1838 anno
645 1807 819 1838 millesimo
837 1807 1107 1848 quingentesimo
1124 1807 1255 1838 decimo
1279 1811 1388 1843 sexto,
1415 1805 1563 1836 Andreae
1588 1805 1681 1836 Nau-

221 1861 305 1901 gerii
321 1860 584 1899 Annotaiioues,
601 1861 656 1891 De
681 1860 881 1891 diversitate
899 1861 1111 1899 Lectionum,
1134 1860 1167 1890 in
1190 1860 1303 1891 omnia
1319 1858 1434 1890 Ovidii
1451 1867 1555 1898 opera
1569 1858 1680 1888 Vene-

221 1914 277 1945 tiis
309 1913 523 1954 prodierunt.
569 1914 652 1945 Post
679 1914 793 1954 paulo,
823 1912 965 1944 lodocus
991 1913 1120 1943 Badius
1139 1912 1335 1951 Ascensius,
1359 1912 1392 1942 in
1413 1910 1554 1942 Domitii
1575 1910 1680 1941 verba

212 1968 359 2008 jin-atus,
379 1968 467 1998 hunc
484 1967 638 1998 libellum
655 1966 820 1998 tironibus
837 1967 1023 1999 enarravit.
1070 1967 1145 1997 Fuit
1162 1966 1217 1996 ille
1236 1965 1481 2006 typographus,
1503 1967 1539 1994 et
1561 1963 1595 1994 in
1611 1963 1681 2004 illa,

223 2026 293 2052 tum
325 2020 550 2052 celeberrima
578 2020 726 2052 Lutetiae
754 2021 810 2057 τῆς
847 2018 1023 2058 οἶκουμένης
1049 2019 1195 2058 ἐπιτομῆς
1222 2018 1410 2056 academia,
1442 2016 1680 2057 grammatices

220 2073 412 2114 Professor,
435 2074 489 2105 ubi
506 2073 702 2112 familiares,
717 2077 754 2105 ut
771 2073 843 2114 ipse
862 2073 1023 2114 loquitur,
1039 2072 1270 2113 expositiones
1286 2072 1320 2102 in
1345 2076 1515 2109 auctoreS,
1532 2078 1606 2100 cum
1624 2078 1679 2100 ve-

220 2130 311 2157 teres
327 2130 398 2157 tum
414 2132 583 2164 recentes,
599 2137 707 2168 prope
725 2127 988 2158 innumerabiles
1001 2126 1121 2157 edidit.
1166 2125 1361 2158 Quinetiam
1389 2124 1550 2164 Baptista
1569 2123 1680 2163 Egna-

219 2178 287 2209 tius
305 2179 464 2217 Venetus,
489 2180 539 2210 wir
554 2186 658 2211 atate
674 2191 733 2212 sua
750 2181 862 2220 magni
880 2181 1037 2219 nominis,
1050 2180 1206 2211 brevibus
1222 2180 1289 2211 suis
1300 2178 1530 2210 notationibus
1542 2186 1607 2207 non
1623 2185 1680 2216 pa-

221 2240 293 2262 rum
310 2231 461 2271 caliginis
479 2232 556 2262 inde
582 2234 729 2264 sustulit.
777 2234 862 2264 Post
887 2234 980 2265 illum
1010 2234 1122 2265 Guido
1146 2233 1358 2271 Morttlonns,
1384 2240 1484 2271 quem
1510 2229 1677 2260 Adrianus

219 2282 340 2314 Junius
357 2283 464 2314 virum
481 2285 659 2324 multijuga
675 2284 845 2323 doctrina,
861 2290 895 2315 et
913 2285 1090 2316 omnifaria
1105 2285 1267 2323 lectione,
1283 2289 1385 2323 atque
1407 2280 1624 2312 humanitatis
1642 2282 1680 2312 et,

220 2336 443 2377 philosophiae
459 2338 566 2369 omnis
583 2336 749 2377 ἀφροδίτην
763 2337 813 2368 καὶ
827 2337 940 2377 χάριτα
957 2348 1080 2368 vocare
1097 2347 1162 2368 non
1180 2337 1361 2373 dubitavit,
1377 2336 1542 2374 cujusque
1565 2333 1677 2366 erudi·¹

219 2390 344 2421 tionem
359 2390 486 2421 Petrus
503 2391 656 2421 Naunius
672 2391 769 2422 initio
788 2391 843 2422 lib.
860 2400 893 2422 v.
913 2391 1103 2421 Miscellan.
1130 2389 1260 2429 magnis
1278 2388 1433 2419 laudibus
1449 2387 1596 2425 extollit,
1611 2387 1676 2418 hoc

220 2444 415 2483 opusculum
433 2444 595 2474 extremis
610 2444 726 2485 digitis
743 2445 870 2485 attigit.
904 2444 1040 2475 Deinde
1057 2443 1208 2475 Jacobus
1227 2442 1385 2482 Micyllus
1405 2440 1676 2480 Argennnensis,
1725 2455 1728 2457 -

219 2502 379 2528 accurato
402 2498 453 2528 vir
478 2498 628 2538 ingenio,
654 2498 781 2539 aliquas
798 2498 1065 2529 Observationes
1082 2496 1225 2532 addidit,
1242 2495 1362 2536 quibus
1387 2503 1451 2524 uon
1468 2493 1678 2524 mediocrem

221 2550 352 2582 laudem
371 2551 507 2582 meruit.
554 2551 622 2582 Hic
638 2552 772 2591 Micylli
789 2560 909 2581 nornen
925 2550 1076 2585 retinuit,
1091 2549 1179 2589 quod
1197 2558 1279 2587 puer
1296 2547 1380 2578 scite
1399 2556 1575 2586 personam
1593 2546 1678 2586 egis-

220 2607 273 2633 set
289 2604 434 2645 Micylli,
461 2605 557 2636 unius
581 2614 623 2636 ex
651 2604 949 2636 interlocutoribus
964 2603 997 2634 iu
1016 2604 1161 2641 Dialogo
1181 2601 1330 2639 Luciam,
1349 2601 1402 2640 qui
1421 2599 1534 2640 ὄνειρος
1549 2598 1568 2636 ὴ
1583 2598 1676 2631 ἄλεκ-

218 2655 314 2693 τρυὼν
330 2657 542 2689 inscribitur:
570 2658 816 2689 Ovidianorum
844 2661 956 2689 autem
984 2665 1125 2695 operum
1151 2654 1348 2685 recensione
1365 2659 1401 2684 et
1420 2653 1519 2683 variis
1536 2651 1676 2687 Luciaui

222 2709 339 2739 Latine
358 2710 514 2749 redditis,
533 2715 602 2742 tum
627 2711 734 2751 poesi,
750 2715 786 2743 et
802 2710 931 2742 duobus
949 2708 1191 2741 Arithmetices
1222 2706 1399 2746 Logisticae
1426 2705 1536 2745 libris,
1561 2712 1673 2736 exem-
