1877 3193
253 163 369 206 2450
737 173 779 203 P.
812 171 970 202 ovmu
1004 169 1217 200 NASONlS

255 269 451 323 Cumque
473 269 548 310 alii
569 269 764 322 sugerent
783 268 939 308 subitae
960 267 1164 318 contagia
1184 266 1342 317 cladis,

313 336 411 377 Nec
432 337 594 376 vellent
614 337 715 377 ictae
737 336 868 376 limen
889 333 1007 375 adire
1029 333 1213 384 domus;

254 403 319 445 Te
339 404 422 444 sibi
445 417 539 444 cum
564 405 720 457 paucis
741 402 940 443 meminit
961 402 1180 441 mansisse
1201 400 1374 441 fidelem
1395 413 1405 440 z

312 470 360 511 Si
380 483 549 524 paucos
569 470 731 523 aliquis
752 474 895 510 tresve
917 468 1086 509 duosve
1108 474 1259 509 vocat.

257 537 472 588 Quamvis
493 538 718 586 attonitus,
741 536 878 577 sensit
899 540 1042 576 tamen
1063 536 1208 576 omnia
1226 549 1236 577 :
1266 547 1345 575 nec
1367 539 1411 575 te

314 605 371 646 Se
391 606 535 646 minus
557 605 758 645 adversis
779 604 1019 644 indoluisse
1038 603 1143 643 suis.

256 672 405 713 Verba
423 674 547 720 solet,
568 672 820 723 vultumque
841 676 984 720 tuum,
1005 670 1276 723 gemitusque
1296 669 1475 710 referre:

314 738 369 779 Et
388 743 431 778 te
451 738 581 778 flente
603 749 707 776 suos
728 737 1015 777 immaduisse
1035 738 1173 776 sinus.

258 804 404 855 Quam
426 805 508 844 sibi
530 803 804 856 praestiteris,
827 815 918 856 qua
937 803 1189 843 consolatus
1210 803 1398 844 amicum

314 872 387 912 Sis
410 884 491 924 ope
509 884 519 921 ;
551 869 764 911 solandus
780 882 880 909 cum
900 869 1027 909 simul
1045 868 1144 921 ipse
1163 868 1293 909 fores.

258 938 347 979 Pro
369 939 531 991 quibus
552 936 737 977 affirmat
757 936 848 977 fore
869 949 918 978 se
938 948 1259 989 memoremque
1278 936 1514 990 piumque;

316 1005 419 1046 Sive
440 1004 556 1044 diem
578 1003 742 1053 videat,
764 1003 856 1044 sive
877 1007 1047 1055 tegatur
1067 1003 1214 1044 humo.

259 1072 343 1113 Per
363 1075 497 1124 eaput
517 1072 614 1123 ipse
638 1083 768 1111 suum
789 1071 944 1111 solitus
958 1071 1108 1124 jurare
1129 1075 1355 1123 tuumque,

316 1137 447 1188 Quod
465 1139 557 1177 scio
577 1149 662 1176 non
680 1137 744 1176 illi
765 1136 900 1177 vilius
918 1150 1016 1178 esse
1037 1150 1133 1178 suo.

259 1204 398 1245 Plena
416 1207 480 1244 tot
499 1215 551 1243 ac
571 1201 702 1242 tantis
720 1202 935 1243 referatur
954 1205 1092 1255 gratia
1111 1203 1241 1244 factis
1258 1217 1267 1244 :

316 1271 413 1312 Nec
433 1271 544 1311 sinet
562 1269 636 1309 ille
656 1272 754 1310 tuos
771 1268 899 1310 littus
920 1283 1042 1310 arare
1062 1271 1213 1311 boves.

1655 735 1711 775 40

1656 1071 1714 1111 45

258 1362 366 1391 morte.
412 1357 605 1388 Recordatur
618 1356 712 1387 etiam
727 1360 757 1387 te
769 1366 836 1387 cum
850 1358 968 1397 paucis,
980 1357 1007 1387 si
1022 1357 1088 1397 quis
1103 1357 1237 1396 appellat
1253 1357 1327 1386 duos
1341 1359 1394 1386 aut
1410 1359 1473 1386 tres
1485 1365 1609 1395 paucos,
1628 1366 1712 1387 »non-

257 1403 331 1434 sisse
343 1400 403 1432 sibi
420 1400 560 1441 fidelem,
576 1408 645 1429 cum
660 1399 754 1429 ceteri
769 1400 904 1429 vitarent
918 1400 1063 1438 contagia
1078 1399 1245 1438 repcntinoe
1260 1398 1372 1436 ruinae,
1393 1407 1488 1437 neque
1500 1399 1611 1429 vellent
1627 1409 1709 1430 occe-

257 1447 328 1476 dere
344 1444 382 1473 ad
398 1443 490 1473 limen
504 1443 609 1472 domus
622 1441 757 1482 afflictae.
805 1442 989 1482 Quanquam
1003 1441 1167 1479 attonitus,
1183 1441 1319 1471 advertit
1335 1443 1436 1470 tamen
1452 1440 1573 1479 singula
1587 1451 1597 1476 ,·
1620 1451 1714 1482 noque

258 1490 289 1517 te
304 1486 404 1517 minus
413 1494 444 1515 se
458 1484 642 1522 ingemuisse
656 1483 719 1513 suis
734 1484 891 1513 aerumm’s.
939 1484 1102 1514 Consuevit
1119 1483 1273 1513 reminisci
1289 1492 1384 1519 voces,
1400 1486 1430 1513 et
1437 1482 1555 1518 faciem
1570 1486 1667 1521 tuom,
1683 1488 1713 1514 et

249 1531 347 1570 fletus
359 1537 371 1564 ;
394 1530 425 1557 et
441 1529 471 1557 te
487 1528 676 1566 lacrymante
691 1534 759 1555 suos
773 1525 858 1555 sinus
869 1527 1020 1564 irrigatos
1028 1525 1141 1563 fuisse.
1188 1525 1277 1560 Quod
1292 1524 1447 1554 auxilium
1461 1525 1519 1554 sibi
1534 1526 1713 1565 proebueris,

259 1581 317 1611 quo
331 1570 418 1601 modo
432 1569 477 1599 sis
487 1569 658 1599 consolatus
672 1567 889 1606 amicum‚cum
904 1568 970 1607 ipse
984 1577 1045 1598 una
1061 1576 1139 1597 esses
1152 1568 1364 1597 consolandus.
1399 1567 1464 1596 Pro
1479 1567 1587 1606 quibus
1600 1570 1713 1599 asserit

258 1623 290 1644 se
306 1612 377 1651 fore
391 1620 553 1642 memorem
568 1614 598 1641 et
616 1611 728 1651 pium,·
749 1609 813 1640 sive
828 1609 961 1647 fruatur
976 1611 1052 1649 luce,
1067 1610 1130 1640 sive
1145 1610 1294 1640 condatur
1308 1611 1404 1638 terra.
1454 1609 1524 1648 Ipse
1544 1610 1652 1641 solitus
1660 1611 1713 1648 ju-

259 1665 330 1687 rare
342 1665 399 1695 per
412 1658 505 1694 caput
518 1663 606 1684 suum
620 1655 651 1684 et
674 1655 772 1691 tuum,
786 1654 865 1692 quod
880 1653 941 1683 scio
957 1663 1017 1683 non
1031 1662 1093 1683 esse
1105 1651 1156 1682 illi
1169 1652 1272 1682 minus
1286 1658 1391 1681 carum
1406 1660 1471 1681 suo,
1508 1651 1623 1682 Gratia
1634 1652 1713 1683 inte-

257 1707 318 1738 gra
333 1700 499 1737 reponetur
512 1705 567 1736 pro
586 1698 632 1726 tot
652 1705 688 1726 oc
711 1695 808 1726 tantis
829 1696 971 1731 meritis5
994 1704 1090 1735 neque
1112 1695 1164 1725 ille
1187 1694 1328 1734 patietur
1345 1697 1413 1724 tuos
1429 1693 1577 1732 juvencos
1590 1694 1716 1736 findere

876 1765 1110 1778 eeeeeeeeeeee

258 1823 357 1853 praev.
379 1815 478 1843 mente
496 1811 679 1849 fuisse—33
697 1811 766 1841 Pro
791 1810 889 1841 clodis
902 1810 982 1841 Jun.
1005 1810 1103 1849 pestis
1112 1819 1124 1845 ;
1156 1809 1251 1841 Leid.
1275 1809 1385 1840 mortis
1394 1819 1406 1845 ,·
1440 1810 1522 1840 Lov.
1548 1809 1713 1841 menti-⁹.—

261 1859 303 1887 36
326 1854 421 1886 Leid.
437 1856 539 1885 duosv.
556 1856 742 1893 negat.—37
770 1854 837 1885 Pro
852 1853 947 1884 sensit
962 1852 1058 1883 multi
1073 1853 1269 1883 sentit.—38
1292 1853 1371 1883 Lov.
1386 1853 1457 1883 adv.
1471 1852 1656 1890 ingemuisse
1666 1862 1713 1884 su.

260 1900 344 1930 -40
367 1897 408 1928 Iu
435 1897 591 1927 Palatino
615 1896 779 1927 emaduisse
806 1896 997 1935 legebatur.
1022 1895 1067 1926 D.
1087 1895 1199 1926 Heius.
1236 1895 1414 1934 Nonnulli,
1431 1894 1646 1925 immaduisse:
1675 1898 1712 1925 at

261 1944 392 1980 septem
410 1945 466 1970 aut
481 1944 558 1969 octo
571 1939 742 1977 meliores,
758 1939 950 1975 emaduisse,·
973 1937 1060 1978 quod
1077 1938 1217 1969 verbum
1231 1938 1383 1978 elegans,
1395 1936 1453 1967 sed
1470 1937 1537 1966 rari
1555 1946 1631 1966 usus
1647 1942 1713 1968 est.

264 1983 374 2014 Heius.
420 1982 577 2012 Nondum
596 1981 675 2012 satis
688 1981 902 2012 auctoritatis
918 1981 1017 2011 video
1031 1980 1072 2010 ad
1096 1980 1327 2020 recipiendum
1343 1980 1402 2010 hoc
1420 1979 1558 2009 verbnm
1574 1989 1581 2009 :
1607 1987 1713 2019 quare

261 2025 458 2055 immaduisse
487 2024 660 2065 rescripsi,
675 2024 762 2064 quod
779 2024 811 2054 in
828 2028 959 2064 septem
973 2023 1067 2054 libris
1083 2028 1170 2062 erat,
1184 2027 1218 2053 et
1235 2022 1360 2053 Ovidio
1384 2021 1543 2052 usitatum
1557 2021 1661 2052 Trist.
1686 2030 1714 2052 1.

262 2070 293 2097 9.
316 2068 325 2084 ‘
344 2067 517 2097 Credibile
548 2072 601 2098 est
622 2066 781 2107 lacrymis
807 2066 1021 2097 immaduisse
1048 2065 1171 2105 genas!
1195 2069 1231 2096 et
1254 2065 1302 2096 ita
1328 2064 1421 2095 alibi.
1454 2065 1565 2095 Burm.
1608 2063 1714 2094 Multi

262 2109 319 2140 alii
347 2110 634 2140 &maduisse-«43
670 2108 866 2140 Medonian.
897 2118 1117 2148 memoremque
1146 2110 1384 2148 tuumque—45
1420 2107 1591 2146 MelioreS,
1624 2110 1712 2137 teste

920 2187 1059 2217 NOTAE

265 2256 359 2279 suam
396 2246 591 2286 amicitiam,
626 2246 783 2286 neglecto
814 2246 962 2286 Augusti

264 2298 353 2337 odio,
369 2296 578 2337 patefacere.

308 2350 349 2379 32
387 2347 497 2387 Dolet]
537 2345 711 2378 Voluisset
748 2346 843 2376 Naso
881 2349 960 2376 ante

265 2399 350 2430 mori
366 2408 465 2440 quam
482 2399 514 2428 in
529 2397 665 2428 exilium
684 2397 884 2428 mitteretur.

308 2452 348 2480 33
387 2447 559 2488 Contagia]
609 2447 800 2478 Periculum
837 2455 960 2487 nempe

265 2499 445 2530 maximum
479 2503 553 2529 erut
591 2508 631 2528 ne
665 2497 811 2528 amicitia
845 2506 959 2527 eorum

267 2549 442 2589 Augustus
464 2547 693 2580 offenderetur
708 2547 765 2589 q-ui
779 2556 853 2578 eam
869 2546 961 2578 exuli

267 2601 377 2641 palam
395 2600 667 2632 testificarentur».

310 2652 351 2681 84
384 2650 476 2691 Ictoe]
517 2649 661 2692 Augusti
690 2647 831 2681 fulmine
861 2652 961 2690 atque

266 2707 330 2730 nro.

1057 2249 1098 2277 3⁷
1122 2247 1241 2286 Sensit]
1269 2247 1317 2278 Ut
1332 2248 1439 2278 virum
1462 2247 1637 2278 cordatum
1654 2245 1711 2275 de-

1013 2301 1081 2334 cet,
1107 2297 1163 2337 qui
1179 2297 1302 2327 mentis
1324 2297 1458 2336 integer
1482 2296 1613 2336 singula
1634 2305 1711 2335 cog-

1013 2354 1155 2376 noscere
1185 2350 1286 2386 atque
1311 2355 1527 2386 componere,
1547 2349 1710 2386 quantum

1012 2395 1106 2433 lieet,
1122 2396 1248 2434 pariter
1261 2395 1374 2426 debet.

1055 2449 1096 2477 40
1124 2446 1338 2485 Immoduisse]
1369 2444 1618 2483 Cun1‚s‹·ilicet‚
1634 2443 1714 2475 aini-

1015 2506 1072 2527 cus
1085 2497 1140 2527 ille
1152 2498 1183 2526 iu
1199 2496 1314 2526 Ροὸιιι·
1329 2496 1562 2536 complexibus
1572 2495 1713 2536 umens,

1014 2544 1160 2587 flensque
1188 2546 1347 2586 ubertim,
1366 2546 1522 2587 lacrymis
1547 2545 1614 2576 suis
1638 2545 1710 2585 ejus

1013 2595 1103 2626 sinus
1118 2594 1348 2635 perfunderet.

1056 2648 1097 2676 42
1120 2645 1286 2685 solandus]
1304 2646 1388 2679 Cum
1401 2646 1476 2687 ipso
1490 2646 1624 2678 Nasone
1641 2654 1709 2676 uon

1014 2695 1122 2728 miuus
1137 2694 1285 2728 doleres,
