1877 3193
257 195 373 237 2754

750 207 792 237 P.
826 205 985 236 OVIDII
1018 206 1232 236 NASONIS

258 299 368 342 Cum
389 300 534 341 Varus
556 300 872 353 Gracchusque
896 300 1044 341 darent
1063 300 1152 341 fera
1173 300 1296 342 dieta
1314 300 1528 354 Tyrannis
1542 298 1557 352 ’;

315 367 573 408 Callimachi
596 367 811 408 Proculus
831 369 964 408 molle
985 371 1143 408 teneret
1165 368 1269 409 iter:

257 434 437 488 Tityrus
458 435 659 487 antiquas
679 436 723 474 et
744 437 835 474 erat
855 435 931 487 qui
952 439 1157 488 pasceret
1176 434 1347 483 herbas,

317 502 524 556 Aptaque
544 502 719 542 venanti
741 502 930 542 Gratius
948 515 1068 543 arma
1089 502 1225 543 daret.

257 631 437 663 exhiberent
454 642 533 662 saera
548 633 631 662 dicta
645 632 783 671 tyranni,
802 631 953 662 Proculus
968 635 1144 672 sequeretur
1156 631 1284 662 lascivos
1299 631 1402 661 modos
1420 630 1614 662 Callimachi.
1659 630 1717 661 At-

258 684 314 715 que
337 678 402 705 erat
432 675 570 714 Tityrus,
599 675 651 714 (μα’
674 677 814 713 pasceret
838 676 984 713 gramina
1009 676 1148 714 antiqua,
1171 678 1200 705 et
1227 675 1362 705 Gratius
1373 673 1525 714 prm-beret
1542 683 1629 704 arma
1645 678 1717 713 apta

870 756 907 766 Ν
910 754 1103 765 ,eom

260 812 347 846 tuith·
381 811 421 842 P.
451 813 541 842 Dan.
575 811 716 842 Tiranni.
761 811 845 841 Mox
878 811 965 841 Mor.
993 809 1108 839 innexa
1139 809 1305 840 colla-31
1330 809 1400 840 Alii
1431 810 1506 840 «lice.
1535 810 1718 850 tyranni.—

260 856 300 883 33
327 853 413 884 Haec
430 863 491 884 nec
515 854 636 884 Latina
661 857 751 890 sunt,
777 863 840 883 nec
865 853 948 882 satis
976 851 1132 890 intelligo
1159 851 1238 891 quid
1264 851 1327 881 sibi
1354 853 1473 882 velint.
1512 851 1720 889 Hufniensis,

263 896 391 935 Tityrus
405 899 535 926 oeternos
549 899 670 926 caneret
687 896 738 935 qui
756 899 895 935 procreet
912 894 1030 924 herbas.
1078 895 1203 924 Moreti
1219 894 1341 930 codex,
1367 894 1496 934 Tityron
1512 895 1656 934 ‹mtiquas
1672 904 1718 925 re-

258 938 381 968 cubasse
394 938 523 973 referret
539 939 578 968 ad
594 938 729 977 umbras,
754 943 843 969 utet
864 938 949 968 liber
965 936 1062 967 Petri
1078 937 1206 973 Sei·vii;
1229 936 1292 966 nisi
1309 936 1396 976 quod
1425 937 1459 966 in
1483 946 1523 967 eo
1549 947 1636 967 aras:
1662 937 1718 966 alii

260 980 371 1011 aliter.

417 981 545 1012 Moreti
562 980 683 1012 librum
699 990 834 1021 sequor,
849 979 1034 1022 [quomodo
1051 980 1153 1010 etiam
1169 979 1286 1010 Burin.
1312 978 1448 1020 edidit,]
1478 978 1557 1009 dum
1573 979 1714 1010 meliora

920 1076 1060 1108 NOTAE

261 1150 404 1190 seilicet,
419 1149 523 1182 fuisse
541 1150 719 1191 tragicum.

306 1200 487 1240 cothurnis]
531 1201 764 1232 Calceamenti
794 1200 963 1242 quoddam

262 1260 367 1290 genus
383 1250 449 1281 fuit
472 1251 668 1289 cothurnus,
685 1261 751 1291 quo
768 1251 800 1281 in
823 1251 963 1290 agendis

262 1299 437 1340 tragoediis
453 1300 647 1340 utebantur,
671 1301 770 1331 sicuti
795 1310 913 1331 soccus
930 1302 963 1331 in

262 1349 435 1379 comoediis
451 1359 545 1379 usum
564 1359 658 1380 suum
674 1349 804 1380 habuit.

304 1402 344 1429 30
359 1398 500 1438 Melisse]
517 1399 617 1429 Hunc
629 1400 773 1439 Togatas
787 1397 964 1437 scripsisse

262 1450 358 1480 testis
368 1455 419 1480 est
429 1449 634 1479 Scholiastes
646 1449 781 1479 Horatii
793 1448 834 1478 ad
846 1447 965 1478 Artem

263 1499 450 1530 Potiticam.
494 1499 549 1529 De
575 1508 615 1528 eo
641 1499 745 1529 etiam
770 1497 964 1534 Suetonius,

262 1549 332 1588 qui,
343 1553 469 1588 praeter
482 1547 556 1577 illas
571 1546 775 1584 Comoedias,
791 1556 873 1587 quas
884 1546 965 1576 Tra-

262 1599 379 1628 beatas
396 1597 609 1637 inscripsisse
626 1596 724 1635 dicit,
740 1596 829 1626 illius
847 1596 964 1627 laudat

263 1647 466 1687 ineptiarum
483 1657 540 1677 seu
555 1647 713 1687 jocorum
730 1647 875 1685 libellos,
891 1646 962 1688 qui-

262 1697 323 1726 bus
337 1702 370 1727 et
383 1696 500 1727 mimos
514 1696 637 1726 diversi
652 1696 764 1736 operis
781 1695 963 1729 addiderit.

263 1747 398 1777 (lariss.
416 1746 576 1777 Heinsius
589 1751 702 1777 autem
714 1746 812 1786 jocos
829 1746 904 1776 illos
920 1756 963 1776 ex

262 1795 425 1836 Apologis
441 1796 606 1836 AEsopicis
618 1796 812 1827 constitisse
829 1796 962 1827 credit:

262 1845 294 1875 id
313 1845 401 1875 enini
419 1845 591 1876 scribendi
616 1855 720 1886 genus
743 1846 879 1886 ‘jocos'
907 1857 963 1876 vo-

263 1898 402 1937 cabant,
416 1898 466 1928 uti
478 1907 517 1928 ex
531 1897 678 1929 Phaedro
691 1903 724 1928 et
740 1898 892 1929 Martiali
907 1898 963 1929 ille

262 1948 350 1978 idem
388 1948 551 1980 ostendit.
611 1948 721 1979 Porro
762 1949 963 1980 Maecenatis

263 1998 419 2029 libertum
446 1997 550 2029 fuisse
574 1999 753 2030 Melissum
776 2009 840 2029 non
865 1999 964 2030 modo

262 2046 376 2088 docet,
403 2058 443 2079 ex
462 2048 586 2088 Plinio,
611 2049 754 2089 scilicet,
777 2060 890 2080 verum
915 2049 963 2079 in-

263 2106 362 2136 super
381 2098 497 2128 Caium
515 2098 660 2128 Cilnium
685 2099 876 2137 Melissuin‚
892 2109 961 2130 mu-

265 2146 379 2183 luatis,
398 2146 439 2176 de
457 2156 560 2186 more,
573 2158 592 2178 a
608 2153 753 2188 patrono
769 2150 962 2180 Maecenate

263 2195 473 2233 praenomine
486 2206 525 2226 ac
541 2198 689 2236 nominc,
700 2209 741 2229 ex
758 2209 799 2230 eo
817 2201 963 2239 appella-

263 2249 331 2274 tuin
362 2244 533 2284 opinatur,
565 2247 654 2286 quod
680 2248 721 2277 «le
754 2250 963 2287 prmnoniiue

263 2295 351 2324 inter
367 2294 562 2324 Suetonium
579 2299 613 2324 et
629 2295 838 2326 Sclioliasten
856 2297 962 2326 Hoia-

265 2344 300 2373 tii
321 2353 438 2384 parum
455 2344 646 2382 conveniat,
660 2344 823 2385 Caiusque
837 2345 964 2383 abhoc,

264 2393 306 2424 ab
337 2394 391 2424 illo
427 2394 538 2424 Cneus
574 2394 777 2424 nominetur.
837 2395 962 2424 Ycruin

265 2453 366 2483 supra
383 2443 517 2473 modum
535 2443 566 2473 iu
581 2444 675 2482 nugis
695 2444 918 2474 innnmauiur.

308 2493 414 2533 Avi-is]
447 2493 576 2532 Utpotc
600 2493 656 2533 qui
684 2494 770 2524 levia
792 2494 823 2524 in
841 2503 962 2523 cornoc-

266 2543 329 2572 ‹in›-
348 2543 520 2573 tractavit.

305 2596 343 2622 31
378 2591 492 2631 Varus]
516 2592 798 2634 Quandoquidem
812 2593 964 2633 Thyestis

265 2644 364 2672 ‹rii-un
405 2653 423 2672 a
455 2642 557 2673 Vario
595 2643 780 2683 conscripti
813 2642 963 2674 meminit

264 2692 398 2720 'lucitus
413 2692 444 2720 in
464 2691 548 2722 libro
567 2691 608 2721 de
627 2692 844 2732 Oratoribus,
860 2696 963 2732 atque

265 2739 353 2780 apud
389 2740 571 2771 Horatium
602 2750 692 2773 nune
723 2742 844 2782 Varus,
877 2751 963 2772 nunc

1017 1150 1142 1181 Varius
1158 1154 1358 1191 unus-atque
1376 1149 1466 1180 idem
1479 1149 1590 1181 Poeta
1608 1150 1721 1190 appel-

1017 1200 1118 1238 letur,
1136 1201 1271 1231 dubium
1289 1210 1355 1231 non
1373 1199 1520 1235 videtur,
1536 1199 1616 1240 quin
1633 1208 1718 1230 unus

1018 1256 1120 1291 atque
1148 1251 1239 1282 idem
1270 1250 1328 1290 sit,
1360 1260 1460 1291 quem
1493 1250 1658 1281 Horatius
1684 1254 1719 1280 et

1018 1301 1246 1331 Quintilianus
1287 1310 1351 1330 non
1393 1300 1538 1330 obscure
1579 1299 1720 1330 cuilibet

1018 1349 1216 1379 Graecorum
1237 1349 1270 1379 iu
1289 1349 1452 1388 tragoedia
1471 1349 1649 1379 scribenda
1662 1358 1719 1388 pa-

1019 1408 1087 1428 rem
1105 1397 1247 1429 faciunt.
1279 1397 1514 1428 Cremonensis
1529 1397 1602 1437 fuit,
1617 1408 1717 1438 eques

1021 1448 1204 1486 Romanus,
1219 1449 1351 1478 illorum
1366 1458 1450 1478 unus
1468 1449 1587 1489 quibus
1604 1449 1716 1479 AEnei·

1019 1496 1095 1527 <lem
1113 1496 1287 1537 Augustus
1303 1497 1398 1527 dedit
1415 1497 1673 1529 emendandam.

1064 1546 1239 1586 Gracchus]
1269 1547 1349 1586 Hie,
1380 1550 1416 1577 ut
1443 1550 1588 1578 testatur
1613 1548 1718 1585 Naso,

1017 1597 1108 1628 idem
1132 1597 1223 1639 qnod
1240 1597 1360 1628 Varius
1377 1605 1519 1638 ceperat
1542 1597 1718 1638 tragoediae

1019 1652 1263 1687 argumentum

1061 1697 1201 1737 Darem]
1224 1698 1299 1729 Hoc
1310 1702 1374 1738 est,
1383 1697 1414 1728 in
1428 1696 1586 1738 poemate
1595 1707 1652 1729 suo
1663 1698 1718 1729 de-

1019 1748 1222 1780 scriberent.

1063 1799 1159 1838 Fera]
1186 1797 1321 1838 Aspera
1336 1801 1372 1828 et
1386 1797 1566 1828 horrenda.

1065 1848 1232 1889 Tyn-annis]
1266 1847 1335 1879 Alii
1366 1847 1525 1888 Tyranni:
1553 1847 1720 1888 Thyestis,

1018 1899 1161 1937 scilicet,
1175 1899 1314 1938 Pelopis
1324 1898 1396 1936 filii,
1407 1898 1450 1928 de
1463 1898 1560 1939 cujus
1572 1898 1604 1928 in
1620 1898 1719 1929 Atre-

1019 1960 1073 1980 um
1095 1948 1232 1980 fratrem
1249 1948 1338 1989 odio,
1355 1949 1521 1979 adulterio
1539 1957 1613 1979 cuni
1630 1948 1719 1988 ejus·

1019 1999 1096 2030 dem
1114 2008 1230 2037 uxore,
1247 1998 1394 2039 itemque
1408 1997 1549 2038 prandio
1563 2007 1603 2028 ex
1617 2007 1719 2038 appo-

1018 2049 1092 2079 sitis
1108 2048 1150 2079 ab
1161 2047 1268 2078 Atreo
1280 2048 1312 2077 in
1327 2047 1444 2087 epulas
1459 2046 1551 2086 filiis,
1563 2047 1669 2078 multa
1685 2047 1717 2077 in

1018 2098 1247 2138 superioribus
1265 2097 1419 2127 vidimus.

1060 2151 1100 2179 32
1127 2148 1326 2187 Callimachi]
1356 2147 1467 2178 Poeta
1483 2147 1624 2179 Graecus
1641 2146 1718 2185 fuit,

1018 2197 1219 2229 Quintiliani
1251 2197 1442 2228 testimonio
1466 2197 1595 2238 Elegiae
1621 2197 1717 2226 Prin-

1016 2256 1111 2286 cepS.

1061 2294 1227 2333 Proculus]
1273 2295 1341 2325 Hic
1375 2293 1500 2324 famam
1529 2303 1548 2323 a
1579 2293 1717 2325 Nasone

1017 2344 1088 2373 solo
1104 2350 1305 2373 consecutus
1322 2348 1374 2373 est
1389 2343 1501 2372 hodie.

1063 2393 1171 2432 Molle]
1213 2394 1386 2423 Lascivum
1417 2392 1588 2424 scribendi
1612 2403 1717 2434 genus

1016 2443 1059 2474 de
1078 2454 1189 2473 amore.
1208 2449 1243 2474 et
1259 2444 1450 2483 hujusmodi
1467 2445 1618 2485 ineptiis.

1060 2497 1100 2524 33
1127 2493 1268 2534 Tityrus]
1298 2494 1420 2525 Pastor
1432 2501 1485 2525 est
1501 2496 1590 2535 apud
1607 2495 1718 2535 Virgi-

1018 2544 1097 2574 lium
1114 2544 1144 2573 in
1163 2544 1344 2582 Bucolicis,
1369 2545 1425 2585 qui
1449 2554 1508 2585 pro
1525 2546 1597 2585 ipso
1614 2545 1718 2586 pocta

1019 2593 1210 2623 sumendus.

1062 2642 1222 2682 vast-eret]
1249 2643 1323 2673 Hoc
1337 2648 1401 2683 est,
1413 2644 1576 2675 Bucolica
1590 2644 1716 2675 seribe-

1020 2698 1081 2724 ret.
1120 2693 1208 2723 lllud
1234 2703 1377 2734 namque
1401 2704 1442 2724 ex
1466 2703 1504 2725 eo
1529 2694 1716 2734 intelligen-

1018 2742 1097 2773 duui
1114 2742 1204 2784 quod
1221 2743 1264 2774 do
1290 2753 1325 2775 se
1347 2743 1407 2775 sub
1431 2743 1545 2784 Tityri
1572 2752 1716 2785 persona
