1877 3193
258 157 373 200 2816
753 171 792 200 P.
823 168 981 199 ovmn
1015 168 1230 201 NAsouis

262 261 412 319 thue
432 265 506 306 vel
529 264 705 306 Euenus
725 262 904 305 torrenti
925 262 1102 304 flumine
1120 276 1289 306 mersus
1633 265 1718 308 515

317 332 514 374 Nomina
535 333 610 373 des
630 331 814 385 rapidae,
836 332 908 373 vel
928 332 1176 383 Tiberinus,
1199 345 1343 386 aquae.

261 397 580 453 Astacidaeque
602 399 732 441 modo
755 399 904 441 decisa
924 400 1140 440 cadavere
1162 405 1331 452 trunco,

317 468 468 520 Digna
486 467 607 517 feris,
635 468 799 509 homini
821 469 878 509 sit
897 473 1033 522 caput
1054 482 1158 510 esca
1178 473 1317 510 tuum.

261 534 481 588 Quodque
501 535 647 576 ferunt
668 536 859 577 Brotean
880 535 1041 576 fecisse
1064 536 1271 588 cupidine
1292 537 1458 587 mortis,

319 603 411 644 Des
430 606 504 643 tua
525 615 755 643 succensae
774 603 969 643 membra
989 605 1220 644 cremanda
1241 618 1378 658 pyrae.

260 670 551 724 Inclususque
570 683 723 710 necem
744 683 883 710 cavea
903 670 1102 723 patiaris,
1124 676 1174 711 ut
1193 672 1266 712 ille

316 737 423 780 Non
442 737 705 793 profecturae
728 738 926 779 conditor
946 737 1156 779 historiae.
1189 754 1192 757 ·

1632 603 1718 645 520

259 848 348 880 stella
354 847 424 886 fuit
438 847 577 888 propitia
590 847 657 879 viro
669 847 881 888 Leoprepidae.
925 847 1030 887 Atque
1039 848 1194 878 demersus
1201 847 1301 888 fluvio
1310 847 1417 887 rapido
1428 847 1506 878 sicut
1521 848 1569 879 vel
1585 847 1720 887 Euenus,

258 892 305 923 vel
325 891 499 930 Tiberinus,
516 891 653 931 imponas
667 901 775 921 nomen
790 901 876 930 aquae
890 890 1038 921 currenti.
1084 891 1127 920 Et
1142 891 1222 922 sicut
1236 890 1408 929 Astaciden,
1426 893 1517 930 caput
1533 894 1620 921 tuum
1633 891 1720 921 avul-

259 944 326 964 sum
341 934 449 965 mutilo
465 935 626 972 cadavere,
640 944 708 964 esca
724 934 821 973 digna
829 933 927 971 serie,
942 934 985 964 sit
995 942 1072 964 esca
1087 933 1214 963 homini.
1262 934 1307 963 Et
1321 934 1400 973 quod
1413 932 1503 963 aiunt
1518 933 1659 963 Brotean
1666 932 1719 971 fe-

258 978 335 1008 cisse
348 976 498 1008 desiderio
514 977 635 1015 mortis,
657 977 780 1015 injicias
804 980 873 1007 tuos
887 980 975 1007 artus
995 978 1128 1007 urendos
1146 986 1234 1016 pyrae
1251 976 1422 1016 flagranti.
1466 977 1570 1015 Atque
1583 975 1721 1006 inclusus

258 1029 350 1051 cavea
365 1023 464 1051 morte
478 1019 636 1061 afficiaris,
652 1023 687 1050 ut
702 1020 754 1051 ille
761 1019 939 1058 fabricator
952 1019 1093 1050 historice
1108 1029 1166 1050 non
1178 1018 1376 1060 profecturoe.
1423 1018 1467 1049 Et
1483 1017 1591 1058 lingua
1602 1027 1720 1059 procax

868 1092 1104 1104 eeeeeeeeeeee

259 1151 319 1178 515
346 1147 415 1179 Pro
442 1148 567 1179 Euenus
581 1149 679 1179 multi
696 1148 818 1188 scripti
834 1148 1002 1184 Hebenus;
1025 1152 1061 1179 et
1077 1152 1146 1179 tres
1165 1147 1404 1179 Ebenus.—-51⁷
1429 1146 1498 1178 Alii
1518 1147 1720 1188 Hyrtacidae-

259 1200 316 1230 que
331 1192 413 1222 mod.
451 1191 587 1222 Deinde
603 1191 704 1222 decisa
725 1191 845 1223 Heins.
873 1191 1007 1232 reponit
1029 1200 1071 1222 ex
1087 1190 1216 1221 duobus
1232 1194 1317 1221 vett.
1334 1199 1396 1232 pro
1410 1191 1501 1230 vulg.
1518 1190 1621 1232 defixa
1632 1200 1642 1220 .-
1665 1189 1720 1221 Sa.

258 1233 402 1275 desfixa.
422 1234 578 1265 cadavere
595 1234 697 1265 etiam
714 1239 766 1266 est
781 1244 824 1265 ex
854 1234 974 1266 Heius.
999 1233 1134 1265 emend.
1152 1234 1242 1274 vulg.
1256 1234 1527 1265 cadavera.-518
1551 1232 1718 1264 Feri-sme-

258 1276 361 1306 liores
376 1281 464 1307 teste
482 1277 602 1308 Heius.
630 1277 737 1308 ceteri
745 1276 846 1315 feras.
870 1278 953 1308 Tum
969 1287 1010 1307 ex
1024 1281 1170 1317 quatuor
1183 1276 1321 1316 scriptis
1333 1275 1422 1306 idem
1439 1276 1591 1316 reposuit
1605 1275 1720 1306 homini

259 1326 322 1358 pro
340 1318 430 1357 vulg.
444 1318 589 1349 hominis.
613 1319 657 1350 R.
685 1319 825 1349 exhibet
839 1319 1176 1349 hominis...tui.—519
1199 1318 1267 1349 Alii
1283 1319 1457 1349 Brotheum
1474 1319 1526 1348 vel
1548 1318 1719 1349 Broteam:

259 1369 344 1391 unus
360 1360 478 1392 Heius.
494 1360 760 1392 Proteum—520
784 1360 825 1391 Iu
851 1361 931 1391 Pet.
959 1365 1034 1391 erat
1057 1361 1183 1390 membr.
1208 1361 1365 1390 tremenda
1376 1363 1556 1399 stum—522
1580 1361 1720 1400 Menag.

922 1455 953 1486 N
960 1453 1062 1486 OTAE

256 1529 355 1569 illud,
378 1528 437 1561 ubi
462 1529 659 1570 epularetur
683 1529 825 1570 Scopas,
850 1529 962 1560 conci-

258 1581 371 1619 disse3
413 1590 455 1611 ea
489 1580 586 1610 ruina
625 1580 732 1621 ipsum
761 1590 961 1620 oppressum

257 1641 334 1663 cum
350 1630 418 1661 suis
434 1629 623 1670 interiisse:
636 1633 702 1661 διο.
741 1630 857 1671 Atque
874 1631 962 1662 istuc

257 1683 367 1724 ipsum
379 1680 498 1712 Suidas
510 1685 545 1712 et
560 1681 675 1711 Valer.
689 1681 781 1711 Max.
796 1679 963 1713 referunt.

300 1735 364 1764 514
387 1730 702 1770 StellaJCastorem
725 1737 761 1762 et
784 1731 962 1762 Pollucem

258 1792 333 1815 esse
349 1793 392 1814 ex
405 1782 505 1814 modo
517 1783 628 1814 relata
642 1783 782 1814 historia
799 1787 963 1823 apparet;

259 1834 317 1875 qui
343 1833 479 1874 quidem
511 1833 734 1864 Geminorum
760 1833 853 1864 sidus
884 1842 962 1863 con-

257 1884 425 1916 stituunt:
459 1884 520 1915 sed
546 1884 693 1915 maxime
720 1884 962 1924 navigantibus

257 1944 383 1966 numen
430 1935 616 1975 propitium
662 1935 849 1966 creduntur
885 1945 961 1966 cum

256 1988 403 2026 uterque
418 1989 599 2025 apparent.

300 2034 517 2075 Leoprepidae]
533 2035 722 2067 Simonides
739 2040 802 2076 est,
816 2036 962 2076 Leopre-

259 2085 312 2126 pis
328 2084 430 2125 filius,
448 2085 551 2126 poe'ta
567 2086 718 2126 insignis,
733 2085 845 2126 patria
861 2087 961 2119 Ceus.

301 2138 362 2166 515
389 2135 529 2175 Euenus]
564 2136 663 2166 Hanc
690 2136 732 2166 de
764 2136 830 2167 isto
850 2135 960 2168 refert

260 2182 410 2214 fabulam
423 2185 564 2215 Homeri
575 2185 756 2226 interpres.
775 2187 859 2217 Cum
872 2187 961 2217 Mar-

260 2232 385 2273 pissam
398 2232 500 2263 filiam
525 2236 788 2273 pulcherrimam
803 2237 960 2276 haberet,

260 2291 334 2313 eam
361 2286 542 2322 poscentes
564 2292 701 2314 uxorem
728 2286 761 2315 in
784 2291 960 2317 certamen

259 2332 377 2364 curule
402 2332 622 2372 provocabat,
651 2343 765 2363 eorum
793 2335 850 2374 qui
878 2336 960 2366 victi

260 2386 372 2414 essent
388 2383 503 2422 capita
518 2381 649 2413 foribus
665 2382 840 2423 affligebat,
856 2389 893 2415 ut
911 2394 960 2414 re-

257 2433 367 2474 liquos
381 2442 399 2464 a
413 2434 634 2464 contentione
652 2435 854 2466 deterreret.
881 2435 959 2465 Idas

259 2487 374 2515 autem
396 2484 452 2525 qui
483 2483 633 2524 Apharei
658 2484 746 2516 tilius
774 2483 959 2524 ferebatur,

259 2543 338 2566 eum
354 2540 445 2566 esset
472 2536 636 2575 Neptuni,
652 2537 802 2577 acceptis
818 2547 837 2567 a
861 2544 959 2577 patre

259 2586 354 2626 equis
384 2586 615 2625 velot-issimis,
640 2588 789 2618 Euenum
822 2598 959 2629 supera-

260 2636 324 2674 vit,
351 2637 555 2676 Marpissaui
578 2637 683 2668 filiam
710 2638 853 2669 abduxit
878 2648 959 2669 uxo-

261 2692 344 2715 rem.
378 2686 514 2717 Euenus
530 2692 641 2718 autem
659 2697 727 2728 prae
744 2688 861 2718 dolore
874 2698 910 2719 se
926 2688 960 2718 in

264 2733 455 2774 Lycormam
470 2736 605 2769 AEtoliae
627 2736 764 2769 fluvium
787 2738 961 2779 demersit,

1016 1528 1071 1559 cui
1098 1526 1196 1559 dedit
1223 1536 1356 1558 nomen.
1400 1526 1474 1558 Idae
1499 1531 1612 1558 tamen
1634 1537 1719 1568 prae-

1016 1579 1092 1610 dam
1115 1577 1285 1609 auferenti
1308 1578 1458 1609 occurrit
1480 1576 1605 1618 Apollo
1627 1578 1720 1618 puel—

1016 1631 1083 1661 lam
1116 1630 1148 1661 ei
1177 1640 1300 1671 rapere
1328 1630 1465 1661 volens:
1502 1639 1649 1671 cumque
1676 1629 1719 1661 ad

1017 1690 1164 1722 pugnam
1194 1681 1422 1721 convenisset,
1453 1680 1593 1721 Jupiter
1627 1680 1721 1712 Mer-

1017 1731 1146 1762 curium
1177 1730 1281 1770 misit,
1313 1736 1351 1762 ut
1381 1731 1443 1762 sibi
1480 1740 1580 1772 quem
1613 1731 1720 1762 vellet

1017 1782 1130 1823 puella
1147 1782 1302 1822 eligeret.
1347 1782 1434 1813 Haec
1449 1791 1531 1812 vero
1547 1782 1721 1822 sapienter

1018 1832 1101 1863 Idan
1127 1832 1274 1872 accepit,
1292 1833 1415 1870 verita,
1436 1832 1508 1864 scil.
1537 1841 1581 1862 ne
1609 1841 1719 1864 senes·

1017 1888 1153 1914 centem
1183 1883 1307 1923 Apollo
1336 1884 1510 1925 rejiceret.
1555 1882 1635 1914 Alia
1669 1889 1719 1915 ta·

1017 1944 1095 1965 men
1117 1934 1193 1965 alii:
1219 1933 1351 1965 fabulas
1378 1944 1504 1973 omnes,
1523 1943 1565 1964 ex
1593 1933 1716 1975 quibus

1010 1983 1250 2026 jucundiorem
1270 1984 1369 2015 libuit
1385 1985 1528 2024 eligere.

1058 2039 1122 2067 516
1148 2035 1327 2075 Tiberinus]
1353 2036 1418 2066 Hic
1439 2036 1480 2066 ab
1496 2035 1603 2066 AEnea
1627 2039 1720 2067 octa-

1014 2096 1075 2117 vus
1092 2085 1157 2117 fuit
1173 2095 1234 2116 rex
1251 2086 1473 2125 Albanorum,
1488 2086 1545 2126 qui
1561 2086 1595 2116 in
1614 2084 1719 2117 Albu-

1013 2138 1079 2168 lam
1096 2137 1186 2167 inter
1212 2137 1404 2176 praeliantes
1425 2135 1599 2176 depulsus,
1622 2136 1657 2167 in
1677 2144 1719 2167 eo

1015 2188 1130 2228 periit,
1144 2192 1246 2229 atque
1273 2187 1322 2218 illi
1345 2196 1468 2218 nomeu
1490 2186 1586 2218 dedit
1609 2195 1718 2217 suum.

1015 2238 1219 2278 Quanquam
1242 2237 1406 2278 Virgilius
1435 2237 1558 2277 aliique
1582 2235 1717 2267 diversa

1016 2287 1245 2318 tradiderunt.

1058 2341 1119 2368 517
1143 2336 1319 2375 Astacidae]
1344 2335 1561 2374 Menalippus
1585 2336 1651 2373 est,
1672 2333 1719 2365 A·

1015 2386 1100 2416 staci
1118 2386 1315 2415 novissimus
1343 2384 1444 2422 filius,
1465 2384 1567 2415 sicuti
1589 2384 1717 2425 legitur

1014 2435 1103 2475 apud
1134 2434 1390 2475 Apollodorum,
1420 2434 1514 2474 cujus
1552 2444 1573 2465 a
1596 2434 1716 2475 Tydeo

1014 2485 1163 2516 letaliter
1188 2485 1363 2515 vulnerato
1400 2488 1518 2525 caput,
1556 2489 1715 2526 tanquam

1015 2547 1034 2567 a
1057 2545 1155 2575 cane,
1180 2544 1246 2566 non
1274 2536 1344 2566 sine
1376 2536 1541 2566 Minervae
1566 2534 1715 2576 indigna-

1014 2587 1120 2624 tione,
1135 2596 1246 2617 rosum
1264 2596 1365 2626 supra
1381 2586 1537 2618 diximum

1055 2639 1118 2668 519
1142 2636 1298 2676 Brotean]
1323 2637 1470 2668 Vulcani
1488 2641 1523 2668 et
1546 2636 1712 2667 Minerva

1014 2688 1178 2727 nonnulli,
1192 2688 1363 2728 nummis,
1377 2686 1509 2719 faciunt
1524 2687 1641 2727 filium,
1655 2685 1712 2727 qui

1014 2742 1156 2779 propter
1185 2737 1438 2770 deformitatem
1465 2747 1542 2770 eum
1569 2745 1606 2768 se
1636 2744 1716 2767 con·
