1863 3193
606 180 848 214 Tms'rmM
883 181 978 212 mu.
1011 180 1085 213 111.
1118 169 1187 211 11.
1512 167 1624 210 2361

173 280 342 324 Saevior
362 292 408 320 es
427 277 542 320 tristi
564 278 794 330 Busiride;
828 277 990 319 saevior
1011 277 1105 326 illo,

232 347 323 398 Qui
344 347 505 393 falsum
523 345 645 387 lento
669 346 824 386 torruit
844 346 944 398 igne
963 346 1122 387 bovem
1141 356 1151 383 :

175 414 352 469 Quique
371 415 531 455 bovem
553 412 707 453 Siculo
726 412 863 454 fertur
880 413 1070 454 donasse
1090 415 1288 465 tyranno,

232 482 288 523 Et
308 482 436 523 dictis
456 484 569 521 artes
591 480 856 521 conciliasse
879 492 997 520 suas.

175 549 358 591 Munere
378 548 423 588 in
441 547 540 597 hoc,
556 546 674 596 Rex,
698 550 765 587 est
784 559 904 595 usus,
927 545 1004 585 sed
1023 543 1214 596 imagine
1234 541 1400 594 major:

233 616 328 657 Nec
349 615 448 657 sola
468 617 536 655 est
558 614 704 668 operis
725 612 868 654 forma
889 611 1116 666 probanda
1136 609 1235 650 mei.

175 683 357 737 Aspicis
379 697 406 724 a
426 682 582 724 dextra
600 682 716 723 latus
733 681 818 721 hoc
841 679 1084 733 adapertile
1106 677 1252 719 tauri?

232 750 337 792 Huc
359 750 453 800 tibi,
478 763 606 804 quem
626 749 800 803 perdes,
822 746 1121 802 conjiciendus
1142 744 1235 785 erit.

175 817 380 859 Protinus
402 818 622 859 inclusum
644 816 771 857 lentis
793 814 1054 856 carbonibus
1076 826 1148 854 ure
1167 826 1176 854 z

232 885 420 938 Mugiet,
441 890 486 926 et
505 885 594 924 veri
615 897 704 923 vox
726 884 806 923 erit
824 883 901 923 illa
920 882 1067 922 bovis.

175 953 265 994 Pro
286 953 446 1006 quibus
466 952 670 1001 inventis,
693 956 744 991 ut
762 964 914 991 munus
935 961 1108 990 munere
1129 958 1305 1001 penseS,

233 1019 320 1069 Da,
342 1032 510 1072 precor,
533 1018 708 1071 ingenio
732 1018 916 1071 praemia
937 1016 1069 1068 digna
1088 1028 1204 1056 meo.

176 1086 377 1127 Dixerat.
441 1084 502 1125 At
523 1085 746 1134 Phalaris,
770 1085 925 1125 Poenae
946 1083 1142 1123 mirande
1162 1084 1368 1134 repertor,

234 1153 340 1207 Ipse
361 1157 481 1194 tuum
501 1165 698 1206 praesens
719 1152 878 1201 imbue,
899 1149 1026 1197 dixit,
1051 1160 1181 1201 opus.
1324 1156 1327 1157 ’

1573 339 1628 379 40

1574 675 1632 715 45

176 1284 218 1315 tis
241 1287 293 1314 tuo
299 1283 429 1322 judicio.
478 1282 640 1313 Crudelior
655 1292 687 1313 es
690 1282 764 1318 fero
780 1281 953 1318 Busiride;
976 1280 1128 1312 crudelior
1142 1281 1209 1319 illo,
1224 1280 1276 1320 qui
1297 1279 1497 1320 ussitfictum
1510 1281 1634 1309 taurum

175 1327 254 1357 lento
269 1326 362 1364 igne;
385 1328 416 1356 et
431 1326 482 1364 qui
497 1325 614 1355 dicitur
628 1325 745 1355 dedisse
771 1328 895 1355 (aarum
921 1327 1054 1365 tyranno
1081 1324 1199 1362 Siculo,
1214 1327 1306 1363 atque
1321 1323 1542 1353 commendasse
1566 1330 1637 1351 suas

173 1372 258 1399 artes
273 1367 381 1398 verbis.
430 1367 509 1405 Rex,
527 1367 647 1407 inquit,
663 1367 786 1397 utililas
801 1370 845 1397 est
862 1368 894 1398 z'n
910 1367 965 1398 hoc
980 1368 1069 1405 dono,
1085 1369 1137 1397 sed
1152 1367 1250 1404 major
1265 1376 1355 1406 quam
1371 1365 1514 1396 videtur:
1537 1373 1634 1403 neque

174 1411 235 1441 sola
249 1410 365 1450 species
379 1409 479 1449 operis
494 1410 554 1440 mei
570 1413 616 1440 est
641 1411 837 1441 aestimanda.
889 1410 1019 1441 Videsne
1043 1410 1098 1440 hoc
1122 1410 1202 1440 latus
1225 1408 1308 1439 bovis
1323 1404 1516 1447 adapertile?
1562 1406 1636 1436 Huc

174 1453 234 1484 tibi
248 1453 459 1483 immittendus
483 1453 544 1482 erit
561 1462 648 1492 quem
665 1454 744 1483 voles
764 1452 928 1492 perimere.
978 1453 1071 1483 Torre
1086 1453 1228 1483 continuo
1244 1451 1393 1482 inclusum
1418 1450 1545 1480 modicis
1568 1458 1636 1478 car-

175 1495 320 1527 bonibus:
345 1496 483 1533 mugitus
498 1496 577 1529 edet,
595 1499 623 1525 et
640 1495 692 1525 ille
707 1505 798 1525 sonus
821 1496 880 1525 erit
898 1495 963 1525 veri
979 1495 1074 1526 tauri.
1121 1496 1185 1524 Pro
1209 1494 1315 1534 quibus
1330 1492 1474 1532 inventis,
1489 1495 1523 1522 ut
1539 1500 1637 1521 remu-

174 1538 294 1570 nereris
307 1537 486 1577 beneficium
510 1537 666 1578 beneficio,
679 1537 796 1577 praebe,
811 1547 923 1576 quaeso,
939 1539 1106 1567 mercedem
1131 1538 1257 1575 dignam
1270 1535 1396 1574 ingenio
1409 1545 1483 1565 meo.
1528 1533 1637 1564 Absol-

176 1584 284 1613 verat:
307 1584 339 1610 at
357 1580 518 1619 Phalaris,
535 1580 683 1610 Inventor
705 1580 848 1620 supplicii
871 1580 1064 1619 admirande,
1093 1583 1141 1618 tu,
1165 1578 1279 1618 inquit,
1291 1587 1438 1618 praesens,
1452 1586 1533 1616 unge
1549 1579 1636 1606 tuum

787 1662 1022 1674 eeeeeeeeeeee

179 1727 283 1748 versa:
309 1717 438 1748 Zulich.
453 1720 651 1756 pressa—41
678 1718 719 1748 V.
736 1717 817 1755 fert.
833 1719 992 1748 damnasse
1009 1719 1221 1758 lyrarum—43
1246 1716 1379 1746 Bersm.
1399 1714 1483 1745 Mss.
1501 1717 1535 1744 et
1553 1712 1637 1743 editi

180 1759 315 1800 quidam
331 1769 415 1799 usus,
433 1761 516 1799 Rex,
540 1763 680 1792 ests-44
706 1760 761 1790 Fr.
790 1761 850 1791 Be.
878 1766 913 1791 et
940 1760 1075 1800 plurimi
1103 1759 1157 1790 alii
1185 1758 1309 1789 habent
1334 1761 1379 1788 est
1401 1756 1520 1797 pecoris
1537 1755 1637 1792 form.

180 1802 276 1833 Leid.
293 1803 374 1832 tanti
390 1813 399 1837 ‚·
423 1803 511 1833 uude
528 1803 621 1833 Tauri
646 1802 795 1833 faciebat
813 1803 934 1834 Heius.
952 1808 990 1833 ut
1018 1803 1180 1842 Excerpt.
1196 1802 1295 1831 Voss.
1313 1805 1348 1831 et
1365 1803 1510 1841 quatuor
1527 1797 1637 1829 Codd.

178 1845 402 1875 habena—45
430 1845 569 1875 Plurimi
587 1845 692 1875 Codd.
709 1850 744 1875 et
771 1846 902 1876 Bersm.
918 1855 936 1875 a
952 1847 1163 1876 dextro—46
1186 1844 1249 1875 Be.
1275 1848 1310 1874 et
1336 1844 1450 1883 plures
1465 1840 1548 1871 editi
1570 1841 1638 1870 Hac

179 1888 234 1918 tib.
260 1888 300 1919 P.
320 1887 428 1923 Huic;
453 1888 549 1917 multi
568 1887 651 1917 Hic:
680 1888 760 1918 Lov.
790 1888 883 1918 Hanc
908 1887 964 1918 tib.
990 1897 1081 1927 qaam
1106 1887 1230 1925 perdis.-
1265 1885 1323 1916 alii
1351 1885 1454 1915 etiam
1476 1883 1638 1923 perdis.—

179 1932 220 1961 49
243 1930 337 1960 Unus
369 1930 426 1959 lib.
454 1931 517 1959 inv.
545 1938 651 1959 munus
677 1931 755 1968 quod
786 1939 847 1969 pro
884 1933 1042 1969 quoe—50
1078 1928 1180 1959 Multi
1207 1937 1332 1957 munera
1362 1936 1423 1966 pro
1451 1924 1638 1965 proemz'a.—

179 1975 217 2002 51
244 1972 428 2012 Gottorph.
457 1972 543 2001 l’oeri.
560 1972 750 2001 memorande
766 1974 880 2011 repert.
899 1972 982 2001 alius
998 1971 1267 2000 veserantia—52
1292 1968 1412 1999 Heins.
1431 1976 1490 2007 pro
1504 1974 1640 2006 praesens

181 2015 297 2046 scribit
309 2015 472 2056 princrps;
497 2013 682 2054 Gottorpli.
701 2023 761 2054 pro
780 2023 848 2044 var.
866 2014 943 2044 lect.
960 2014 1078 2053 primus
1093 2023 1103 2048 ;
1126 2013 1241 2042 Burm.
1259 2011 1345 2051 conj.
1360 2012 1522 2050 praestans.
1555 2009 1638 2039 Tum

840 2111 980 2142 NOTAE

223 2189 263 2217 39
288 2186 450 2226 Busiride]
478 2187 544 2219 Qui
559 2186 809 2218 crudelissimus
823 2194 880 2215 rex

179 2236 319 2276 AEgypti
350 2236 393 2266 ab
427 2236 576 2267 Hercule
608 2236 811 2274 immolatus,
843 2240 881 2264 ut

181 2285 309 2317 dictum
327 2286 358 2316 iu
376 2286 472 2316 Arte.

221 2338 262 2365 40
288 2335 366 2375 Qui]
398 2336 570 2366 Phalarim
588 2336 756 2375 designat,
782 2334 880 2374 Agri-

181 2385 392 2425 gentinorum
432 2391 623 2426 tyrannum,
661 2385 716 2425 qui
755 2389 882 2425 praeter

183 2438 294 2465 cetera
320 2436 460 2466 saevitiae
493 2436 719 2466 iustrumenta
750 2440 881 2465 taurum

183 2493 311 2515 aeneum
335 2486 464 2524 habuit,
481 2486 599 2516 Perilli
621 2485 882 2525 cnjusdamarte

183 2532 397 2573 fabricatum,
414 2537 446 2566 in
476 2547 574 2577 quem
601 2537 791 2575 dammum,
815 2535 883 2576 qui,

184 2584 358 2622 supposito
389 2585 478 2624 igue,
510 2587 602 2616 bovis
634 2586 781 2626 mugitus
806 2585 882 2616 edc-

183 2636 272 2671 rent,
290 2633 472 2664 crudeliter
485 2636 655 2667 mittebat.

226 2684 264 2712 41
293 2682 428 2722 Quique]
460 2683 524 2714 Hic
551 2694 625 2715 cum
651 2685 798 2716 muueris
824 2694 881 2715 no-

936 2188 1104 2224 speraret,
1121 2184 1154 2213 in
1173 2187 1304 2213 taurum
1319 2191 1448 2212 aeneum
1462 2180 1639 2220 conjectus

936 2234 1127 2274 ejnsjnssu,
1140 2234 1266 2274 primus
1281 2233 1362 2263 artis
1382 2241 1450 2262 suae
1464 2230 1638 2271 specimen

936 2294 1002 2315 non
1020 2291 1148 2315 temere
1166 2284 1325 2324 praebuit.

979 2337 1020 2364 42
1037 2334 1158 2373 Dictis]
1174 2333 1312 2364 Scilicet
1325 2341 1446 2362 munus
1460 2335 1528 2362 tam
1543 2339 1638 2370 egre·

937 2384 1027 2423 gium
1051 2384 1162 2415 verbis
1178 2387 1342 2424 quantum
1367 2381 1480 2421 potuit
1507 2380 1641 2411 ornavit

938 2434 1100 2465 l'erillus.

980 2485 1020 2513 «13
1047 2480 1193 2520 sslunere]
1217 2478 1415 2510 Verbahaec
1428 2481 1504 2508 sunt
1518 2476 1641 2507 Perilli

939 2536 1071 2562 taurum
1087 2540 1181 2561 suuni
1198 2526 1477 2559 eounnendauus.

980 2584 1020 2612 52
1035 2579 1193 2618 Praesens]
1214 2577 1428 2608 Laudaverat
1445 2584 1528 2615 opus
1543 2583 1638 2607 suum

938 2632 996 2662 ille
1031 2629 1170 2669 insignis
1203 2627 1347 2658 artifex:
1390 2628 1491 2666 Ergo,
1526 2626 1639 2666 inquit

939 2680 1106 2719 Phalaris,
1133 2678 1294 2709 faciainus
1317 2676 1365 2707 rci
1382 2676 1486 2716 ipsius
1507 2676 1638 2716 pericu-

184 2732 271 2765 mine
302 2740 369 2764 uon
397 2732 471 2763 leve
506 2734 651 2775 pretium
685 2745 705 2766 a
736 2740 880 2778 tyranno
935 2732 1018 2772 lum,
1048 2733 1152 2773 tuque
1190 2729 1264 2771 ipse
1289 2728 1445 2761 inventor
1475 2730 1636 2772 tauquam
