1877 3193
545 202 699 234 EPlsT.
733 202 799 232 Ex
834 202 992 233 ΡοΝΤο
1026 203 1122 233 mn.
1147 203 1212 234 lv.
1241 192 1312 233 14.
1542 193 1654 235 2741

862 329 1002 361 NOTAE

201 411 359 452 Apolline
376 417 411 444 et
425 412 531 444 Musis
546 413 717 445 hominum
734 414 902 445 mentibus
1002 413 1154 453 Deorum]
1178 413 1246 444 Alii
1264 414 1403 453 duorum,
1418 412 1440 445 i.
1457 422 1486 444 c.
1505 412 1566 452 tui,
1583 414 1660 443 mei-

200 460 396 502 inspiratur.
957 472 1035 504 que.

243 514 285 542 47
307 511 419 551 Pueri]
443 512 616 544 Neronem
632 513 904 550 dicit,Drusum,
1000 514 1042 542 49
1066 511 1175 542 Praebe
1201 511 1410 553 monumenta]
1444 511 1582 552 Aliquid
1611 513 1659 542 iu-

201 565 237 592 et
258 561 377 592 Caium
404 562 565 602 Caesares,
583 562 778 593 Germanici
807 560 904 600 filios,
958 560 1053 600 signe
1072 565 1233 602 praestato
1250 571 1312 601 pro
1327 571 1401 593 mea
1415 563 1531 593 sainte.

202 621 284 652 quos
300 612 386 644 Caro
403 612 628 643 instituendos
645 611 799 643 dederat.

624 1045 1047 1095 EPISTOLA
1105 1048 1253 1095 le.

755 1213 1100 1256 TUTIGANO.

748 1352 1106 1404 ARGUMENTUM.

201 1470 256 1501 AD
271 1469 416 1502 eundem
431 1469 646 1509 Tuticanum,
663 1469 706 1500 ad
720 1478 819 1510 quem
839 1469 992 1509 superius
1016 1469 1217 1509 scripserat,
1233 1470 1320 1501 hane
1348 1471 1451 1502 etiam
1476 1471 1657 1512 epistolam

241 1524 350 1555 mittit
372 1523 502 1555 Poeta:
527 1523 678 1563 dicitque
696 1532 730 1553 se
749 1531 996 1563 quemcumque
1013 1522 1137 1561 locum,
1151 1523 1205 1553 vel
1222 1523 1574 1563 incommodissimum‚
1591 1533 1658 1554 ma-

243 1576 294 1616 gis
311 1580 431 1617 optare
447 1575 505 1607 ubi
521 1576 637 1607 exulet
652 1585 752 1616 qnam
767 1575 979 1606 Toniitanam
994 1575 1124 1607 urbem.
1170 1576 1304 1608 Deinde
1328 1587 1363 1608 se
1387 1582 1541 1617 excusat,
1569 1577 1658 1618 quod

241 1638 309 1660 non
326 1629 454 1660 debent
467 1628 612 1660 Tomitae
631 1629 664 1659 id
688 1638 779 1669 aegre
807 1629 910 1668 ferre,
944 1629 1109 1670 siquidem
1126 1630 1247 1669 iocum,
1262 1639 1328 1660 non
1351 1630 1513 1670 homines,
1530 1631 1661 1671 vitupe-

242 1688 306 1714 rat.
354 1683 534 1714 Postremo
547 1681 675 1714 fatetur
691 1691 726 1713 se
744 1681 786 1713 ab
800 1682 848 1712 eis
866 1680 1027 1713 affectum
1043 1681 1146 1713 fuisse
1161 1682 1345 1714 benefieiis.

199 1787 342 1846 HAEC
365 1806 443 1847 tibi
459 1805 693 1856 mittuntur,
713 1818 844 1859 quem
862 1819 958 1847 sum
979 1806 1110 1847 modo
1133 1807 1322 1847 carmine
1344 1810 1527 1860 questus

257 1872 363 1914 Non
384 1877 534 1926 aptum
554 1874 745 1914 numeris
766 1887 922 1915 nomen
949 1875 1108 1915 habere
1130 1875 1256 1915 meis.

199 1939 253 1981 In
275 1941 453 1993 quibus,
474 1944 664 1994 excepto
687 1941 803 1993 quod
827 1941 968 1981 adhuc
990 1946 1228 1994 utcumque
1248 1941 1460 1991 valemus,

256 2008 351 2058 Nil,
373 2014 417 2049 te
438 2013 653 2062 praeterea
673 2008 790 2061 quod
809 2009 950 2061 juvet,
972 2010 1177 2050 invenies.

199 2074 308 2127 Ipsa
328 2088 503 2128 quoque
522 2079 588 2115 cst
607 2075 752 2115 invisa
773 2075 893 2115 salus
911 2089 920 2116 ε
954 2079 1139 2129 suntque
1160 2074 1316 2116 ultima
1336 2078 1454 2125 vota,
1629 2077 1656 2116 5

254 2141 469 2192 Quolibet
490 2155 548 2182 ex
568 2143 666 2183 istis
687 2143 855 2184 scilieet
880 2144 939 2183 ire
960 2143 1081 2184 locis.

198 2209 336 2251 Nulla
357 2209 463 2250 mihi
483 2223 588 2251 cura
605 2216 687 2259 est,
710 2218 821 2252 terra
843 2224 973 2264 quam
993 2211 1136 2255 mufer
1155 2212 1201 2250 ut
1221 2210 1331 2251 ista:

256 2277 359 2318 Hac
381 2278 500 2330 quia,
523 2290 653 2330 quam
672 2278 816 2328 video,
839 2279 999 2331 gratior
1018 2278 1159 2318 omnis
1178 2277 1272 2318 erit.

242 2396 309 2426 Ista
323 2395 381 2426 tibi
397 2396 576 2437 mittuntur,
605 2407 692 2437 quem
717 2408 784 2429 sum
808 2410 905 2440 nuper
930 2404 1054 2440 questus
1079 2398 1219 2430 versibus
1243 2398 1327 2428 meis
1350 2408 1409 2427 non
1424 2397 1534 2428 habere
1549 2407 1655 2428 nomen

195 2439 338 2470 idoneum
350 2438 425 2469 meis
441 2439 546 2470 modis.
593 2440 763 2480 1nquibus,
790 2447 916 2482 excepto
935 2444 1013 2482 quod
1030 2444 1161 2473 valemus
1181 2441 1279 2471 adhuc
1296 2444 1467 2478 utcumque,
1482 2440 1562 2469 nihil
1575 2450 1654 2479 μνω-

196 2485 279 2512 terea
292 2482 426 2521 reperies
444 2483 522 2520 quod
543 2483 674 2521 placeat.
721 2484 794 2524 Ipsa
810 2486 903 2516 etium
918 2488 1001 2516 salus
1024 2489 1068 2515 est
1092 2484 1206 2522 odiosa,
1230 2486 1259 2512 et
1284 2483 1391 2512 ultima
1414 2481 1566 2512 desideria
1581 2486 1653 2512 sunt

197 2523 339 2554 videlicet
355 2523 459 2562 quovis
473 2525 632 2555 concedere
645 2536 680 2556 ex
699 2526 769 2556 istis
785 2527 867 2558 Iocis.
914 2527 1008 2559 Nulla
1022 2530 1067 2558 est
1084 2525 1159 2555 mihi
1173 2524 1345 2559 solicitudo,
1361 2523 1420 2553 nisi
1432 2528 1464 2553 uc
1481 2523 1654 2561 transserur

198 2566 310 2595 existo
323 2566 397 2604 solo,
424 2566 496 2605 quia
512 2576 597 2597 omne
612 2569 671 2599 erit
688 2569 858 2607 jucundius
874 2571 933 2600 istu
960 2571 1038 2609 quod
1060 2569 1189 2598 intueor.
1236 2567 1362 2596 Mittite
1388 2576 1454 2596 meu
1470 2567 1596 2597 carbasa
1619 2568 1653 2597 in

810 2651 1042 2663 eeeeeeeeeeee

241 2703 261 2731 4
288 2700 328 2730 Te
344 2709 386 2730 ex
403 2699 510 2731 tribus
535 2701 672 2742 scriptis
698 2705 819 2736 Heius.
837 2704 989 2744 reponit:
1016 2704 1105 2743 vulg.
1121 2705 1245 2734 me.—6
1270 2702 1422 2734 Quamor
1445 2688 1565 2735 libri'sz'
1580 2706 1650 2735 licet

200 2745 263 2784 pro
286 2743 475 2775 παίσει-7
501 2742 541 2774 ln
558 2745 701 2786 vulgatis
723 2753 809 2788 erat,
830 2748 927 2778 Nulla
952 2746 1029 2777 mihi
1056 2755 1129 2778 cura
1156 2749 1212 2786 est,
1236 2748 1320 2778 terra
1334 2757 1392 2787 quo
1406 2750 1505 2779 muter
1527 2748 1565 2778 ab
1581 2749 1649 2778 istu„
