1863 3193
221 184 335 227 2316
710 197 752 227 P.
785 194 943 227 ovmn
975 193 1186 225 NAsoms

223 290 322 332 Nec
343 303 428 341 me,
451 303 548 345 quae
570 290 713 332 doctis
732 293 962 344 patuerunt
982 290 1124 344 prima
1141 290 1316 340 libelliS,

278 357 406 399 Atria
427 359 628 399 Libertas
649 362 820 411 tangere
844 371 981 411 passa
1002 371 1082 399 sua
1101 363 1181 400 est.

222 424 276 465 In
296 438 432 477 genus
453 427 643 467 auctoris
665 426 809 466 miseri
831 426 1002 467 fortuna
1022 426 1260 477 redundat3

280 492 338 533 Et
357 493 547 546 patimur
566 494 669 543 nati,
692 506 823 545 quam
845 494 940 535 tulit
960 495 1072 547 ipse,
1094 494 1257 546 fugam.

224 558 429 601 Forsitan
449 564 491 600 et
510 561 638 600 nobis
660 561 764 600 olim
784 560 930 600 minus
950 573 1093 614 asper,
1115 565 1158 602 et
1176 559 1241 600 illi
1615 560 1672 600 75

280 625 460 667 Evictus
481 628 611 679 longo
633 631 828 679 tempore
851 626 1002 668 Caesar
1022 629 1118 669 erit.

224 692 300 742 Di,
321 706 487 746 precor,
507 698 638 747 atque
655 694 781 742 adeo,
801 693 962 746 (neque
979 696 1092 735 enim
1105 694 1209 735 mihi
1221 693 1350 735 turba
1361 691 1557 747 roganda
1572 690 1674 745 est,)

282 759 450 810 Caesar,
473 761 577 801 ades
597 764 716 810 voto,
736 761 929 800 maxime
959 762 1088 811 Dive‚
1108 775 1220 803 meo.

222 825 405 877 Interea,
428 829 561 868 statio
583 830 789 881 quoniam
810 828 913 868 mihi
932 829 1113 882 publica
1134 829 1286 869 clausa
1306 831 1396 878 est3

280 893 459 934 Privato
477 895 608 935 liceat
627 895 853 935 delituisse
874 895 987 935 loco.
1619 892 1675 934 80

223 957 320 999 Vos
342 973 531 1013 quoque,
555 961 592 1000 si
613 960 679 1001 fas
699 965 782 1011 est,
813 961 995 1002 confusa
1015 961 1181 1014 pudore
1202 962 1389 1016 repulsae

281 1027 448 1067 Sumite
465 1027 653 1081 plebeiae
677 1029 869 1069 carmina
890 1032 1041 1069 nostra
1059 1042 1231 1069 manus.

223 1156 284 1177 non
299 1148 387 1176 erant
402 1145 545 1176 calcanda
559 1146 636 1176 meis
649 1146 786 1186 pedibus.
833 1148 940 1186 Neque
963 1148 1105 1178 Libertas
1129 1158 1220 1187 passa
1246 1151 1291 1179 est
1316 1158 1362 1179 me
1386 1148 1472 1179 adire
1497 1148 1582 1179 atria
1606 1158 1675 1188 sua,

224 1197 290 1228 (μω
300 1188 404 1226 prima
416 1192 525 1227 aperta
536 1192 605 1218 sunt
616 1189 713 1218 doctis
723 1189 819 1219 libris.
847 1189 987 1220 Fortuna
998 1190 1109 1220 recidit
1124 1191 1156 1220 in
1170 1191 1286 1230 prolem
1301 1190 1436 1228 infelicis
1450 1191 1584 1222 auctoris
1595 1201 1605 1221 :
1627 1195 1677 1222 at-

225 1239 281 1270 que
297 1229 386 1260 liberi
404 1230 543 1269 patimur
557 1231 685 1261 exilium
700 1241 756 1270 quo
772 1232 822 1261 ille
837 1232 1001 1262 mulctatus
1013 1235 1069 1262 est.
1114 1232 1258 1262 Fortasse
1274 1234 1367 1263 etiam
1392 1234 1554 1272 aliquando
1572 1234 1678 1264 Caesar

229 1271 377 1302 delinitus
390 1273 513 1311 prolixa
539 1283 622 1303 mora
646 1273 707 1304 erit
734 1273 834 1304 minus
856 1283 953 1303 scetus
976 1274 1008 1303 in
1031 1284 1083 1304 nos
1108 1277 1198 1313 atque
1224 1275 1254 1303 in
1281 1275 1375 1305 illum.
1423 1276 1484 1304 Dii
1498 1278 1589 1314 atque
1603 1276 1677 1306 adeo

228 1314 346 1353 Caesar,
367 1316 501 1345 maxime
516 1316 608 1354 Dire,
644 1319 760 1355 (neque
784 1316 865 1346 enim
891 1316 966 1345 milti
982 1317 1145 1346 multitudo
1161 1317 1277 1346 oranda
1292 1320 1347 1354 est,
1355 1316 1373 1353 )
1394 1326 1458 1353 oro,
1484 1318 1589 1347 miesco
1611 1327 1676 1348 meo

225 1356 386 1388 desiderio.
432 1357 567 1395 Interea,
587 1359 737 1398 siquidem
751 1359 834 1389 sedes
857 1358 977 1398 publica
993 1359 1069 1388 milri
1086 1362 1131 1388 est
1154 1359 1318 1397 denegata,
1342 1360 1525 1389 concedatur
1539 1359 1677 1389 latitasse

224 1397 259 1429 in
272 1399 396 1438 privata
411 1400 507 1431 domo.
556 1400 614 1430 Vos
629 1402 734 1440 etiam,
757 1401 785 1431 si
801 1401 882 1440 licet,
905 1411 1012 1431 manus
1027 1401 1124 1441 vulgi,
1146 1401 1274 1441 accipite
1290 1410 1396 1432 versus
1410 1404 1530 1431 nostros
1544 1400 1678 1441 szffusos

221 1442 337 1480 pudore
351 1443 488 1481 repulsas.

833 1506 1068 1518 eeeeeeeeeeee

227 1557 359 1589 emend.
386 1560 536 1589 nonnulli
561 1560 621 1597 de,·
644 1560 779 1600 plurimi
806 1569 880 1590 cum
908 1560 1053 1600 vulgatis
1079 1562 1191 1590 e.—7l
1218 1561 1258 1591 P.
1282 1561 1362 1590 (loct.
1388 1562 1552 1591 docuerunt
1576 1570 1626 1601 pr,
1642 1563 1677 1590 et

226 1600 323 1631 Leid.
345 1602 536 1640 placuerunt.
581 1603 664 1633 Tum
690 1604 772 1633 Lov.
799 1612 847 1642 pr.
874 1602 1091 1633 tabellis.-73
1115 1603 1208 1633 Serv.
1233 1603 1362 1641 Ingenio
1377 1606 1456 1633 auct.
1495 1603 1579 1633 Mox
1595 1603 1678 1633 Lov.

220 1641 301 1678 fort.
316 1644 539 1675 reducat—76
563 1645 602 1675 P.
624 1646 660 1675 C.
683 1645 840 1676 eris—77
866 1646 930 1675 Be.
957 1651 992 1675 et
1018 1645 1152 1685 plurimi
1178 1645 1295 1684 scripti
1318 1645 1486 1684 Deprecor,
1499 1649 1562 1684 atq.
1586 1644 1677 1675 Mor.

226 1688 262 1714 et
278 1693 399 1715 novem
417 1685 474 1715 alii
500 1687 542 1717 Te
556 1696 673 1725 precor.
711 1687 846 1718 Deinde
875 1688 995 1718 Heius.
1019 1688 1115 1717 malit
1131 1689 1260 1726 rogand.
1278 1690 1406 1718 es.—79
1431 1688 1471 1717 P.
1489 1691 1524 1717 et
1539 1686 1606 1717 duo
1622 1686 1679 1717 alii

230 1725 328 1757 Inter.
359 1727 491 1758 intranti
520 1733 694 1768 quom—81
732 1730 825 1760 Unus
857 1730 942 1759 liber
967 1730 1048 1767 conf.
1075 1731 1176 1760 dolore
1201 1731 1311 1770 repuls.
1340 1740 1391 1770 pr.
1419 1730 1493 1760 Pol.
1515 1728 1679 1759 rubore.--

226 1771 311 1799 -82
334 1769 478 1800 Phaebeae
505 1770 610 1801 editio
639 1772 745 1811 prima
763 1772 841 1812 [pro
855 1772 1015 1812 plebeioefl
1040 1777 1077 1802 nt
1095 1772 1212 1812 poetas
1230 1772 1398 1811 intelligat
1413 1782 1420 1802 ε
1446 1771 1544 1811 hujus
1560 1771 1677 1802 lectio-

227 1809 278 1841 nis
305 1812 458 1843 meminit
488 1822 621 1853 quoque
649 1814 796 1853 Merula,
825 1814 883 1844 sed
910 1814 1097 1855 improbat:
1124 1820 1237 1845 recte:
1263 1824 1339 1844 nam
1371 1814 1518 1854 publicae
1542 1813 1678 1845 stationi

229 1854 370 1893 opponit
383 1854 534 1895 plebeias
551 1865 678 1887 manus.
703 1857 813 1887 Bur-m.

883 1954 1020 1986 NOTAE

228 2023 404 2065 dixerunt)
422 2035 440 2056 a
457 2027 575 2057 Fulvio
592 2027 755 2059 nobiliore
776 2033 927 2060 exstrue·
1024 2032 1064 2060 73
1102 2028 1223 2068 Genus]
1257 2027 1371 2069 Atque
1394 2027 1479 2058 adeo
1506 2026 1539 2058 in
1563 2026 1678 2058 Ovidii

227 2077 313 2113 tum,
339 2074 461 2106 deinde
488 2087 507 2106 a
532 2078 661 2107 Martio
690 2078 848 2118 Philippo
879 2080 927 2109 in·
982 2078 1096 2109 libros.

228 2127 425 2155 stauratnm.
479 2125 546 2155 Alii
576 2127 677 2165 aliud,
711 2127 767 2157 sed
800 2128 927 2167 absque
1025 2131 1065 2159 75
1089 2128 1158 2167 Illi]
1182 2128 1320 2166 Ovidio,
1336 2128 1480 2168 parenti.

225 2172 458 2204 fundamento.
1025 2182 1065 2209 77
1105 2180 1225 2218 Neque]
1264 2180 1354 2210 Quia
1383 2180 1472 2209 solus
1501 2179 1678 2218 ignoscere

270 2225 309 2251 71
329 2222 453 2260 Prima]
479 2222 569 2253 Ante
586 2224 666 2253 alias
683 2224 925 2256 Bibliothecas.
982 2226 1156 2266 Augustus
1173 2232 1322 2266 poterat.

227 2272 236 2289 ‘
255 2272 343 2303 Nam
360 2271 467 2303 Asinii
484 2273 646 2304 Pollionis
670 2275 730 2304 hoc
752 2276 863 2305 Romae
882 2275 927 2305 in·
1025 2280 1065 2307 80
1093 2276 1235 2315 Privato]
1261 2276 1391 2306 Privati
1416 2276 1558 2316 alicujus
1574 2276 1679 2307 homi-

229 2326 380 2361 ventum‚
397 2323 451 2363 qui
470 2323 593 2362 primus
619 2323 863 2354 Bibliothecarn
883 2325 929 2355 di·
983 2326 1046 2356 nis.

230 2371 350 2411 cando,
366 2372 541 2410 ingenuam
566 2374 734 2404 hominnm
761 2375 928 2415 Rernpub-
1025 2378 1063 2405 81
1108 2376 1262 2415 qulsae]
1296 2376 1418 2415 Neque
1447 2376 1535 2406 enim
1565 2382 1677 2408 custos

230 2421 329 2452 licam
347 2420 460 2451 fecit:'
486 2428 521 2453 nt
539 2423 655 2453 scribit
672 2424 813 2455 Plinius.
983 2425 1204 2456 Bibliotheca?
1234 2426 1414 2464 l’alatinae,
1431 2436 1540 2467 neque
1565 2428 1680 2460 bibon

273 2474 315 2502 72
330 2470 487 2511 Libertas]
507 2472 567 2502 Cui
585 2473 673 2505 aedes
691 2483 797 2514 sacra,
812 2474 844 2505 in
861 2483 928 2515 qua
982 2479 1032 2506 tas
1047 2475 1203 2514 excipere
1220 2476 1368 2505 libellum
1385 2476 1500 2508 voluit.

233 2522 449 2555 Bibliotheca
463 2523 552 2556 oliui.
1024 2528 1065 2559 82
1088 2525 1223 2561 Plebci‹e
1238 2526 1357 2569 manus]
1383 2525 1497 2560 Plebs.
