1877 3193
650 173 890 205 TaisTmM
924 174 1018 206 mn.
1051 175 1119 205 1v.
1148 165 1193 206 3.
1538 165 1653 207 2395

193 267 308 318 Nec,
331 268 438 323 quia
459 268 563 310 Rex
580 270 729 309 mundi
752 270 1026 323 compescuit
1047 270 1224 323 ignibus
1247 270 1388 322 ignes,
1597 270 1654 311 6.)

251 336 357 390 Ipse
378 338 479 386 tuis,
504 335 747 386 Phaethon,
772 338 1032 378 inficiandus
1051 351 1163 378 eras.

194 402 294 444 Nec
317 404 488 445 Semele
509 403 677 459 Cadmo
699 405 818 444 facta
834 409 903 445 est
923 404 1070 445 aliena
1093 403 1278 456 parenti,

252 470 382 521 Quod
404 471 604 524 precibus
625 471 753 524 periit
775 472 1007 511 ambitiosa
1028 471 1139 511 suis.

195 537 291 578 Nec
315 539 410 586 tibi,
433 538 548 591 quod
571 538 707 579 saevis
728 550 810 590 ego
832 550 928 577 sum
951 536 1080 576 Jovis
1101 537 1274 588 ignibus
1296 535 1429 584 ictus,

250 604 503 657 Purpureus
523 604 644 644 molli
665 603 743 644 fiat
762 604 806 644 in
828 616 903 644 ore
923 604 1056 644 rubor
1073 617 1082 644 τ

192 671 279 712 Sed
301 673 442 723 magis
463 672 507 711 in
527 672 665 712 nostri
689 684 838 711 curam
859 684 1077 724 consurge
1099 672 1268 722 tuendi,

249 738 601 793 Exemplumque
625 739 733 780 mihi
756 739 962 793 conjugis
985 744 1082 779 esto
1103 739 1233 779 bonae
1254 754 1264 781 z

194 804 519 861 Materiamque
542 808 626 848 tuis
646 808 811 849 tristem
834 807 1072 847 virtutibus
1093 807 1242 861 imple.

248 872 403 915 Ardua
422 888 502 928 per
522 888 727 929 praeceps
747 875 884 927 gloria
906 874 1043 915 vadat
1059 875 1156 914 iter.

191 939 389 982 Hectora
410 942 511 995 quis
531 946 695 992 nosset,
718 942 756 982 si
777 942 881 982 felix
901 941 1036 996 Troja
1055 940 1212 982 fuisset
1226 942 1245 981 '2

249 1007 441 1049 Publica
462 1009 625 1050 Virtuti
647 1022 723 1063 per
742 1009 860 1050 mala
879 1008 999 1049 facta
1020 1009 1093 1049 via
1114 1011 1194 1048 est.

192 1073 280 1116 Ars
298 1079 388 1125 tua,
411 1076 574 1131 Tiphy,
591 1077 727 1130 jacet,
751 1077 790 1118 si
811 1089 900 1117 non
922 1077 978 1116 sit
998 1076 1041 1116 in
1063 1088 1244 1128 aequore
1265 1075 1428 1116 fluctus
1447 1088 1456 1116 ε

251 1142 300 1183 Si
318 1143 494 1184 valeant
511 1144 724 1193 homines,
748 1157 820 1184 ars
842 1146 930 1191 tua,
949 1142 1136 1191 Phoebe,
1147 1141 1284 1194 jacet.

189 1262 304 1302 pressit
309 1262 459 1301 stammas
476 1263 629 1302 flammis,
645 1263 709 1302 ipse
725 1272 794 1293 eras
815 1262 1052 1293 dissimulandas
1070 1261 1144 1300 tuis,
1159 1270 1178 1291 o
1195 1260 1370 1292 Phaethon.
1416 1261 1527 1301 Neque
1541 1261 1660 1293 Semele

182 1303 274 1341 facta
289 1307 335 1334 est
350 1305 451 1334 aliena
472 1305 559 1344 patri
578 1306 705 1343 Cadmo,
733 1305 809 1344 quia
833 1304 997 1335 ambitiosa
1021 1303 1097 1334 obiit
1122 1303 1202 1334 votis
1227 1304 1302 1335 suis.
1350 1304 1456 1343 Neque
1473 1304 1574 1344 pudor
1586 1313 1659 1344 pur-

187 1355 303 1386 pureus
317 1350 442 1386 occupet
458 1350 526 1377 tuos
542 1350 660 1377 teneros
675 1348 788 1386 vultus,
813 1348 886 1387 quia
911 1357 966 1386 ego
990 1357 1057 1377 sum
1074 1347 1200 1388 afflatus
1219 1345 1304 1384 seris
1324 1345 1448 1385 ignibus
1472 1347 1584 1377 Jovis:
1608 1348 1660 1377 sed

191 1388 346 1419 excitator
371 1390 473 1428 magis
488 1389 522 1419 in
536 1399 640 1420 curam
656 1390 755 1421 nostri
769 1390 967 1429 defendendi,
991 1392 1020 1420 et
1044 1393 1107 1419 esto
1126 1389 1204 1420 mihi
1226 1390 1398 1429 exemplum
1421 1389 1506 1419 bonoe
1529 1390 1660 1420 uxoris:

191 1433 280 1471 atque
294 1430 387 1472 imple
411 1436 629 1471 argumentum
656 1434 826 1464 luctuosum
853 1433 917 1464 tuis
937 1431 1116 1463 virtutibus.
1165 1431 1277 1462 Gloria
1291 1432 1429 1473 difficilis
1445 1435 1493 1462 eat
1505 1441 1562 1471 per
1578 1432 1660 1462 viam

191 1474 332 1504 arduam.
379 1474 459 1510 Quis
473 1479 667 1513 cognosceret
683 1476 865 1514 Hectorem,
881 1477 907 1505 si
926 1475 1017 1513 Troja
1025 1474 1141 1512 fuisset
1160 1473 1272 1506 beata?
1323 1475 1351 1505 V
1352 1475 1382 1504 ia
1402 1474 1493 1512 sacta
1517 1477 1561 1505 est
1585 1474 1660 1513 pub-

191 1515 252 1546 lica
273 1516 395 1547 Virtuti
408 1527 465 1557 per
479 1518 572 1548 mala.
618 1519 681 1548 Ars
697 1521 750 1548 tua
774 1518 816 1548 sit
835 1518 969 1557 inutilis,
993 1527 1012 1547 ο
1037 1517 1153 1557 Tiphy,
1174 1517 1203 1547 si
1227 1517 1360 1556 procella
1381 1526 1441 1546 non
1455 1517 1497 1546 sit
1513 1517 1545 1546 in
1560 1516 1641 1547 mari
1652 1526 1661 1545 :

191 1567 243 1589 ars
257 1561 311 1589 tua
326 1559 368 1590 sit
380 1559 515 1598 inutilis,
531 1570 550 1590 o
566 1560 691 1600 Apollo,
713 1561 742 1590 si
757 1560 891 1590 homines
905 1568 1052 1600 prospera
1060 1559 1217 1596 fruantur
1231 1560 1418 1589 valetudiue.
1470 1558 1579 1589 Virtus
1594 1568 1660 1599 quoe

806 1640 1037 1653 eeeeeeeeeeee

196 1694 327 1726 duobus
343 1695 438 1726 aliis:
463 1695 553 1736 vulg.
582 1697 664 1727 Non.
698 1696 845 1736 Deinde,
870 1696 950 1737 quia
974 1696 1009 1727 in
1035 1696 1125 1728 Ibid.
1150 1698 1211 1728 350
1236 1696 1373 1738 quidam
1401 1696 1484 1727 Mss.
1509 1695 1659 1728 habeant

193 1737 278 1768 eruli.
303 1747 425 1777 nurum,
451 1743 634 1779 propterea
660 1739 715 1770 hic
745 1748 878 1780 quoque
903 1739 1020 1770 Burni.
1046 1744 1145 1780 putat
1163 1749 1260 1780 posse
1277 1740 1344 1779 legi
1362 1739 1445 1770 erub.
1462 1740 1571 1769 virum.
1618 1740 1659 1770 In

197 1780 258 1811 Be.
273 1780 329 1811 hic
349 1790 396 1812 vs.
412 1781 462 1811 ita
476 1782 603 1821 legitur
620 1781 743 1813 Mansit
760 1782 832 1824 fida
859 1792 913 1813 suo
937 1782 1041 1812 tristis
1068 1783 1214 1813 Evatlma
1241 1782 1407 1813 vira—69
1430 1781 1576 1814 Quidam
1594 1781 1660 1821 ign.

198 1825 384 1854 κῆαι-70
407 1822 470 1854 Be.
488 1824 521 1854 in
536 1824 606 1854 orbe
622 1826 730 1865 pudor.
766 1825 871 1856 Multi
896 1825 999 1855 etiam
1024 1826 1125 1865 pudor
1142 1835 1201 1865 pro
1218 1825 1408 1856 moon-74
1433 1824 1549 1855 Scribe
1566 1826 1659 1855 radat

196 1874 272 1895 cum
299 1865 449 1897 Juniano
474 1871 510 1896 ‹et
538 1866 620 1904 alio;
660 1867 722 1897 nisi
743 1868 850 1897 tendat
874 1868 1003 1898 mavis:
1036 1877 1114 1898 nam
1142 1868 1242 1898 tendit
1269 1872 1319 1897 est
1348 1868 1379 1898 in
1409 1867 1527 1897 tribuS.
1545 1866 1658 1897 Heius.

198 1907 300 1947 Vulg.
325 1908 508 1938 vadia—75
533 1909 596 1939 Be.
614 1909 649 1940 T.
665 1912 903 1940 manerem—7⁷6
925 1909 1045 1940 Virtuti
1060 1910 1184 1940 rectius
1199 1911 1290 1949 legas
1306 1919 1380 1939 curn
1399 1918 1464 1938 uno
1479 1909 1659 1940 Vaticano.

199 1949 312 1981 Heius.
359 1950 461 1991 Vulg.
476 1951 700 1982 virtutis—77
726 1951 795 1981 Pro
805 1951 890 1989 jacet
914 1951 993 1982 Pat,
1010 1952 1109 1989 latet;
1134 1952 1252 1983 Heins.
1277 1951 1364 1991 conj.
1383 1953 1567 1982 macen—78
1592 1950 1659 1982 Hic

853 2045 992 2077 NOTAE

199 2118 267 2148 vito
283 2127 360 2149 cum
384 2128 458 2150 eam
485 2119 601 2151 urbem
625 2130 698 2151 sese
723 2125 902 2162 capturum
956 2122 1094 2162 ineptus
1111 2122 1277 2154 adulator.

198 2167 416 2207 gloriaretur,
431 2168 570 2201 fulmine
588 2180 768 2211 oppressus
785 2177 848 2202 est.
999 2172 1146 2212 Ignibus]
1171 2173 1239 2203 Ira.

239 2221 280 2248 64
299 2218 460 2258 Euadnen]
477 2219 628 2259 Capanei
644 2220 902 2262 fuituxor,quae
999 2225 1040 2252 73
1073 2222 1265 2262 Virtutibus]
1303 2221 1387 2254 Quae
1418 2226 1574 2263 tempore
1604 2221 1659 2253 ad·

193 2268 230 2299 in
241 2268 316 2308 ejus
329 2278 447 2309 rogum
461 2279 534 2301 sese
549 2271 700 2310 immisit,
712 2272 901 2304 incredibili

198 2319 343 2360 quadam
360 2319 503 2360 impulsa
520 2321 735 2362 impatientia
748 2323 880 2354 amoris.

240 2371 280 2400 65
299 2369 386 2409 Rex]
410 2370 562 2411 Jupiter,
580 2372 634 2413 qui
653 2372 900 2404 Phaethontem

199 2417 285 2450 Solis
301 2429 403 2450 curru
419 2419 558 2451 fulmine
569 2422 729 2453 excussit.

241 2469 347 2508 Ignes]
374 2471 468 2502 Quos
494 2471 564 2510 ipse
587 2471 765 2502 Phaethon
784 2481 900 2504 accen-

204 2517 310 2557 derat,
326 2519 367 2549 ‹lc
384 2520 506 2560 quibus
525 2521 557 2551 in
574 2522 716 2552 Metam.

243 2569 283 2596 07
307 2568 436 2609 Semele]
482 2570 562 2610 Ejus
587 2571 664 2602 vide
693 2572 839 2603 fabulam
867 2572 900 2604 in

204 2615 307 2646 tertio
320 2617 459 2649 Metam.

245 2667 286 2695 69
309 2665 414 2704 Jovis]
435 2667 601 2708 Augusti;
627 2681 725 2712 quem
741 2681 801 2712 per
815 2682 901 2703 suin-

202 2724 291 2745 mum
319 2713 413 2744 nefas
435 2716 506 2754 jam
531 2719 653 2758 saepius
678 2722 792 2753 Deum
819 2721 901 2753 fecit

956 2281 1051 2302 verso
1081 2272 1188 2311 inagis
1219 2272 1436 2302 elucescunt:
1469 2281 1658 2313 quanquam

956 2321 1126 2353 difficilius
1141 2321 1297 2352 secundis
1315 2322 1416 2352 rebus
1433 2321 1506 2352 illas
1526 2322 1626 2353 tueri,

999 2376 1039 2403 75
1067 2373 1146 2407 Quis
1159 2373 1276 2412 nosset]
1305 2372 1481 2403 Fortitudo
1496 2381 1574 2402 vero
1586 2372 1659 2411 ejus

957 2433 1018 2463 per
1045 2423 1233 2454 certamina
1260 2423 1435 2460 inclaruit,
1465 2431 1538 2462 quae
1567 2421 1659 2451 nulla

956 2473 1101 2504 fuissent
1118 2473 1178 2503 nisi
1195 2473 1299 2503 hostis
1317 2471 1528 2501 accessisset.

998 2526 1040 2554 70
1082 2522 1217 2561 Virtuti]
1256 2520 1479 2557 Fortitudini,
1510 2520 1658 2559 scilicet,

955 2573 1160 2614 praeseniin,
1179 2577 1281 2612 atquc
1300 2570 1400 2600 animi
1416 2569 1582 2601 firmitati.

999 2626 1037 2653 77
1056 2621 1171 2661 Tiphy]
1189 2621 1254 2652 Qui
1267 2620 1474 2660 guberuator
1487 2619 1550 2651 fuit
1565 2619 1657 2661 Argo

957 2672 1062 2703 navis.

999 2724 1040 2753 78
1057 2720 1184 2760 I’hafbe]
1211 2719 1405 2761 Apollinem
1417 2729 1476 2751 seu
1490 2719 1655 2751 Phoebum
