<?xml version="1.0" encoding="UTF-8"?>
<!DOCTYPE html PUBLIC "-//W3C//DTD XHTML 1.0 Transitional//EN"
    "http://www.w3.org/TR/xhtml1/DTD/xhtml1-transitional.dtd">
<html xmlns="http://www.w3.org/1999/xhtml" xml:lang="en" lang="en">
 <head>
  <title>
</title>
<meta http-equiv="Content-Type" content="text/html;charset=utf-8" />
  <meta name='ocr-system' content='tesseract 3.04.00' />
  <meta name='ocr-capabilities' content='ocr_page ocr_carea ocr_par ocr_line ocrx_word'/>
</head>
<body>
  <div class='ocr_page' id='page_1' title='image "./operaomniaexedit05oviduoft/operaomniaexedit05oviduoft_0068.png"; bbox 0 0 1863 3193; ppageno 0'>
   <div class='ocr_carea' id='block_1_1' title="bbox 239 163 353 205">
    <p class='ocr_par' dir='ltr' id='par_1_1' title="bbox 239 163 353 205">
     <span class='ocr_line' id='line_1_1' title="bbox 239 163 353 205; baseline 0 -1"><span class='ocrx_word' id='word_1_1' title='bbox 239 163 353 205; x_wconf 73' lang='lat'>2288</span> 
     </span>
    </p>
   </div>
   <div class='ocr_carea' id='block_1_2' title="bbox 240 264 1351 315">
    <p class='ocr_par' dir='ltr' id='par_1_2' title="bbox 240 264 1351 315">
     <span class='ocr_line' id='line_1_2' title="bbox 240 264 1351 315; baseline -0.005 -5"><span class='ocrx_word' id='word_1_2' title='bbox 240 268 360 310; x_wconf 89' lang='lat' dir='ltr'>Haec</span> <span class='ocrx_word' id='word_1_3' title='bbox 381 268 459 309; x_wconf 81' lang='lat' dir='ltr'>tibi</span> <span class='ocrx_word' id='word_1_4' title='bbox 481 282 549 309; x_wconf 91' lang='lat' dir='ltr'>me</span> <span class='ocrx_word' id='word_1_5' title='bbox 569 269 760 310; x_wconf 87' lang='lat' dir='ltr'>invisum</span> <span class='ocrx_word' id='word_1_6' title='bbox 779 268 962 309; x_wconf 83' lang='lat' dir='ltr'>lascivia</span> <span class='ocrx_word' id='word_1_7' title='bbox 981 266 1103 315; x_wconf 86' lang='lat' dir='ltr'>fecit,</span> <span class='ocrx_word' id='word_1_8' title='bbox 1125 266 1181 306; x_wconf 93' lang='lat' dir='ltr'>ob</span> <span class='ocrx_word' id='word_1_9' title='bbox 1203 264 1351 315; x_wconf 83' lang='lat' dir='ltr'>Artes,</span> 
     </span>
    </p>
   </div>
   <div class='ocr_carea' id='block_1_3' title="bbox 727 170 1204 205">
    <p class='ocr_par' dir='ltr' id='par_1_3' title="bbox 727 170 1204 205">
     <span class='ocr_line' id='line_1_3' title="bbox 727 170 1204 205; baseline -0.01 -1"><span class='ocrx_word' id='word_1_10' title='bbox 727 176 767 205; x_wconf 72' lang='lat' dir='ltr'>P.</span> <span class='ocrx_word' id='word_1_11' title='bbox 798 173 955 204; x_wconf 83' lang='lat' dir='ltr'>ov1D11</span> <span class='ocrx_word' id='word_1_12' title='bbox 990 170 1204 202; x_wconf 79' lang='lat' dir='ltr'>NASONIS</span> 
     </span>
    </p>
   </div>
   <div class='ocr_carea' id='block_1_4' title="bbox 1608 265 1695 306">
    <p class='ocr_par' dir='ltr' id='par_1_4' title="bbox 1608 265 1695 306">
     <span class='ocr_line' id='line_1_4' title="bbox 1608 265 1695 306; baseline -0.011 0"><span class='ocrx_word' id='word_1_13' title='bbox 1608 265 1695 306; x_wconf 79' lang='lat'>345</span> 
     </span>
    </p>
   </div>
   <div class='ocr_carea' id='block_1_5' title="bbox 241 335 1458 587">
    <p class='ocr_par' dir='ltr' id='par_1_5' title="bbox 241 335 1458 587">
     <span class='ocr_line' id='line_1_5' title="bbox 298 335 1229 385; baseline -0.002 -10"><span class='ocrx_word' id='word_1_14' title='bbox 298 335 424 385; x_wconf 79' lang='lat' dir='ltr'>Quas</span> <span class='ocrx_word' id='word_1_15' title='bbox 444 340 562 376; x_wconf 85' lang='lat' dir='ltr'>ratus</span> <span class='ocrx_word' id='word_1_16' title='bbox 582 350 628 376; x_wconf 89' lang='lat' dir='ltr'>es</span> <span class='ocrx_word' id='word_1_17' title='bbox 651 337 807 377; x_wconf 86' lang='lat' dir='ltr'>vetitos</span> <span class='ocrx_word' id='word_1_18' title='bbox 830 335 1076 375; x_wconf 82' lang='lat' dir='ltr'>solicitasse</span> <span class='ocrx_word' id='word_1_19' title='bbox 1099 340 1229 374; x_wconf 87' lang='lat' dir='ltr'>toros.</span> 
     </span>
     <span class='ocr_line' id='line_1_6' title="bbox 241 401 1458 456; baseline 0 -13"><span class='ocrx_word' id='word_1_20' title='bbox 241 401 330 443; x_wconf 88' lang='lat' dir='ltr'>Sed</span> <span class='ocrx_word' id='word_1_21' title='bbox 351 416 492 456; x_wconf 88' lang='lat' dir='ltr'>neque</span> <span class='ocrx_word' id='word_1_22' title='bbox 514 417 581 443; x_wconf 89' lang='lat' dir='ltr'>me</span> <span class='ocrx_word' id='word_1_23' title='bbox 602 408 749 456; x_wconf 75' lang='lat' dir='ltr'>nuptae</span> <span class='ocrx_word' id='word_1_24' title='bbox 774 402 1014 442; x_wconf 84' lang='lat' dir='ltr'>didicerunt</span> <span class='ocrx_word' id='word_1_25' title='bbox 1033 401 1147 441; x_wconf 80' lang='lat' dir='ltr'>furta</span> <span class='ocrx_word' id='word_1_26' title='bbox 1165 401 1399 453; x_wconf 83' lang='lat' dir='ltr'>magistro:</span> <span class='ocrx_word' id='word_1_27' title='bbox 1452 435 1458 443; x_wconf 89' lang='lat'>.</span> 
     </span>
     <span class='ocr_line' id='line_1_7' title="bbox 299 468 1361 523; baseline 0 -14"><span class='ocrx_word' id='word_1_28' title='bbox 299 468 517 522; x_wconf 79' lang='lat' dir='ltr'>Quodque</span> <span class='ocrx_word' id='word_1_29' title='bbox 538 484 692 523; x_wconf 85' lang='lat' dir='ltr'>parum</span> <span class='ocrx_word' id='word_1_30' title='bbox 712 471 847 518; x_wconf 86' lang='lat' dir='ltr'>novit,</span> <span class='ocrx_word' id='word_1_31' title='bbox 871 482 997 509; x_wconf 90' lang='lat' dir='ltr'>nemo</span> <span class='ocrx_word' id='word_1_32' title='bbox 1020 469 1177 509; x_wconf 87' lang='lat' dir='ltr'>docere</span> <span class='ocrx_word' id='word_1_33' title='bbox 1199 472 1361 521; x_wconf 85' lang='lat' dir='ltr'>potest.</span> 
     </span>
     <span class='ocr_line' id='line_1_8' title="bbox 241 536 1208 587; baseline -0.001 -11"><span class='ocrx_word' id='word_1_34' title='bbox 241 536 315 576; x_wconf 86' lang='lat' dir='ltr'>Sic</span> <span class='ocrx_word' id='word_1_35' title='bbox 335 549 414 587; x_wconf 79' lang='lat' dir='ltr'>ego</span> <span class='ocrx_word' id='word_1_36' title='bbox 436 537 637 586; x_wconf 82' lang='lat' dir='ltr'>delicias,</span> <span class='ocrx_word' id='word_1_37' title='bbox 659 542 703 577; x_wconf 83' lang='lat' dir='ltr'>et</span> <span class='ocrx_word' id='word_1_38' title='bbox 722 537 873 576; x_wconf 82' lang='lat' dir='ltr'>mollia</span> <span class='ocrx_word' id='word_1_39' title='bbox 893 538 1087 577; x_wconf 82' lang='lat' dir='ltr'>carmina</span> <span class='ocrx_word' id='word_1_40' title='bbox 1104 536 1208 584; x_wconf 85' lang='lat' dir='ltr'>feci,</span> 
     </span>
    </p>
   </div>
   <div class='ocr_carea' id='block_1_6' title="bbox 297 603 1263 645">
    <p class='ocr_par' dir='ltr' id='par_1_6' title="bbox 297 603 1263 645">
     <span class='ocr_line' id='line_1_9' title="bbox 297 603 1263 645; baseline -0.001 -2"><span class='ocrx_word' id='word_1_41' title='bbox 297 603 529 645; x_wconf 75' lang='lat' dir='ltr'>Strinxerit</span> <span class='ocrx_word' id='word_1_42' title='bbox 551 609 600 645; x_wconf 85' lang='lat' dir='ltr'>ut</span> <span class='ocrx_word' id='word_1_43' title='bbox 620 617 776 644; x_wconf 86' lang='lat' dir='ltr'>nomen</span> <span class='ocrx_word' id='word_1_44' title='bbox 797 604 946 644; x_wconf 80' lang='lat' dir='ltr'>fabula</span> <span class='ocrx_word' id='word_1_45' title='bbox 966 603 1085 643; x_wconf 82' lang='lat' dir='ltr'>nulla</span> <span class='ocrx_word' id='word_1_46' title='bbox 1104 615 1263 642; x_wconf 89' lang='lat' dir='ltr'>meum.</span> 
     </span>
    </p>
   </div>
   <div class='ocr_carea' id='block_1_7' title="bbox 243 668 1419 921">
    <p class='ocr_par' dir='ltr' id='par_1_7' title="bbox 243 668 1419 789">
     <span class='ocr_line' id='line_1_10' title="bbox 243 668 1419 723; baseline -0.002 -13"><span class='ocrx_word' id='word_1_47' title='bbox 243 668 342 710; x_wconf 93' lang='lat' dir='ltr'>Nec</span> <span class='ocrx_word' id='word_1_48' title='bbox 363 671 595 723; x_wconf 83' lang='lat' dir='ltr'>quisquam</span> <span class='ocrx_word' id='word_1_49' title='bbox 617 674 683 711; x_wconf 88' lang='lat' dir='ltr'>est</span> <span class='ocrx_word' id='word_1_50' title='bbox 704 670 816 710; x_wconf 80' lang='lat' dir='ltr'>adeo</span> <span class='ocrx_word' id='word_1_51' title='bbox 835 671 982 711; x_wconf 83' lang='lat' dir='ltr'>media</span> <span class='ocrx_word' id='word_1_52' title='bbox 1001 670 1054 710; x_wconf 90' lang='lat' dir='ltr'>de</span> <span class='ocrx_word' id='word_1_53' title='bbox 1074 670 1200 723; x_wconf 84' lang='lat' dir='ltr'>plebe</span> <span class='ocrx_word' id='word_1_54' title='bbox 1221 668 1419 718; x_wconf 84' lang='lat' dir='ltr'>maritus,</span> 
     </span>
     <span class='ocr_line' id='line_1_11' title="bbox 297 736 1117 789; baseline 0 -13"><span class='ocrx_word' id='word_1_55' title='bbox 297 736 361 777; x_wconf 86' lang='lat' dir='ltr'>Ut</span> <span class='ocrx_word' id='word_1_56' title='bbox 379 737 537 777; x_wconf 92' lang='lat' dir='ltr'>dubius</span> <span class='ocrx_word' id='word_1_57' title='bbox 556 738 661 777; x_wconf 85' lang='lat' dir='ltr'>vitio</span> <span class='ocrx_word' id='word_1_58' title='bbox 684 737 742 776; x_wconf 83' lang='lat' dir='ltr'>sit</span> <span class='ocrx_word' id='word_1_59' title='bbox 763 742 889 789; x_wconf 81' lang='lat' dir='ltr'>pater</span> <span class='ocrx_word' id='word_1_60' title='bbox 909 737 984 777; x_wconf 89' lang='lat' dir='ltr'>ille</span> <span class='ocrx_word' id='word_1_61' title='bbox 1005 749 1117 777; x_wconf 88' lang='lat' dir='ltr'>meo.</span> 
     </span>
    </p>

    <p class='ocr_par' dir='ltr' id='par_1_8' title="bbox 243 801 1309 921">
     <span class='ocr_line' id='line_1_12' title="bbox 243 801 1309 852; baseline -0.003 -10"><span class='ocrx_word' id='word_1_62' title='bbox 243 802 378 843; x_wconf 89' lang='lat' dir='ltr'>Crede</span> <span class='ocrx_word' id='word_1_63' title='bbox 398 804 520 852; x_wconf 90' lang='lat' dir='ltr'>mihi,</span> <span class='ocrx_word' id='word_1_64' title='bbox 545 816 686 843; x_wconf 87' lang='lat' dir='ltr'>mores</span> <span class='ocrx_word' id='word_1_65' title='bbox 708 803 872 843; x_wconf 85' lang='lat' dir='ltr'>distant</span> <span class='ocrx_word' id='word_1_66' title='bbox 894 816 921 843; x_wconf 82' lang='lat' dir='ltr'>a</span> <span class='ocrx_word' id='word_1_67' title='bbox 941 802 1134 843; x_wconf 80' lang='lat' dir='ltr'>carmine</span> <span class='ocrx_word' id='word_1_68' title='bbox 1152 801 1309 840; x_wconf 81' lang='lat' dir='ltr'>nostri.</span> 
     </span>
     <span class='ocr_line' id='line_1_13' title="bbox 297 866 1257 921; baseline -0.003 -13"><span class='ocrx_word' id='word_1_69' title='bbox 297 868 407 909; x_wconf 82' lang='lat' dir='ltr'>Vita</span> <span class='ocrx_word' id='word_1_70' title='bbox 426 870 669 909; x_wconf 85' lang='lat' dir='ltr'>verecunda</span> <span class='ocrx_word' id='word_1_71' title='bbox 686 873 765 917; x_wconf 88' lang='lat' dir='ltr'>est,</span> <span class='ocrx_word' id='word_1_72' title='bbox 791 869 921 909; x_wconf 86' lang='lat' dir='ltr'>Musa</span> <span class='ocrx_word' id='word_1_73' title='bbox 935 869 1113 921; x_wconf 85' lang='lat' dir='ltr'>jocosa,</span> <span class='ocrx_word' id='word_1_74' title='bbox 1134 866 1257 906; x_wconf 88' lang='lat' dir='ltr'>mihi.</span> 
     </span>
    </p>
   </div>
   <div class='ocr_carea' id='block_1_8' title="bbox 232 962 1696 1213">
    <p class='ocr_par' dir='ltr' id='par_1_9' title="bbox 232 962 1696 1213">
     <span class='ocr_line' id='line_1_14' title="bbox 241 962 1696 1005; baseline -0.001 -9"><span class='ocrx_word' id='word_1_75' title='bbox 241 965 320 996; x_wconf 78' lang='lat' dir='ltr'>Haec</span> <span class='ocrx_word' id='word_1_76' title='bbox 335 965 461 996; x_wconf 71' lang='lat' dir='ltr'>lascivia</span> <span class='ocrx_word' id='word_1_77' title='bbox 481 965 619 996; x_wconf 79' lang='lat' dir='ltr'>reddidit</span> <span class='ocrx_word' id='word_1_78' title='bbox 645 975 691 995; x_wconf 85' lang='lat' dir='ltr'>me</span> <span class='ocrx_word' id='word_1_79' title='bbox 717 966 775 996; x_wconf 77' lang='lat' dir='ltr'>tibi</span> <span class='ocrx_word' id='word_1_80' title='bbox 803 965 950 1003; x_wconf 77' lang='lat' dir='ltr'>odiosum,</span> <span class='ocrx_word' id='word_1_81' title='bbox 973 967 1099 1005; x_wconf 82' lang='lat' dir='ltr'>propter</span> <span class='ocrx_word' id='word_1_82' title='bbox 1124 964 1230 1001; x_wconf 82' lang='lat' dir='ltr'>Artes,</span> <span class='ocrx_word' id='word_1_83' title='bbox 1255 972 1331 1003; x_wconf 82' lang='lat' dir='ltr'>quas</span> <span class='ocrx_word' id='word_1_84' title='bbox 1356 962 1517 993; x_wconf 81' lang='lat' dir='ltr'>credidisti</span> <span class='ocrx_word' id='word_1_85' title='bbox 1530 962 1696 1003; x_wconf 74' lang='lat' dir='ltr'>appetiisse</span> 
     </span>
     <span class='ocr_line' id='line_1_15' title="bbox 240 1005 1696 1048; baseline -0.002 -10"><span class='ocrx_word' id='word_1_86' title='bbox 240 1009 332 1038; x_wconf 83' lang='lat' dir='ltr'>lectos</span> <span class='ocrx_word' id='word_1_87' title='bbox 342 1008 524 1048; x_wconf 81' lang='lat' dir='ltr'>prohibitos.</span> <span class='ocrx_word' id='word_1_88' title='bbox 575 1008 688 1038; x_wconf 82' lang='lat' dir='ltr'>Verum</span> <span class='ocrx_word' id='word_1_89' title='bbox 704 1018 798 1047; x_wconf 80' lang='lat' dir='ltr'>neque</span> <span class='ocrx_word' id='word_1_90' title='bbox 814 1008 1009 1038; x_wconf 73' lang='lat' dir='ltr'>matrimonio</span> <span class='ocrx_word' id='word_1_91' title='bbox 1026 1008 1148 1046; x_wconf 79' lang='lat' dir='ltr'>junceae</span> <span class='ocrx_word' id='word_1_92' title='bbox 1164 1008 1277 1037; x_wconf 78' lang='lat' dir='ltr'>edoctoe</span> <span class='ocrx_word' id='word_1_93' title='bbox 1292 1008 1365 1035; x_wconf 83' lang='lat' dir='ltr'>sunt</span> <span class='ocrx_word' id='word_1_94' title='bbox 1380 1005 1533 1035; x_wconf 81' lang='lat' dir='ltr'>adulteria</span> <span class='ocrx_word' id='word_1_95' title='bbox 1553 1016 1602 1036; x_wconf 86' lang='lat' dir='ltr'>me</span> <span class='ocrx_word' id='word_1_96' title='bbox 1613 1015 1696 1045; x_wconf 75' lang='lat' dir='ltr'>prce-</span> 
     </span>
     <span class='ocr_line' id='line_1_16' title="bbox 239 1048 1692 1090; baseline -0.003 -9"><span class='ocrx_word' id='word_1_97' title='bbox 239 1054 380 1090; x_wconf 81' lang='lat' dir='ltr'>ceptore:</span> <span class='ocrx_word' id='word_1_98' title='bbox 415 1053 445 1080; x_wconf 79' lang='lat' dir='ltr'>et</span> <span class='ocrx_word' id='word_1_99' title='bbox 460 1049 561 1079; x_wconf 79' lang='lat' dir='ltr'>nullus</span> <span class='ocrx_word' id='word_1_100' title='bbox 581 1053 683 1089; x_wconf 81' lang='lat' dir='ltr'>potest</span> <span class='ocrx_word' id='word_1_101' title='bbox 704 1052 809 1080; x_wconf 76' lang='lat' dir='ltr'>docere</span> <span class='ocrx_word' id='word_1_102' title='bbox 835 1052 912 1089; x_wconf 84' lang='lat' dir='ltr'>quod</span> <span class='ocrx_word' id='word_1_103' title='bbox 930 1060 988 1080; x_wconf 82' lang='lat' dir='ltr'>non</span> <span class='ocrx_word' id='word_1_104' title='bbox 1016 1050 1174 1087; x_wconf 79' lang='lat' dir='ltr'>intelligit.</span> <span class='ocrx_word' id='word_1_105' title='bbox 1222 1049 1290 1086; x_wconf 82' lang='lat' dir='ltr'>Ego</span> <span class='ocrx_word' id='word_1_106' title='bbox 1315 1048 1363 1077; x_wconf 81' lang='lat' dir='ltr'>ita</span> <span class='ocrx_word' id='word_1_107' title='bbox 1386 1048 1498 1086; x_wconf 81' lang='lat' dir='ltr'>scripsi</span> <span class='ocrx_word' id='word_1_108' title='bbox 1522 1057 1640 1078; x_wconf 83' lang='lat' dir='ltr'>amores</span> <span class='ocrx_word' id='word_1_109' title='bbox 1662 1050 1692 1078; x_wconf 76' lang='lat' dir='ltr'>el</span> 
     </span>
     <span class='ocr_line' id='line_1_17' title="bbox 239 1089 1694 1130; baseline -0.002 -8"><span class='ocrx_word' id='word_1_110' title='bbox 239 1093 365 1122; x_wconf 74' lang='lat' dir='ltr'>lascivos</span> <span class='ocrx_word' id='word_1_111' title='bbox 378 1101 493 1127; x_wconf 79' lang='lat' dir='ltr'>versus,</span> <span class='ocrx_word' id='word_1_112' title='bbox 508 1095 542 1121; x_wconf 82' lang='lat' dir='ltr'>ut</span> <span class='ocrx_word' id='word_1_113' title='bbox 557 1092 639 1121; x_wconf 75' lang='lat' dir='ltr'>nulla</span> <span class='ocrx_word' id='word_1_114' title='bbox 654 1092 766 1129; x_wconf 72' lang='lat' dir='ltr'>sabula</span> <span class='ocrx_word' id='word_1_115' title='bbox 781 1093 925 1130; x_wconf 79' lang='lat' dir='ltr'>tetigerit</span> <span class='ocrx_word' id='word_1_116' title='bbox 941 1102 1050 1123; x_wconf 80' lang='lat' dir='ltr'>nomen</span> <span class='ocrx_word' id='word_1_117' title='bbox 1064 1101 1174 1121; x_wconf 82' lang='lat' dir='ltr'>meum.</span> <span class='ocrx_word' id='word_1_118' title='bbox 1222 1091 1328 1129; x_wconf 80' lang='lat' dir='ltr'>Neque</span> <span class='ocrx_word' id='word_1_119' title='bbox 1343 1091 1417 1119; x_wconf 83' lang='lat' dir='ltr'>adeo</span> <span class='ocrx_word' id='word_1_120' title='bbox 1440 1090 1519 1120; x_wconf 83' lang='lat' dir='ltr'>ullus</span> <span class='ocrx_word' id='word_1_121' title='bbox 1535 1093 1578 1119; x_wconf 80' lang='lat' dir='ltr'>ese</span> <span class='ocrx_word' id='word_1_122' title='bbox 1593 1089 1643 1120; x_wconf 82' lang='lat' dir='ltr'>vir</span> <span class='ocrx_word' id='word_1_123' title='bbox 1657 1090 1694 1119; x_wconf 81' lang='lat' dir='ltr'>de</span> 
     </span>
     <span class='ocr_line' id='line_1_18' title="bbox 239 1131 1695 1174; baseline -0.002 -10"><span class='ocrx_word' id='word_1_124' title='bbox 239 1135 338 1164; x_wconf 85' lang='lat' dir='ltr'>medio</span> <span class='ocrx_word' id='word_1_125' title='bbox 351 1135 472 1174; x_wconf 81' lang='lat' dir='ltr'>populo,</span> <span class='ocrx_word' id='word_1_126' title='bbox 487 1137 520 1163; x_wconf 79' lang='lat' dir='ltr'>ut</span> <span class='ocrx_word' id='word_1_127' title='bbox 536 1134 586 1163; x_wconf 86' lang='lat' dir='ltr'>ille</span> <span class='ocrx_word' id='word_1_128' title='bbox 599 1134 643 1163; x_wconf 82' lang='lat' dir='ltr'>sit</span> <span class='ocrx_word' id='word_1_129' title='bbox 664 1137 754 1174; x_wconf 78' lang='lat' dir='ltr'>paler</span> <span class='ocrx_word' id='word_1_130' title='bbox 769 1135 903 1165; x_wconf 81' lang='lat' dir='ltr'>incertus</span> <span class='ocrx_word' id='word_1_131' title='bbox 926 1144 992 1165; x_wconf 84' lang='lat' dir='ltr'>mea</span> <span class='ocrx_word' id='word_1_132' title='bbox 1007 1135 1106 1174; x_wconf 78' lang='lat' dir='ltr'>culpa.</span> <span class='ocrx_word' id='word_1_133' title='bbox 1151 1132 1261 1163; x_wconf 82' lang='lat' dir='ltr'>Fidem</span> <span class='ocrx_word' id='word_1_134' title='bbox 1276 1132 1354 1161; x_wconf 83' lang='lat' dir='ltr'>mihi</span> <span class='ocrx_word' id='word_1_135' title='bbox 1368 1131 1479 1162; x_wconf 83' lang='lat' dir='ltr'>adhibe</span> <span class='ocrx_word' id='word_1_136' title='bbox 1490 1141 1500 1161; x_wconf 91' lang='lat'>.·</span> <span class='ocrx_word' id='word_1_137' title='bbox 1520 1141 1619 1162; x_wconf 88' lang='lat' dir='ltr'>mores</span> <span class='ocrx_word' id='word_1_138' title='bbox 1633 1131 1695 1168; x_wconf 78' lang='lat' dir='ltr'>dis-</span> 
     </span>
     <span class='ocr_line' id='line_1_19' title="bbox 232 1173 1695 1213; baseline -0.002 -7"><span class='ocrx_word' id='word_1_139' title='bbox 232 1176 343 1213; x_wconf 76' lang='lat' dir='ltr'>serunt</span> <span class='ocrx_word' id='word_1_140' title='bbox 358 1186 376 1206; x_wconf 83' lang='lat' dir='ltr'>a</span> <span class='ocrx_word' id='word_1_141' title='bbox 392 1175 506 1206; x_wconf 77' lang='lat' dir='ltr'>nostris</span> <span class='ocrx_word' id='word_1_142' title='bbox 521 1176 668 1206; x_wconf 78' lang='lat' dir='ltr'>versibus.</span> <span class='ocrx_word' id='word_1_143' title='bbox 721 1177 792 1207; x_wconf 83' lang='lat' dir='ltr'>Vita</span> <span class='ocrx_word' id='word_1_144' title='bbox 817 1180 862 1207; x_wconf 83' lang='lat' dir='ltr'>est</span> <span class='ocrx_word' id='word_1_145' title='bbox 890 1177 965 1207; x_wconf 85' lang='lat' dir='ltr'>mihi</span> <span class='ocrx_word' id='word_1_146' title='bbox 981 1177 1117 1212; x_wconf 79' lang='lat' dir='ltr'>honesta,</span> <span class='ocrx_word' id='word_1_147' title='bbox 1135 1175 1230 1205; x_wconf 79' lang='lat' dir='ltr'>Musa</span> <span class='ocrx_word' id='word_1_148' title='bbox 1246 1173 1377 1211; x_wconf 78' lang='lat' dir='ltr'>festiva.</span> <span class='ocrx_word' id='word_1_149' title='bbox 1424 1174 1602 1213; x_wconf 72' lang='lat' dir='ltr'>Magnaque</span> <span class='ocrx_word' id='word_1_150' title='bbox 1618 1182 1695 1213; x_wconf 81' lang='lat' dir='ltr'>pars</span> 
     </span>
    </p>
   </div>
   <div class='ocr_carea' id='block_1_9' title="bbox 851 1264 1083 1277">
    <p class='ocr_par' dir='ltr' id='par_1_10' title="bbox 851 1264 1083 1277">
     <span class='ocr_line' id='line_1_20' title="bbox 851 1264 1083 1277; baseline -0.009 0"><span class='ocrx_word' id='word_1_151' title='bbox 851 1264 1083 1277; x_wconf 67' lang='lat' dir='ltr'>eeeeeeeeeeee</span> 
     </span>
    </p>
   </div>
   <div class='ocr_carea' id='block_1_10' title="bbox 239 1312 1696 1902">
    <p class='ocr_par' dir='ltr' id='par_1_11' title="bbox 239 1312 1696 1902">
     <span class='ocr_line' id='line_1_21' title="bbox 241 1312 1693 1355; baseline -0.001 -10"><span class='ocrx_word' id='word_1_152' title='bbox 241 1324 306 1355; x_wconf 85' lang='lat' dir='ltr'>que</span> <span class='ocrx_word' id='word_1_153' title='bbox 322 1314 395 1345; x_wconf 91' lang='lat' dir='ltr'>loco</span> <span class='ocrx_word' id='word_1_154' title='bbox 413 1323 453 1343; x_wconf 82' lang='lat' dir='ltr'>ex</span> <span class='ocrx_word' id='word_1_155' title='bbox 480 1313 676 1344; x_wconf 83' lang='lat' dir='ltr'>melioribus</span> <span class='ocrx_word' id='word_1_156' title='bbox 705 1314 858 1354; x_wconf 75' lang='lat' dir='ltr'>reposuit</span> <span class='ocrx_word' id='word_1_157' title='bbox 884 1313 1004 1344; x_wconf 84' lang='lat' dir='ltr'>Heius.</span> <span class='ocrx_word' id='word_1_158' title='bbox 1033 1323 1094 1353; x_wconf 88' lang='lat' dir='ltr'>pro</span> <span class='ocrx_word' id='word_1_159' title='bbox 1121 1313 1210 1353; x_wconf 80' lang='lat' dir='ltr'>vulg.</span> <span class='ocrx_word' id='word_1_160' title='bbox 1227 1323 1303 1343; x_wconf 82' lang='lat' dir='ltr'>cur:</span> <span class='ocrx_word' id='word_1_161' title='bbox 1340 1312 1440 1343; x_wconf 89' lang='lat' dir='ltr'>multi</span> <span class='ocrx_word' id='word_1_162' title='bbox 1456 1312 1560 1343; x_wconf 86' lang='lat' dir='ltr'>etiam</span> <span class='ocrx_word' id='word_1_163' title='bbox 1574 1312 1648 1352; x_wconf 78' lang='lat' dir='ltr'>quid</span> <span class='ocrx_word' id='word_1_164' title='bbox 1662 1313 1693 1343; x_wconf 90' lang='lat' dir='ltr'>d.</span> 
     </span>
     <span class='ocr_line' id='line_1_22' title="bbox 239 1355 1694 1396; baseline -0.002 -9"><span class='ocrx_word' id='word_1_165' title='bbox 239 1357 430 1396; x_wconf 59' lang='lat' dir='ltr'>quid—344</span> <span class='ocrx_word' id='word_1_166' title='bbox 454 1357 509 1386; x_wconf 84' lang='lat' dir='ltr'>Fr.</span> <span class='ocrx_word' id='word_1_167' title='bbox 530 1356 596 1386; x_wconf 77' lang='lat' dir='ltr'>Lit.</span> <span class='ocrx_word' id='word_1_168' title='bbox 613 1366 668 1386; x_wconf 83' lang='lat' dir='ltr'>cur</span> <span class='ocrx_word' id='word_1_169' title='bbox 692 1358 767 1388; x_wconf 84' lang='lat' dir='ltr'>ocul.</span> <span class='ocrx_word' id='word_1_170' title='bbox 796 1358 877 1387; x_wconf 88' lang='lat' dir='ltr'>Lov.</span> <span class='ocrx_word' id='word_1_171' title='bbox 906 1356 1131 1396; x_wconf 78' lang='lat' dir='ltr'>quidce.—-345</span> <span class='ocrx_word' id='word_1_172' title='bbox 1156 1356 1235 1387; x_wconf 86' lang='lat' dir='ltr'>Nou</span> <span class='ocrx_word' id='word_1_173' title='bbox 1263 1355 1451 1395; x_wconf 84' lang='lat' dir='ltr'>procedere</span> <span class='ocrx_word' id='word_1_174' title='bbox 1473 1355 1553 1385; x_wconf 89' lang='lat' dir='ltr'>mihi</span> <span class='ocrx_word' id='word_1_175' title='bbox 1577 1364 1694 1385; x_wconf 87' lang='lat' dir='ltr'>sensus</span> 
     </span>
     <span class='ocr_line' id='line_1_23' title="bbox 241 1397 1695 1438; baseline -0.002 -9"><span class='ocrx_word' id='word_1_176' title='bbox 241 1398 397 1436; x_wconf 85' lang='lat' dir='ltr'>videtur;</span> <span class='ocrx_word' id='word_1_177' title='bbox 422 1408 496 1428; x_wconf 85' lang='lat' dir='ltr'>nam</span> <span class='ocrx_word' id='word_1_178' title='bbox 513 1398 594 1427; x_wconf 86' lang='lat' dir='ltr'>nihil</span> <span class='ocrx_word' id='word_1_179' title='bbox 610 1399 799 1438; x_wconf 70' lang='lat' dir='ltr'>praecessit,</span> <span class='ocrx_word' id='word_1_180' title='bbox 816 1398 904 1428; x_wconf 86' lang='lat' dir='ltr'>unde</span> <span class='ocrx_word' id='word_1_181' title='bbox 921 1399 985 1428; x_wconf 76' lang='lat' dir='ltr'>hoec</span> <span class='ocrx_word' id='word_1_182' title='bbox 1001 1398 1138 1429; x_wconf 85' lang='lat' dir='ltr'>lascivia</span> <span class='ocrx_word' id='word_1_183' title='bbox 1155 1398 1220 1428; x_wconf 86' lang='lat' dir='ltr'>dici</span> <span class='ocrx_word' id='word_1_184' title='bbox 1238 1398 1366 1437; x_wconf 81' lang='lat' dir='ltr'>possit:</span> <span class='ocrx_word' id='word_1_185' title='bbox 1393 1406 1495 1436; x_wconf 84' lang='lat' dir='ltr'>quare</span> <span class='ocrx_word' id='word_1_186' title='bbox 1510 1397 1564 1427; x_wconf 90' lang='lat' dir='ltr'>vel</span> <span class='ocrx_word' id='word_1_187' title='bbox 1581 1397 1695 1435; x_wconf 85' lang='lat' dir='ltr'>legen-</span> 
     </span>
     <span class='ocr_line' id='line_1_24' title="bbox 242 1438 1695 1480; baseline -0.001 -10"><span class='ocrx_word' id='word_1_188' title='bbox 242 1440 334 1478; x_wconf 84' lang='lat' dir='ltr'>dnm,</span> <span class='ocrx_word' id='word_1_189' title='bbox 351 1440 395 1471; x_wconf 83' lang='lat' dir='ltr'>At</span> <span class='ocrx_word' id='word_1_190' title='bbox 411 1441 480 1476; x_wconf 83' lang='lat' dir='ltr'>tibi,</span> <span class='ocrx_word' id='word_1_191' title='bbox 497 1440 561 1477; x_wconf 87' lang='lat' dir='ltr'>vel,</span> <span class='ocrx_word' id='word_1_192' title='bbox 577 1440 667 1480; x_wconf 88' lang='lat' dir='ltr'>quod</span> <span class='ocrx_word' id='word_1_193' title='bbox 683 1442 831 1479; x_wconf 84' lang='lat' dir='ltr'>mallem,</span> <span class='ocrx_word' id='word_1_194' title='bbox 846 1441 926 1471; x_wconf 79' lang='lat' dir='ltr'>Haec</span> <span class='ocrx_word' id='word_1_195' title='bbox 939 1440 997 1471; x_wconf 85' lang='lat' dir='ltr'>tibi</span> <span class='ocrx_word' id='word_1_196' title='bbox 1011 1450 1058 1471; x_wconf 85' lang='lat' dir='ltr'>me</span> <span class='ocrx_word' id='word_1_197' title='bbox 1073 1441 1205 1471; x_wconf 82' lang='lat' dir='ltr'>invisum</span> <span class='ocrx_word' id='word_1_198' title='bbox 1219 1438 1431 1476; x_wconf 79' lang='lat' dir='ltr'>lascivasfecit</span> <span class='ocrx_word' id='word_1_199' title='bbox 1447 1439 1482 1469; x_wconf 87' lang='lat' dir='ltr'>ob</span> <span class='ocrx_word' id='word_1_200' title='bbox 1499 1441 1602 1469; x_wconf 81' lang='lat' dir='ltr'>artes.-</span> <span class='ocrx_word' id='word_1_201' title='bbox 1618 1438 1695 1479; x_wconf 81' lang='lat' dir='ltr'>haec,</span> 
     </span>
     <span class='ocr_line' id='line_1_25' title="bbox 240 1481 1695 1523; baseline 0 -11"><span class='ocrx_word' id='word_1_202' title='bbox 240 1483 341 1514; x_wconf 83' lang='lat' dir='ltr'>litera</span> <span class='ocrx_word' id='word_1_203' title='bbox 358 1482 502 1518; x_wconf 85' lang='lat' dir='ltr'>scilicet,</span> <span class='ocrx_word' id='word_1_204' title='bbox 517 1492 569 1511; x_wconf 87' lang='lat' dir='ltr'>me</span> <span class='ocrx_word' id='word_1_205' title='bbox 588 1483 647 1512; x_wconf 88' lang='lat' dir='ltr'>tibi</span> <span class='ocrx_word' id='word_1_206' title='bbox 665 1483 806 1513; x_wconf 86' lang='lat' dir='ltr'>invisum</span> <span class='ocrx_word' id='word_1_207' title='bbox 823 1482 919 1520; x_wconf 88' lang='lat' dir='ltr'>fecit,</span> <span class='ocrx_word' id='word_1_208' title='bbox 936 1483 1015 1523; x_wconf 88' lang='lat' dir='ltr'>quia</span> <span class='ocrx_word' id='word_1_209' title='bbox 1031 1492 1072 1513; x_wconf 87' lang='lat' dir='ltr'>ex</span> <span class='ocrx_word' id='word_1_210' title='bbox 1089 1483 1202 1513; x_wconf 89' lang='lat' dir='ltr'>studio</span> <span class='ocrx_word' id='word_1_211' title='bbox 1230 1487 1265 1513; x_wconf 89' lang='lat' dir='ltr'>et</span> <span class='ocrx_word' id='word_1_212' title='bbox 1280 1481 1442 1512; x_wconf 68' lang='lat' dir='ltr'>Poetices</span> <span class='ocrx_word' id='word_1_213' title='bbox 1464 1481 1557 1511; x_wconf 85' lang='lat' dir='ltr'>cultu</span> <span class='ocrx_word' id='word_1_214' title='bbox 1575 1490 1695 1520; x_wconf 87' lang='lat' dir='ltr'>prove-</span> 
     </span>
     <span class='ocr_line' id='line_1_26' title="bbox 241 1523 1695 1565; baseline -0.001 -10"><span class='ocrx_word' id='word_1_215' title='bbox 241 1529 365 1555; x_wconf 87' lang='lat' dir='ltr'>nerunt</span> <span class='ocrx_word' id='word_1_216' title='bbox 379 1525 444 1554; x_wconf 88' lang='lat' dir='ltr'>illae</span> <span class='ocrx_word' id='word_1_217' title='bbox 464 1529 552 1555; x_wconf 79' lang='lat' dir='ltr'>artes</span> <span class='ocrx_word' id='word_1_218' title='bbox 569 1525 715 1563; x_wconf 73' lang='lat' dir='ltr'>lascivae,</span> <span class='ocrx_word' id='word_1_219' title='bbox 731 1535 813 1565; x_wconf 84' lang='lat' dir='ltr'>quas</span> <span class='ocrx_word' id='word_1_220' title='bbox 831 1530 866 1556; x_wconf 91' lang='lat' dir='ltr'>tu</span> <span class='ocrx_word' id='word_1_221' title='bbox 884 1530 976 1555; x_wconf 83' lang='lat' dir='ltr'>ratus</span> <span class='ocrx_word' id='word_1_222' title='bbox 993 1534 1029 1555; x_wconf 87' lang='lat' dir='ltr'>es</span> <span class='ocrx_word' id='word_1_223' title='bbox 1053 1525 1220 1555; x_wconf 85' lang='lat' dir='ltr'>adulteria</span> <span class='ocrx_word' id='word_1_224' title='bbox 1243 1524 1381 1561; x_wconf 89' lang='lat' dir='ltr'>docere,</span> <span class='ocrx_word' id='word_1_225' title='bbox 1398 1533 1473 1562; x_wconf 78' lang='lat' dir='ltr'>quae</span> <span class='ocrx_word' id='word_1_226' title='bbox 1491 1527 1526 1553; x_wconf 83' lang='lat' dir='ltr'>tu</span> <span class='ocrx_word' id='word_1_227' title='bbox 1542 1523 1620 1562; x_wconf 85' lang='lat' dir='ltr'>lege</span> <span class='ocrx_word' id='word_1_228' title='bbox 1643 1532 1695 1554; x_wconf 88' lang='lat' dir='ltr'>se-</span> 
     </span>
     <span class='ocr_line' id='line_1_27' title="bbox 239 1565 1696 1607; baseline 0 -11"><span class='ocrx_word' id='word_1_229' title='bbox 239 1566 416 1597; x_wconf 85' lang='lat' dir='ltr'>verissima</span> <span class='ocrx_word' id='word_1_230' title='bbox 446 1566 639 1596; x_wconf 67' lang='lat' dir='ltr'>coercuisti.</span> <span class='ocrx_word' id='word_1_231' title='bbox 669 1568 888 1598; x_wconf 63' lang='lat' dir='ltr'>Barim—346</span> <span class='ocrx_word' id='word_1_232' title='bbox 916 1568 1000 1607; x_wconf 90' lang='lat' dir='ltr'>[Pro</span> <span class='ocrx_word' id='word_1_233' title='bbox 1027 1568 1118 1607; x_wconf 86' lang='lat' dir='ltr'>vulg.</span> <span class='ocrx_word' id='word_1_234' title='bbox 1144 1566 1325 1605; x_wconf 53' lang='lat' dir='ltr'>solicitam}</span> <span class='ocrx_word' id='word_1_235' title='bbox 1351 1566 1518 1595; x_wconf 83' lang='lat' dir='ltr'>solicitasse</span> <span class='ocrx_word' id='word_1_236' title='bbox 1540 1565 1696 1605; x_wconf 81' lang='lat' dir='ltr'>plerique</span> 
     </span>
     <span class='ocr_line' id='line_1_28' title="bbox 241 1607 1696 1648; baseline -0.001 -10"><span class='ocrx_word' id='word_1_237' title='bbox 241 1608 361 1648; x_wconf 89' lang='lat' dir='ltr'>scripti</span> <span class='ocrx_word' id='word_1_238' title='bbox 388 1615 422 1638; x_wconf 88' lang='lat' dir='ltr'>et</span> <span class='ocrx_word' id='word_1_239' title='bbox 447 1609 583 1647; x_wconf 84' lang='lat' dir='ltr'>optimae</span> <span class='ocrx_word' id='word_1_240' title='bbox 615 1608 814 1640; x_wconf 84' lang='lat' dir='ltr'>Editiones:</span> <span class='ocrx_word' id='word_1_241' title='bbox 845 1609 933 1647; x_wconf 78' lang='lat' dir='ltr'>focos</span> <span class='ocrx_word' id='word_1_242' title='bbox 963 1611 1126 1648; x_wconf 79' lang='lat' dir='ltr'>Excerpt.</span> <span class='ocrx_word' id='word_1_243' title='bbox 1158 1609 1284 1645; x_wconf 82' lang='lat' dir='ltr'>Vossii3</span> <span class='ocrx_word' id='word_1_244' title='bbox 1323 1617 1513 1646; x_wconf 82' lang='lat' dir='ltr'>perperam.</span> <span class='ocrx_word' id='word_1_245' title='bbox 1538 1607 1696 1638; x_wconf 70' lang='lat' dir='ltr'>Burm—</span> 
     </span>
     <span class='ocr_line' id='line_1_29' title="bbox 242 1650 1695 1691; baseline 0.001 -11"><span class='ocrx_word' id='word_1_246' title='bbox 242 1653 305 1680; x_wconf 71' lang='lat'>348</span> <span class='ocrx_word' id='word_1_247' title='bbox 328 1651 387 1680; x_wconf 88' lang='lat' dir='ltr'>Pr.</span> <span class='ocrx_word' id='word_1_248' title='bbox 406 1651 479 1680; x_wconf 90' lang='lat' dir='ltr'>Pol.</span> <span class='ocrx_word' id='word_1_249' title='bbox 507 1652 626 1690; x_wconf 72' lang='lat' dir='ltr'>Quique</span> <span class='ocrx_word' id='word_1_250' title='bbox 650 1661 718 1690; x_wconf 81' lang='lat' dir='ltr'>par.</span> <span class='ocrx_word' id='word_1_251' title='bbox 747 1652 830 1682; x_wconf 89' lang='lat' dir='ltr'>Lov.</span> <span class='ocrx_word' id='word_1_252' title='bbox 857 1653 1011 1691; x_wconf 75' lang='lat' dir='ltr'>Quaeque:</span> <span class='ocrx_word' id='word_1_253' title='bbox 1050 1652 1137 1681; x_wconf 84' lang='lat' dir='ltr'>Mor.</span> <span class='ocrx_word' id='word_1_254' title='bbox 1165 1651 1253 1685; x_wconf 81' lang='lat' dir='ltr'>Quod</span> <span class='ocrx_word' id='word_1_255' title='bbox 1268 1650 1391 1680; x_wconf 83' lang='lat' dir='ltr'>minime</span> <span class='ocrx_word' id='word_1_256' title='bbox 1413 1652 1590 1680; x_wconf 55' lang='lat' dir='ltr'>noia-350</span> <span class='ocrx_word' id='word_1_257' title='bbox 1614 1650 1695 1681; x_wconf 90' lang='lat' dir='ltr'>Duo</span> 
     </span>
     <span class='ocr_line' id='line_1_30' title="bbox 240 1691 1695 1732; baseline 0 -10"><span class='ocrx_word' id='word_1_258' title='bbox 240 1692 318 1722; x_wconf 83' lang='lat' dir='ltr'>libri</span> <span class='ocrx_word' id='word_1_259' title='bbox 335 1692 459 1730; x_wconf 73' lang='lat' dir='ltr'>Arguat</span> <span class='ocrx_word' id='word_1_260' title='bbox 484 1697 516 1722; x_wconf 81' lang='lat' dir='ltr'>ut</span> <span class='ocrx_word' id='word_1_261' title='bbox 542 1703 621 1723; x_wconf 80' lang='lat' dir='ltr'>nom.</span> <span class='ocrx_word' id='word_1_262' title='bbox 657 1694 736 1724; x_wconf 88' lang='lat' dir='ltr'>Jun.</span> <span class='ocrx_word' id='word_1_263' title='bbox 762 1694 895 1732; x_wconf 75' lang='lat' dir='ltr'>Arguit,</span> <span class='ocrx_word' id='word_1_264' title='bbox 925 1695 977 1724; x_wconf 86' lang='lat' dir='ltr'>vel</span> <span class='ocrx_word' id='word_1_265' title='bbox 1005 1693 1159 1723; x_wconf 80' lang='lat' dir='ltr'>Laeserit:</span> <span class='ocrx_word' id='word_1_266' title='bbox 1195 1697 1265 1722; x_wconf 89' lang='lat' dir='ltr'>tres</span> <span class='ocrx_word' id='word_1_267' title='bbox 1295 1693 1351 1721; x_wconf 86' lang='lat' dir='ltr'>alii</span> <span class='ocrx_word' id='word_1_268' title='bbox 1374 1692 1475 1721; x_wconf 84' lang='lat' dir='ltr'>etiam</span> <span class='ocrx_word' id='word_1_269' title='bbox 1507 1691 1695 1722; x_wconf 81' lang='lat' dir='ltr'>Loeserit.—-</span> 
     </span>
     <span class='ocr_line' id='line_1_31' title="bbox 242 1733 1695 1775; baseline 0 -11"><span class='ocrx_word' id='word_1_270' title='bbox 242 1736 305 1764; x_wconf 79' lang='lat'>:352</span> <span class='ocrx_word' id='word_1_271' title='bbox 328 1733 400 1764; x_wconf 83' lang='lat' dir='ltr'>Jos.</span> <span class='ocrx_word' id='word_1_272' title='bbox 418 1734 568 1772; x_wconf 77' lang='lat' dir='ltr'>Scaliger</span> <span class='ocrx_word' id='word_1_273' title='bbox 584 1734 666 1773; x_wconf 78' lang='lat' dir='ltr'>legit</span> <span class='ocrx_word' id='word_1_274' title='bbox 688 1735 729 1764; x_wconf 81' lang='lat' dir='ltr'>Ut</span> <span class='ocrx_word' id='word_1_275' title='bbox 747 1737 822 1765; x_wconf 81' lang='lat' dir='ltr'>vitio</span> <span class='ocrx_word' id='word_1_276' title='bbox 839 1735 949 1773; x_wconf 79' lang='lat' dir='ltr'>factus</span> <span class='ocrx_word' id='word_1_277' title='bbox 962 1746 985 1765; x_wconf 89' lang='lat' dir='ltr'>s.</span> <span class='ocrx_word' id='word_1_278' title='bbox 999 1746 1030 1775; x_wconf 88' lang='lat' dir='ltr'>p.</span> <span class='ocrx_word' id='word_1_279' title='bbox 1047 1736 1070 1765; x_wconf 88' lang='lat' dir='ltr'>i.</span> <span class='ocrx_word' id='word_1_280' title='bbox 1086 1745 1126 1765; x_wconf 86' lang='lat' dir='ltr'>m.</span> <span class='ocrx_word' id='word_1_281' title='bbox 1144 1739 1245 1775; x_wconf 89' lang='lat' dir='ltr'>atque</span> <span class='ocrx_word' id='word_1_282' title='bbox 1272 1735 1281 1750; x_wconf 92' lang='lat'>‘</span> <span class='ocrx_word' id='word_1_283' title='bbox 1300 1733 1386 1764; x_wconf 82' lang='lat' dir='ltr'>filios</span> <span class='ocrx_word' id='word_1_284' title='bbox 1401 1733 1493 1763; x_wconf 89' lang='lat' dir='ltr'>vitio&#39;</span> <span class='ocrx_word' id='word_1_285' title='bbox 1522 1734 1605 1763; x_wconf 90' lang='lat' dir='ltr'>dicit</span> <span class='ocrx_word' id='word_1_286' title='bbox 1621 1743 1695 1764; x_wconf 84' lang='lat' dir='ltr'>esse</span> 
     </span>
     <span class='ocr_line' id='line_1_32' title="bbox 243 1775 1695 1816; baseline 0.001 -10"><span class='ocrx_word' id='word_1_287' title='bbox 243 1775 387 1815; x_wconf 85' lang='lat' dir='ltr'>spurios,</span> <span class='ocrx_word' id='word_1_288' title='bbox 415 1780 449 1804; x_wconf 84' lang='lat' dir='ltr'>et</span> <span class='ocrx_word' id='word_1_289' title='bbox 479 1775 619 1805; x_wconf 83' lang='lat' dir='ltr'>‘facere</span> <span class='ocrx_word' id='word_1_290' title='bbox 646 1781 778 1816; x_wconf 87' lang='lat' dir='ltr'>patrem</span> <span class='ocrx_word' id='word_1_291' title='bbox 809 1777 903 1807; x_wconf 88' lang='lat' dir='ltr'>vitio’</span> <span class='ocrx_word' id='word_1_292' title='bbox 935 1777 977 1807; x_wconf 85' lang='lat' dir='ltr'>(le</span> <span class='ocrx_word' id='word_1_293' title='bbox 1005 1778 1134 1807; x_wconf 74' lang='lat' dir='ltr'>moecho</span> <span class='ocrx_word' id='word_1_294' title='bbox 1153 1777 1261 1814; x_wconf 83' lang='lat' dir='ltr'>(licit;</span> <span class='ocrx_word' id='word_1_295' title='bbox 1300 1780 1337 1806; x_wconf 88' lang='lat' dir='ltr'>ut</span> <span class='ocrx_word' id='word_1_296' title='bbox 1366 1776 1517 1806; x_wconf 80' lang='lat' dir='ltr'>Martial.</span> <span class='ocrx_word' id='word_1_297' title='bbox 1545 1784 1611 1805; x_wconf 77' lang='grc' dir='ltr'>ΧΠ.</span> <span class='ocrx_word' id='word_1_298' title='bbox 1641 1778 1695 1807; x_wconf 83' lang='grc'>43.</span> 
     </span>
     <span class='ocr_line' id='line_1_33' title="bbox 242 1817 1696 1857; baseline 0 -9"><span class='ocrx_word' id='word_1_299' title='bbox 242 1819 251 1833; x_wconf 70' lang='grc'>·’</span> <span class='ocrx_word' id='word_1_300' title='bbox 270 1817 361 1848; x_wconf 89' lang='lat' dir='ltr'>Huic</span> <span class='ocrx_word' id='word_1_301' title='bbox 391 1826 524 1856; x_wconf 84' lang='lat' dir='ltr'>semper</span> <span class='ocrx_word' id='word_1_302' title='bbox 552 1818 634 1848; x_wconf 87' lang='lat' dir='ltr'>vitio</span> <span class='ocrx_word' id='word_1_303' title='bbox 659 1826 756 1857; x_wconf 86' lang='lat' dir='ltr'>pater</span> <span class='ocrx_word' id='word_1_304' title='bbox 794 1818 913 1850; x_wconf 58' lang='lat' dir='ltr'>fuisti)</span> <span class='ocrx_word' id='word_1_305' title='bbox 942 1820 1170 1850; x_wconf 79' lang='lat' dir='ltr'>Bersm.—-353</span> <span class='ocrx_word' id='word_1_306' title='bbox 1206 1819 1325 1849; x_wconf 80' lang='lat' dir='ltr'>Heius.</span> <span class='ocrx_word' id='word_1_307' title='bbox 1357 1818 1432 1848; x_wconf 84' lang='lat' dir='ltr'>dist.</span> <span class='ocrx_word' id='word_1_308' title='bbox 1463 1827 1536 1848; x_wconf 84' lang='lat' dir='ltr'>mor.</span> <span class='ocrx_word' id='word_1_309' title='bbox 1560 1818 1696 1848; x_wconf 87' lang='lat' dir='ltr'>inverso</span> 
     </span>
     <span class='ocr_line' id='line_1_34' title="bbox 243 1859 1695 1902; baseline 0 -12"><span class='ocrx_word' id='word_1_310' title='bbox 243 1859 496 1891; x_wconf 61' lang='lat' dir='ltr'>ordine—354</span> <span class='ocrx_word' id='word_1_311' title='bbox 523 1860 607 1890; x_wconf 82' lang='lat' dir='ltr'>Mihi</span> <span class='ocrx_word' id='word_1_312' title='bbox 640 1860 756 1893; x_wconf 85' lang='lat' dir='ltr'>Heius.</span> <span class='ocrx_word' id='word_1_313' title='bbox 788 1863 917 1902; x_wconf 85' lang='lat' dir='ltr'>recepit</span> <span class='ocrx_word' id='word_1_314' title='bbox 949 1871 991 1892; x_wconf 83' lang='lat' dir='ltr'>ex</span> <span class='ocrx_word' id='word_1_315' title='bbox 1021 1865 1089 1893; x_wconf 89' lang='lat' dir='ltr'>vet.</span> <span class='ocrx_word' id='word_1_316' title='bbox 1120 1861 1206 1893; x_wconf 83' lang='lat' dir='ltr'>libro</span> <span class='ocrx_word' id='word_1_317' title='bbox 1241 1870 1303 1900; x_wconf 87' lang='lat' dir='ltr'>pro</span> <span class='ocrx_word' id='word_1_318' title='bbox 1341 1861 1430 1899; x_wconf 82' lang='lat' dir='ltr'>vulg.</span> <span class='ocrx_word' id='word_1_319' title='bbox 1472 1869 1538 1890; x_wconf 85' lang='lat' dir='ltr'>mea</span> <span class='ocrx_word' id='word_1_320' title='bbox 1582 1861 1695 1890; x_wconf 79' lang='lat' dir='ltr'>est.—</span> 
     </span>
    </p>
   </div>
   <div class='ocr_carea' id='block_1_11' title="bbox 900 1947 1037 1978">
    <p class='ocr_par' dir='ltr' id='par_1_12' title="bbox 900 1947 1037 1978">
     <span class='ocr_line' id='line_1_35' title="bbox 900 1947 1037 1978; baseline 0 0"><span class='ocrx_word' id='word_1_321' title='bbox 900 1947 1037 1978; x_wconf 82' lang='lat' dir='ltr'><strong>NOTAE</strong></span> 
     </span>
    </p>
   </div>
   <div class='ocr_carea' id='block_1_12' title="bbox 242 2005 942 2738">
    <p class='ocr_par' dir='ltr' id='par_1_13' title="bbox 285 2005 941 2046">
     <span class='ocr_line' id='line_1_36' title="bbox 285 2005 941 2046; baseline 0.005 -11"><span class='ocrx_word' id='word_1_322' title='bbox 285 2007 348 2035; x_wconf 74' lang='lat'>346</span> <span class='ocrx_word' id='word_1_323' title='bbox 376 2005 508 2045; x_wconf 63' lang='lat' dir='ltr'>Ventos]</span> <span class='ocrx_word' id='word_1_324' title='bbox 537 2006 941 2046; x_wconf 75' lang='lat' dir='ltr'>Matronarum‚seilieet.</span> 
     </span>
    </p>

    <p class='ocr_par' dir='ltr' id='par_1_14' title="bbox 285 2055 940 2094">
     <span class='ocr_line' id='line_1_37' title="bbox 285 2055 940 2094; baseline 0.006 -11"><span class='ocrx_word' id='word_1_325' title='bbox 285 2055 346 2084; x_wconf 82' lang='lat'>347</span> <span class='ocrx_word' id='word_1_326' title='bbox 372 2055 486 2094; x_wconf 76' lang='lat' dir='ltr'>Furta]</span> <span class='ocrx_word' id='word_1_327' title='bbox 512 2055 748 2086; x_wconf 85' lang='lat' dir='ltr'>Incoucessam</span> <span class='ocrx_word' id='word_1_328' title='bbox 760 2057 940 2087; x_wconf 83' lang='lat' dir='ltr'>Venerem.</span> 
     </span>
    </p>

    <p class='ocr_par' dir='ltr' id='par_1_15' title="bbox 242 2104 942 2341">
     <span class='ocr_line' id='line_1_38' title="bbox 285 2104 941 2143; baseline 0.005 -10"><span class='ocrx_word' id='word_1_329' title='bbox 285 2105 347 2133; x_wconf 73' lang='lat'>348</span> <span class='ocrx_word' id='word_1_330' title='bbox 373 2104 488 2134; x_wconf 78' lang='lat' dir='ltr'>Parum</span> <span class='ocrx_word' id='word_1_331' title='bbox 504 2105 603 2143; x_wconf 78' lang='lat' dir='ltr'>novit]</span> <span class='ocrx_word' id='word_1_332' title='bbox 644 2106 749 2137; x_wconf 80' lang='lat' dir='ltr'>Quasi</span> <span class='ocrx_word' id='word_1_333' title='bbox 780 2115 859 2135; x_wconf 86' lang='lat' dir='ltr'>vero</span> <span class='ocrx_word' id='word_1_334' title='bbox 885 2107 941 2136; x_wconf 90' lang='lat' dir='ltr'>ille</span> 
     </span>
     <span class='ocr_line' id='line_1_39' title="bbox 244 2154 942 2194; baseline 0.001 -11"><span class='ocrx_word' id='word_1_335' title='bbox 244 2157 430 2183; x_wconf 77' lang='lat' dir='ltr'>matronam</span> <span class='ocrx_word' id='word_1_336' title='bbox 461 2154 592 2183; x_wconf 81' lang='lat' dir='ltr'>nesciat</span> <span class='ocrx_word' id='word_1_337' title='bbox 622 2163 855 2193; x_wconf 84' lang='lat' dir='ltr'>corrumpere,</span> <span class='ocrx_word' id='word_1_338' title='bbox 883 2156 942 2194; x_wconf 87' lang='lat' dir='ltr'>qui</span> 
     </span>
     <span class='ocr_line' id='line_1_40' title="bbox 242 2202 940 2241; baseline 0.001 -9"><span class='ocrx_word' id='word_1_339' title='bbox 242 2202 341 2232; x_wconf 85' lang='lat' dir='ltr'>aliam</span> <span class='ocrx_word' id='word_1_340' title='bbox 359 2202 509 2241; x_wconf 84' lang='lat' dir='ltr'>quamvis</span> <span class='ocrx_word' id='word_1_341' title='bbox 529 2203 695 2241; x_wconf 85' lang='lat' dir='ltr'>puellam!</span> <span class='ocrx_word' id='word_1_342' title='bbox 732 2203 802 2233; x_wconf 89' lang='lat' dir='ltr'>Ista</span> <span class='ocrx_word' id='word_1_343' title='bbox 825 2204 868 2233; x_wconf 79' lang='lat' dir='ltr'>ad</span> <span class='ocrx_word' id='word_1_344' title='bbox 893 2205 940 2233; x_wconf 86' lang='lat' dir='ltr'>lu-</span> 
     </span>
     <span class='ocr_line' id='line_1_41' title="bbox 244 2251 940 2292; baseline 0.004 -12"><span class='ocrx_word' id='word_1_345' title='bbox 244 2251 403 2289; x_wconf 78' lang='lat' dir='ltr'>«lendum,</span> <span class='ocrx_word' id='word_1_346' title='bbox 419 2251 506 2291; x_wconf 86' lang='lat' dir='ltr'>quod</span> <span class='ocrx_word' id='word_1_347' title='bbox 524 2252 652 2291; x_wconf 87' lang='lat' dir='ltr'>optime</span> <span class='ocrx_word' id='word_1_348' title='bbox 674 2260 814 2283; x_wconf 86' lang='lat' dir='ltr'>noverat</span> <span class='ocrx_word' id='word_1_349' title='bbox 836 2254 940 2292; x_wconf 83' lang='lat' dir='ltr'>Naso,</span> 
     </span>
     <span class='ocr_line' id='line_1_42' title="bbox 244 2300 856 2341; baseline 0.002 -10"><span class='ocrx_word' id='word_1_350' title='bbox 244 2310 309 2331; x_wconf 90' lang='lat' dir='ltr'>non</span> <span class='ocrx_word' id='word_1_351' title='bbox 327 2300 368 2330; x_wconf 81' lang='lat' dir='ltr'>ad</span> <span class='ocrx_word' id='word_1_352' title='bbox 386 2301 653 2340; x_wconf 73' lang='lat' dir='ltr'>persuadendum</span> <span class='ocrx_word' id='word_1_353' title='bbox 670 2306 747 2332; x_wconf 86' lang='lat' dir='ltr'>sunt</span> <span class='ocrx_word' id='word_1_354' title='bbox 765 2307 856 2341; x_wconf 83' lang='lat' dir='ltr'>apta.</span> 
     </span>
    </p>

    <p class='ocr_par' dir='ltr' id='par_1_16' title="bbox 245 2350 942 2490">
     <span class='ocr_line' id='line_1_43' title="bbox 287 2350 941 2390; baseline 0.002 -10"><span class='ocrx_word' id='word_1_355' title='bbox 287 2353 349 2380; x_wconf 84' lang='lat'>350</span> <span class='ocrx_word' id='word_1_356' title='bbox 365 2350 496 2390; x_wconf 71' lang='lat' dir='ltr'>Fabula]</span> <span class='ocrx_word' id='word_1_357' title='bbox 521 2351 659 2381; x_wconf 79' lang='lat' dir='ltr'>Scilicet</span> <span class='ocrx_word' id='word_1_358' title='bbox 673 2351 748 2380; x_wconf 87' lang='lat' dir='ltr'>idco</span> <span class='ocrx_word' id='word_1_359' title='bbox 765 2350 870 2382; x_wconf 80' lang='lat' dir='ltr'>fuerit</span> <span class='ocrx_word' id='word_1_360' title='bbox 885 2352 941 2381; x_wconf 91' lang='lat' dir='ltr'>ille</span> 
     </span>
     <span class='ocr_line' id='line_1_44' title="bbox 245 2399 942 2439; baseline 0.001 -10"><span class='ocrx_word' id='word_1_361' title='bbox 245 2399 465 2438; x_wconf 64' lang='lat' dir='ltr'>castissimum,</span> <span class='ocrx_word' id='word_1_362' title='bbox 492 2400 570 2439; x_wconf 85' lang='lat' dir='ltr'>quia</span> <span class='ocrx_word' id='word_1_363' title='bbox 602 2401 633 2429; x_wconf 89' lang='lat' dir='ltr'>iu</span> <span class='ocrx_word' id='word_1_364' title='bbox 663 2410 719 2430; x_wconf 81' lang='lat' dir='ltr'>ore</span> <span class='ocrx_word' id='word_1_365' title='bbox 747 2410 811 2430; x_wconf 87' lang='lat' dir='ltr'>uon</span> <span class='ocrx_word' id='word_1_366' title='bbox 840 2400 942 2431; x_wconf 80' lang='lat' dir='ltr'>fucrit</span> 
     </span>
     <span class='ocr_line' id='line_1_45' title="bbox 245 2449 939 2490; baseline 0.001 -10"><span class='ocrx_word' id='word_1_367' title='bbox 245 2449 332 2480; x_wconf 90' lang='lat' dir='ltr'>omni</span> <span class='ocrx_word' id='word_1_368' title='bbox 346 2451 489 2489; x_wconf 82' lang='lat' dir='ltr'>populo!</span> <span class='ocrx_word' id='word_1_369' title='bbox 515 2449 703 2490; x_wconf 75' lang='lat' dir='ltr'>Aliteripse</span> <span class='ocrx_word' id='word_1_370' title='bbox 714 2450 939 2483; x_wconf 76' lang='lat' dir='ltr'>docuitNaso.</span> 
     </span>
    </p>

    <p class='ocr_par' dir='ltr' id='par_1_17' title="bbox 245 2500 939 2588">
     <span class='ocr_line' id='line_1_46' title="bbox 286 2500 939 2541; baseline 0.002 -11"><span class='ocrx_word' id='word_1_371' title='bbox 286 2503 348 2530; x_wconf 81' lang='lat'>352</span> <span class='ocrx_word' id='word_1_372' title='bbox 374 2500 512 2541; x_wconf 75' lang='lat' dir='ltr'>Dubius]</span> <span class='ocrx_word' id='word_1_373' title='bbox 541 2501 638 2532; x_wconf 81' lang='lat' dir='ltr'>Quod</span> <span class='ocrx_word' id='word_1_374' title='bbox 657 2501 743 2530; x_wconf 87' lang='lat' dir='ltr'>illius</span> <span class='ocrx_word' id='word_1_375' title='bbox 761 2502 939 2541; x_wconf 78' lang='lat' dir='ltr'>conjugem</span> 
     </span>
     <span class='ocr_line' id='line_1_47' title="bbox 245 2550 426 2588; baseline 0 -8"><span class='ocrx_word' id='word_1_376' title='bbox 245 2550 426 2588; x_wconf 69' lang='lat' dir='ltr'>tetigerim.</span> 
     </span>
    </p>

    <p class='ocr_par' dir='ltr' id='par_1_18' title="bbox 247 2599 940 2686">
     <span class='ocr_line' id='line_1_48' title="bbox 293 2599 940 2640; baseline 0.003 -12"><span class='ocrx_word' id='word_1_377' title='bbox 293 2599 392 2637; x_wconf 75' lang='lat' dir='ltr'>Vitio]</span> <span class='ocrx_word' id='word_1_378' title='bbox 420 2600 608 2631; x_wconf 79' lang='lat' dir='ltr'>Adulterio.</span> <span class='ocrx_word' id='word_1_379' title='bbox 644 2601 734 2640; x_wconf 86' lang='lat' dir='ltr'>Non,</span> <span class='ocrx_word' id='word_1_380' title='bbox 747 2600 940 2640; x_wconf 82' lang='lat' dir='ltr'>praeceptis‚</span> 
     </span>
     <span class='ocr_line' id='line_1_49' title="bbox 247 2652 536 2686; baseline 0.007 -9"><span class='ocrx_word' id='word_1_381' title='bbox 247 2652 283 2678; x_wconf 81' lang='lat' dir='ltr'>nt</span> <span class='ocrx_word' id='word_1_382' title='bbox 299 2654 536 2686; x_wconf 67' lang='lat' dir='ltr'>exposuerunt.</span> 
     </span>
    </p>

    <p class='ocr_par' dir='ltr' id='par_1_19' title="bbox 288 2698 936 2738">
     <span class='ocr_line' id='line_1_50' title="bbox 288 2698 936 2738; baseline 0.008 -11"><span class='ocrx_word' id='word_1_383' title='bbox 288 2699 349 2727; x_wconf 78' lang='lat'>³53</span> <span class='ocrx_word' id='word_1_384' title='bbox 375 2698 569 2738; x_wconf 79' lang='lat' dir='ltr'>Credemihi]</span> <span class='ocrx_word' id='word_1_385' title='bbox 596 2700 672 2733; x_wconf 90' lang='lat' dir='ltr'>Non</span> <span class='ocrx_word' id='word_1_386' title='bbox 683 2700 785 2731; x_wconf 83' lang='lat' dir='ltr'>credo</span> <span class='ocrx_word' id='word_1_387' title='bbox 802 2704 936 2732; x_wconf 83' lang='lat' dir='ltr'>tamen:</span> 
     </span>
    </p>
   </div>
   <div class='ocr_carea' id='block_1_13' title="bbox 993 2005 1695 2680">
    <p class='ocr_par' dir='ltr' id='par_1_20' title="bbox 995 2005 1695 2490">
     <span class='ocr_line' id='line_1_51' title="bbox 997 2005 1694 2048; baseline -0.001 -9"><span class='ocrx_word' id='word_1_388' title='bbox 997 2018 1140 2048; x_wconf 87' lang='lat' dir='ltr'>namque</span> <span class='ocrx_word' id='word_1_389' title='bbox 1163 2006 1284 2038; x_wconf 83' lang='lat' dir='ltr'>nimius</span> <span class='ocrx_word' id='word_1_390' title='bbox 1301 2015 1336 2036; x_wconf 87' lang='lat' dir='ltr'>es</span> <span class='ocrx_word' id='word_1_391' title='bbox 1353 2006 1387 2036; x_wconf 89' lang='lat' dir='ltr'>in</span> <span class='ocrx_word' id='word_1_392' title='bbox 1402 2005 1601 2046; x_wconf 81' lang='lat' dir='ltr'>cogitandis,</span> <span class='ocrx_word' id='word_1_393' title='bbox 1617 2016 1694 2046; x_wconf 88' lang='lat' dir='ltr'>pro·</span> 
     </span>
     <span class='ocr_line' id='line_1_52' title="bbox 997 2056 1695 2097; baseline 0 -10"><span class='ocrx_word' id='word_1_394' title='bbox 997 2057 1129 2095; x_wconf 89' lang='lat' dir='ltr'>bandis,</span> <span class='ocrx_word' id='word_1_395' title='bbox 1168 2061 1270 2096; x_wconf 87' lang='lat' dir='ltr'>atque</span> <span class='ocrx_word' id='word_1_396' title='bbox 1317 2056 1467 2086; x_wconf 81' lang='lat' dir='ltr'>amandis</span> <span class='ocrx_word' id='word_1_397' title='bbox 1505 2056 1695 2097; x_wconf 84' lang='lat' dir='ltr'>quibusque</span> 
     </span>
     <span class='ocr_line' id='line_1_53' title="bbox 996 2105 1695 2146; baseline 0.001 -10"><span class='ocrx_word' id='word_1_398' title='bbox 996 2107 1139 2137; x_wconf 84' lang='lat' dir='ltr'>Veneris</span> <span class='ocrx_word' id='word_1_399' title='bbox 1152 2105 1321 2136; x_wconf 79' lang='lat' dir='ltr'>illecebris</span> <span class='ocrx_word' id='word_1_400' title='bbox 1334 2110 1434 2146; x_wconf 86' lang='lat' dir='ltr'>atque</span> <span class='ocrx_word' id='word_1_401' title='bbox 1444 2106 1584 2137; x_wconf 81' lang='lat' dir='ltr'>deliciis.</span> <span class='ocrx_word' id='word_1_402' title='bbox 1601 2107 1695 2146; x_wconf 81' lang='lat' dir='ltr'>Fuga</span> 
     </span>
     <span class='ocr_line' id='line_1_54' title="bbox 996 2156 1693 2196; baseline 0.004 -12"><span class='ocrx_word' id='word_1_403' title='bbox 996 2156 1239 2186; x_wconf 86' lang='lat' dir='ltr'>consulendum</span> <span class='ocrx_word' id='word_1_404' title='bbox 1257 2156 1320 2186; x_wconf 87' lang='lat' dir='ltr'>sibi</span> <span class='ocrx_word' id='word_1_405' title='bbox 1336 2156 1408 2195; x_wconf 86' lang='lat' dir='ltr'>ipse</span> <span class='ocrx_word' id='word_1_406' title='bbox 1425 2156 1584 2196; x_wconf 83' lang='lat' dir='ltr'>frequens</span> <span class='ocrx_word' id='word_1_407' title='bbox 1607 2157 1693 2188; x_wconf 89' lang='lat' dir='ltr'>indi-</span> 
     </span>
     <span class='ocr_line' id='line_1_55' title="bbox 995 2204 1694 2244; baseline 0.006 -11"><span class='ocrx_word' id='word_1_408' title='bbox 995 2204 1093 2241; x_wconf 82' lang='lat' dir='ltr'>casti,</span> <span class='ocrx_word' id='word_1_409' title='bbox 1109 2205 1163 2233; x_wconf 85' lang='lat' dir='ltr'>vix</span> <span class='ocrx_word' id='word_1_410' title='bbox 1181 2205 1300 2234; x_wconf 84' lang='lat' dir='ltr'>aliter:</span> <span class='ocrx_word' id='word_1_411' title='bbox 1326 2214 1434 2244; x_wconf 85' lang='lat' dir='ltr'>neque</span> <span class='ocrx_word' id='word_1_412' title='bbox 1456 2206 1555 2235; x_wconf 85' lang='lat' dir='ltr'>aliter</span> <span class='ocrx_word' id='word_1_413' title='bbox 1574 2206 1694 2237; x_wconf 83' lang='lat' dir='ltr'>suadet</span> 
     </span>
     <span class='ocr_line' id='line_1_56' title="bbox 996 2251 1693 2295; baseline 0.007 -15"><span class='ocrx_word' id='word_1_414' title='bbox 996 2251 1099 2281; x_wconf 84' lang='lat' dir='ltr'>Ratio</span> <span class='ocrx_word' id='word_1_415' title='bbox 1116 2257 1151 2282; x_wconf 80' lang='lat' dir='ltr'>ct</span> <span class='ocrx_word' id='word_1_416' title='bbox 1166 2253 1308 2282; x_wconf 73' lang='lat' dir='ltr'>Veritas.</span> <span class='ocrx_word' id='word_1_417' title='bbox 1352 2253 1487 2283; x_wconf 70' lang='lat' dir='ltr'>jamdiu</span> <span class='ocrx_word' id='word_1_418' title='bbox 1506 2255 1620 2293; x_wconf 86' lang='lat' dir='ltr'>periit,</span> <span class='ocrx_word' id='word_1_419' title='bbox 1635 2254 1693 2295; x_wconf 87' lang='lat' dir='ltr'>qui</span> 
     </span>
     <span class='ocr_line' id='line_1_57' title="bbox 996 2302 1692 2341; baseline 0.004 -10"><span class='ocrx_word' id='word_1_420' title='bbox 996 2312 1015 2331; x_wconf 83' lang='lat' dir='ltr'>a</span> <span class='ocrx_word' id='word_1_421' title='bbox 1031 2302 1235 2340; x_wconf 73' lang='lat' dir='ltr'>cogitatione</span> <span class='ocrx_word' id='word_1_422' title='bbox 1259 2303 1448 2341; x_wconf 83' lang='lat' dir='ltr'>voluptaria</span> <span class='ocrx_word' id='word_1_423' title='bbox 1472 2308 1619 2333; x_wconf 75' lang='lat' dir='ltr'>mentem</span> <span class='ocrx_word' id='word_1_424' title='bbox 1642 2313 1692 2334; x_wconf 87' lang='lat' dir='ltr'>re-</span> 
     </span>
     <span class='ocr_line' id='line_1_58' title="bbox 998 2352 1691 2391; baseline 0.004 -10"><span class='ocrx_word' id='word_1_425' title='bbox 998 2361 1118 2381; x_wconf 79' lang='lat' dir='ltr'>vocare</span> <span class='ocrx_word' id='word_1_426' title='bbox 1134 2361 1195 2381; x_wconf 89' lang='lat' dir='ltr'>non</span> <span class='ocrx_word' id='word_1_427' title='bbox 1215 2352 1383 2390; x_wconf 78' lang='lat' dir='ltr'>potuerit:</span> <span class='ocrx_word' id='word_1_428' title='bbox 1410 2362 1518 2391; x_wconf 78' lang='lat' dir='ltr'>neque</span> <span class='ocrx_word' id='word_1_429' title='bbox 1533 2353 1564 2382; x_wconf 86' lang='lat' dir='ltr'>in</span> <span class='ocrx_word' id='word_1_430' title='bbox 1581 2353 1691 2384; x_wconf 82' lang='lat' dir='ltr'>medio</span> 
     </span>
     <span class='ocr_line' id='line_1_59' title="bbox 998 2401 1690 2441; baseline 0.006 -12"><span class='ocrx_word' id='word_1_431' title='bbox 998 2401 1189 2440; x_wconf 62' lang='lat' dir='ltr'>praecipitio</span> <span class='ocrx_word' id='word_1_432' title='bbox 1216 2401 1422 2438; x_wconf 84' lang='lat' dir='ltr'>constiterit,</span> <span class='ocrx_word' id='word_1_433' title='bbox 1439 2402 1493 2440; x_wconf 88' lang='lat' dir='ltr'>qui</span> <span class='ocrx_word' id='word_1_434' title='bbox 1513 2402 1632 2441; x_wconf 82' lang='lat' dir='ltr'>pedem</span> <span class='ocrx_word' id='word_1_435' title='bbox 1657 2403 1690 2433; x_wconf 87' lang='lat' dir='ltr'>in</span> 
     </span>
     <span class='ocr_line' id='line_1_60' title="bbox 995 2449 1508 2490; baseline 0 -11"><span class='ocrx_word' id='word_1_436' title='bbox 995 2449 1087 2479; x_wconf 82' lang='lat' dir='ltr'>aditu</span> <span class='ocrx_word' id='word_1_437' title='bbox 1107 2451 1289 2489; x_wconf 74' lang='lat' dir='ltr'>reprimere</span> <span class='ocrx_word' id='word_1_438' title='bbox 1308 2451 1508 2490; x_wconf 69' lang='lat' dir='ltr'>nequiverit.</span> 
     </span>
    </p>

    <p class='ocr_par' dir='ltr' id='par_1_21' title="bbox 993 2500 1690 2680">
     <span class='ocr_line' id='line_1_61' title="bbox 1038 2500 1690 2539; baseline 0.008 -10"><span class='ocrx_word' id='word_1_439' title='bbox 1038 2500 1182 2539; x_wconf 71' lang='lat' dir='ltr'>Discunt]</span> <span class='ocrx_word' id='word_1_440' title='bbox 1210 2501 1291 2530; x_wconf 76' lang='lat' dir='ltr'>Sese</span> <span class='ocrx_word' id='word_1_441' title='bbox 1303 2500 1458 2530; x_wconf 73' lang='lat' dir='ltr'>‹licitnon</span> <span class='ocrx_word' id='word_1_442' title='bbox 1475 2501 1557 2531; x_wconf 86' lang='lat' dir='ltr'>illud</span> <span class='ocrx_word' id='word_1_443' title='bbox 1571 2500 1690 2533; x_wconf 79' lang='lat' dir='ltr'>fecisse</span> 
     </span>
     <span class='ocr_line' id='line_1_62' title="bbox 995 2550 1690 2592; baseline 0.009 -14"><span class='ocrx_word' id='word_1_444' title='bbox 995 2550 1084 2589; x_wconf 88' lang='lat' dir='ltr'>quod</span> <span class='ocrx_word' id='word_1_445' title='bbox 1094 2550 1206 2580; x_wconf 79' lang='lat' dir='ltr'>suasit.</span> <span class='ocrx_word' id='word_1_446' title='bbox 1229 2550 1386 2580; x_wconf 74' lang='lat' dir='ltr'>Ceterum</span> <span class='ocrx_word' id='word_1_447' title='bbox 1397 2554 1431 2579; x_wconf 83' lang='lat' dir='ltr'>ct</span> <span class='ocrx_word' id='word_1_448' title='bbox 1440 2552 1567 2581; x_wconf 59' lang='lat' dir='ltr'>sundri-e</span> <span class='ocrx_word' id='word_1_449' title='bbox 1579 2551 1690 2592; x_wconf 85' lang='lat' dir='ltr'>ipsum</span> 
     </span>
     <span class='ocr_line' id='line_1_63' title="bbox 995 2598 1688 2643; baseline 0.009 -16"><span class='ocrx_word' id='word_1_450' title='bbox 995 2602 1046 2628; x_wconf 85' lang='lat' dir='ltr'>cst</span> <span class='ocrx_word' id='word_1_451' title='bbox 1064 2598 1096 2627; x_wconf 88' lang='lat' dir='ltr'>in</span> <span class='ocrx_word' id='word_1_452' title='bbox 1114 2598 1284 2629; x_wconf 84' lang='lat' dir='ltr'>moribus:</span> <span class='ocrx_word' id='word_1_453' title='bbox 1311 2603 1345 2630; x_wconf 85' lang='lat' dir='ltr'>ct</span> <span class='ocrx_word' id='word_1_454' title='bbox 1368 2599 1423 2630; x_wconf 82' lang='lat' dir='ltr'>ille</span> <span class='ocrx_word' id='word_1_455' title='bbox 1439 2600 1512 2639; x_wconf 78' lang='lat' dir='ltr'>jani</span> <span class='ocrx_word' id='word_1_456' title='bbox 1528 2599 1610 2633; x_wconf 82' lang='lat' dir='ltr'>fecit</span> <span class='ocrx_word' id='word_1_457' title='bbox 1630 2600 1688 2643; x_wconf 85' lang='lat' dir='ltr'>qui</span> 
     </span>
     <span class='ocr_line' id='line_1_64' title="bbox 993 2648 1128 2680; baseline 0 -1"><span class='ocrx_word' id='word_1_458' title='bbox 993 2648 1128 2680; x_wconf 77' lang='lat' dir='ltr'>amavit.</span> 
     </span>
    </p>
   </div>
  </div>
 </body>
</html>
